<?xml version="1.0" encoding="UTF-8"?>
<!DOCTYPE html PUBLIC "-//W3C//DTD XHTML 1.0 Transitional//EN"
    "http://www.w3.org/TR/xhtml1/DTD/xhtml1-transitional.dtd">
<html xmlns="http://www.w3.org/1999/xhtml" xml:lang="en" lang="en">
 <head>
  <title>
</title>
<meta http-equiv="Content-Type" content="text/html;charset=utf-8" />
  <meta name='ocr-system' content='tesseract 3.04.00' />
  <meta name='ocr-capabilities' content='ocr_page ocr_carea ocr_par ocr_line ocrx_word'/>
</head>
<body>
  <div class='ocr_page' id='page_1' title='image "./operaquaesupers08halmgoog/operaquaesupers08halmgoog_0398.png"; bbox 0 0 3800 7350; ppageno 0'>
   <div class='ocr_carea' id='block_1_1' title="bbox 306 1158 1224 1232">
    <p class='ocr_par' dir='ltr' id='par_1_1' title="bbox 306 1158 1224 1232">
     <span class='ocr_line' id='line_1_1' title="bbox 306 1158 1224 1232; baseline 0.004 -5"><span class='ocrx_word' id='word_1_1' title='bbox 306 1158 388 1229; x_wconf 74' lang='grc'><strong>4420</strong></span> <span class='ocrx_word' id='word_1_2' title='bbox 685 1164 849 1232; x_wconf 70' lang='lat' dir='ltr'><strong>ortano</strong></span> <span class='ocrx_word' id='word_1_3' title='bbox 869 1166 948 1232; x_wconf 83' lang='lat' dir='ltr'><strong>PRO</strong></span> <span class='ocrx_word' id='word_1_4' title='bbox 971 1166 1032 1232; x_wconf 80' lang='lat' dir='ltr'><strong>cu.</strong></span> <span class='ocrx_word' id='word_1_5' title='bbox 1053 1166 1224 1232; x_wconf 75' lang='lat' dir='ltr'>PLANCIO</span> 
     </span>
    </p>
   </div>
   <div class='ocr_carea' id='block_1_2' title="bbox 262 1332 1695 4522">
    <p class='ocr_par' dir='ltr' id='par_1_2' title="bbox 262 1332 1695 4522">
     <span class='ocr_line' id='line_1_2' title="bbox 304 1332 1620 1419; baseline 0.001 -21"><span class='ocrx_word' id='word_1_6' title='bbox 304 1342 380 1398; x_wconf 90' lang='lat' dir='ltr'><strong>tear.</strong></span> <span class='ocrx_word' id='word_1_7' title='bbox 411 1334 467 1408; x_wconf 88' lang='lat' dir='ltr'><strong>Et,</strong></span> <span class='ocrx_word' id='word_1_8' title='bbox 489 1332 639 1415; x_wconf 89' lang='lat' dir='ltr'><strong>quoniam</strong></span> <span class='ocrx_word' id='word_1_9' title='bbox 661 1340 715 1396; x_wconf 90' lang='lat' dir='ltr'><strong>tua</strong></span> <span class='ocrx_word' id='word_1_10' title='bbox 736 1333 798 1398; x_wconf 88' lang='lat' dir='ltr'><strong>iuit</strong></span> <span class='ocrx_word' id='word_1_11' title='bbox 817 1335 1003 1419; x_wconf 78' lang='lat' dir='ltr'><strong>perelegans</strong></span> <span class='ocrx_word' id='word_1_12' title='bbox 1018 1344 1050 1399; x_wconf 93' lang='lat' dir='ltr'><strong>et</strong></span> <span class='ocrx_word' id='word_1_13' title='bbox 1067 1336 1246 1419; x_wconf 78' lang='lat' dir='ltr'><strong>persubtilis</strong></span> <span class='ocrx_word' id='word_1_14' title='bbox 1262 1336 1371 1410; x_wconf 91' lang='lat' dir='ltr'><strong>oratio,</strong></span> <span class='ocrx_word' id='word_1_15' title='bbox 1394 1336 1489 1418; x_wconf 92' lang='lat' dir='ltr'><strong>digna</strong></span> <span class='ocrx_word' id='word_1_16' title='bbox 1503 1337 1620 1419; x_wconf 91' lang='lat' dir='ltr'><strong>equitis</strong></span> 
     </span>
     <span class='ocr_line' id='line_1_3' title="bbox 303 1425 1621 1514; baseline 0.001 -24"><span class='ocrx_word' id='word_1_17' title='bbox 303 1426 435 1490; x_wconf 83' lang='lat' dir='ltr'><strong>Romani</strong></span> <span class='ocrx_word' id='word_1_18' title='bbox 461 1426 510 1488; x_wconf 87' lang='lat' dir='ltr'><strong>vel</strong></span> <span class='ocrx_word' id='word_1_19' title='bbox 539 1425 643 1490; x_wconf 91' lang='lat' dir='ltr'><strong>studio</strong></span> <span class='ocrx_word' id='word_1_20' title='bbox 668 1426 719 1490; x_wconf 88' lang='lat' dir='ltr'><strong>vel</strong></span> <span class='ocrx_word' id='word_1_21' title='bbox 747 1430 884 1510; x_wconf 90' lang='lat' dir='ltr'><strong>pudore,</strong></span> <span class='ocrx_word' id='word_1_22' title='bbox 913 1429 1129 1514; x_wconf 84' lang='lat' dir='ltr'><strong>quoniamque</strong></span> <span class='ocrx_word' id='word_1_23' title='bbox 1156 1430 1201 1492; x_wconf 94' lang='lat' dir='ltr'><strong>sic</strong></span> <span class='ocrx_word' id='word_1_24' title='bbox 1223 1430 1262 1492; x_wconf 90' lang='lat' dir='ltr'><strong>ab</strong></span> <span class='ocrx_word' id='word_1_25' title='bbox 1283 1429 1333 1493; x_wconf 93' lang='lat' dir='ltr'><strong>bis</strong></span> <span class='ocrx_word' id='word_1_26' title='bbox 1356 1450 1389 1493; x_wconf 93' lang='lat' dir='ltr'><strong>es</strong></span> <span class='ocrx_word' id='word_1_27' title='bbox 1411 1430 1557 1503; x_wconf 90' lang='lat' dir='ltr'><strong>auditus,</strong></span> <span class='ocrx_word' id='word_1_28' title='bbox 1585 1436 1621 1492; x_wconf 95' lang='lat' dir='ltr'><strong>ut</strong></span> 
     </span>
     <span class='ocr_line' id='line_1_4' title="bbox 304 1519 1620 1606; baseline 0 -23"><span class='ocrx_word' id='word_1_29' title='bbox 304 1540 435 1603; x_wconf 90' lang='lat' dir='ltr'><strong>magnus</strong></span> <span class='ocrx_word' id='word_1_30' title='bbox 456 1519 556 1582; x_wconf 88' lang='lat' dir='ltr'><strong>bonos</strong></span> <span class='ocrx_word' id='word_1_31' title='bbox 579 1528 612 1582; x_wconf 92' lang='lat' dir='ltr'><strong>et</strong></span> <span class='ocrx_word' id='word_1_32' title='bbox 632 1520 758 1604; x_wconf 89' lang='lat' dir='ltr'><strong>ingenio</strong></span> <span class='ocrx_word' id='word_1_33' title='bbox 781 1529 813 1584; x_wconf 94' lang='lat' dir='ltr'><strong>et</strong></span> <span class='ocrx_word' id='word_1_34' title='bbox 833 1523 1020 1586; x_wconf 77' lang='lat' dir='ltr'><strong>humanitati</strong></span> <span class='ocrx_word' id='word_1_35' title='bbox 1045 1529 1116 1585; x_wconf 90' lang='lat' dir='ltr'><strong>tuae</strong></span> <span class='ocrx_word' id='word_1_36' title='bbox 1139 1523 1345 1596; x_wconf 75' lang='lat' dir='ltr'><strong>tribueretur,</strong></span> <span class='ocrx_word' id='word_1_37' title='bbox 1367 1522 1565 1606; x_wconf 85' lang='lat' dir='ltr'><strong>respondebo</strong></span> <span class='ocrx_word' id='word_1_38' title='bbox 1580 1521 1620 1585; x_wconf 93' lang='lat' dir='ltr'><strong>ad</strong></span> 
     </span>
     <span class='ocr_line' id='line_1_5' title="bbox 303 1613 1620 1699; baseline 0.001 -20"><span class='ocrx_word' id='word_1_39' title='bbox 303 1635 358 1691; x_wconf 91' lang='lat' dir='ltr'><strong>ea,</strong></span> <span class='ocrx_word' id='word_1_40' title='bbox 391 1633 472 1698; x_wconf 89' lang='lat' dir='ltr'><strong>quae</strong></span> <span class='ocrx_word' id='word_1_41' title='bbox 501 1613 627 1689; x_wconf 84' lang='lat' dir='ltr'><strong>dixisti,</strong></span> <span class='ocrx_word' id='word_1_42' title='bbox 660 1634 740 1698; x_wconf 90' lang='lat' dir='ltr'><strong>quae</strong></span> <span class='ocrx_word' id='word_1_43' title='bbox 768 1616 920 1699; x_wconf 87' lang='lat' dir='ltr'><strong>pleraque</strong></span> <span class='ocrx_word' id='word_1_44' title='bbox 948 1616 987 1679; x_wconf 93' lang='lat' dir='ltr'><strong>de</strong></span> <span class='ocrx_word' id='word_1_45' title='bbox 1016 1616 1087 1698; x_wconf 92' lang='lat' dir='ltr'><strong>ipso</strong></span> <span class='ocrx_word' id='word_1_46' title='bbox 1118 1637 1168 1679; x_wconf 90' lang='lat' dir='ltr'><strong>me</strong></span> <span class='ocrx_word' id='word_1_47' title='bbox 1190 1615 1333 1679; x_wconf 83' lang='lat' dir='ltr'><strong>fuerunt:</strong></span> <span class='ocrx_word' id='word_1_48' title='bbox 1366 1617 1398 1678; x_wconf 94' lang='lat' dir='ltr'><strong>in</strong></span> <span class='ocrx_word' id='word_1_49' title='bbox 1420 1616 1537 1699; x_wconf 94' lang='lat' dir='ltr'><strong>quibus</strong></span> <span class='ocrx_word' id='word_1_50' title='bbox 1558 1617 1620 1699; x_wconf 90' lang='lat' dir='ltr'><strong>ipsi</strong></span> 
     </span>
     <span class='ocr_line' id='line_1_6' title="bbox 279 1707 1619 1791; baseline -0.001 -18"><span class='ocrx_word' id='word_1_51' title='bbox 279 1708 422 1783; x_wconf 84' lang='lat' dir='ltr'><strong>eaculei,</strong></span> <span class='ocrx_word' id='word_1_52' title='bbox 452 1709 479 1771; x_wconf 93' lang='lat' dir='ltr'><strong>si</strong></span> <span class='ocrx_word' id='word_1_53' title='bbox 506 1727 585 1790; x_wconf 94' lang='lat' dir='ltr'><strong>quos</strong></span> <span class='ocrx_word' id='word_1_54' title='bbox 606 1707 742 1771; x_wconf 88' lang='lat' dir='ltr'><strong>babuisti</strong></span> <span class='ocrx_word' id='word_1_55' title='bbox 763 1709 796 1771; x_wconf 92' lang='lat' dir='ltr'><strong>in</strong></span> <span class='ocrx_word' id='word_1_56' title='bbox 816 1728 867 1772; x_wconf 91' lang='lat' dir='ltr'><strong>me</strong></span> <span class='ocrx_word' id='word_1_57' title='bbox 888 1709 1164 1791; x_wconf 89' lang='lat' dir='ltr'><strong>reprehendendo,</strong></span> <span class='ocrx_word' id='word_1_58' title='bbox 1195 1717 1299 1774; x_wconf 70' lang='lat' dir='ltr'><strong>maren</strong></span> <span class='ocrx_word' id='word_1_59' title='bbox 1323 1710 1399 1771; x_wconf 92' lang='lat' dir='ltr'><strong>mibi</strong></span> <span class='ocrx_word' id='word_1_60' title='bbox 1421 1728 1485 1771; x_wconf 93' lang='lat' dir='ltr'><strong>non</strong></span> <span class='ocrx_word' id='word_1_61' title='bbox 1506 1709 1619 1791; x_wconf 77' lang='lat' dir='ltr'><strong>ingrati</strong></span> 
     </span>
     <span class='ocr_line' id='line_1_7' title="bbox 302 1798 1619 1886; baseline -0.002 -21"><span class='ocrx_word' id='word_1_62' title='bbox 302 1802 491 1867; x_wconf 82' lang='lat' dir='ltr'><strong>acciderunt</strong></span> <span class='ocrx_word' id='word_1_63' title='bbox 533 1798 584 1863; x_wconf 83' lang='lat'><strong>59.</strong></span> <span class='ocrx_word' id='word_1_64' title='bbox 606 1801 782 1877; x_wconf 86' lang='lat' dir='ltr'><strong>Quaesisti,</strong></span> <span class='ocrx_word' id='word_1_65' title='bbox 810 1811 912 1866; x_wconf 77' lang='lat' dir='ltr'><strong>uuum</strong></span> <span class='ocrx_word' id='word_1_66' title='bbox 942 1803 1020 1865; x_wconf 91' lang='lat' dir='ltr'><strong>mibi</strong></span> <span class='ocrx_word' id='word_1_67' title='bbox 1052 1810 1211 1886; x_wconf 88' lang='lat' dir='ltr'><strong>putarem,</strong></span> <span class='ocrx_word' id='word_1_68' title='bbox 1240 1804 1355 1885; x_wconf 90' lang='lat' dir='ltr'><strong>equitis</strong></span> <span class='ocrx_word' id='word_1_69' title='bbox 1385 1802 1516 1865; x_wconf 80' lang='lat' dir='ltr'><strong>ltomani</strong></span> <span class='ocrx_word' id='word_1_70' title='bbox 1544 1799 1619 1876; x_wconf 84' lang='lat' dir='ltr'><strong>iilic,</strong></span> 
     </span>
     <span class='ocr_line' id='line_1_8' title="bbox 300 1892 1619 1977; baseline 0 -18"><span class='ocrx_word' id='word_1_71' title='bbox 300 1895 472 1960; x_wconf 82' lang='lat' dir='ltr'><strong>faciliorem</strong></span> <span class='ocrx_word' id='word_1_72' title='bbox 503 1894 602 1958; x_wconf 89' lang='lat' dir='ltr'><strong>iuisse</strong></span> <span class='ocrx_word' id='word_1_73' title='bbox 633 1894 672 1957; x_wconf 90' lang='lat' dir='ltr'><strong>ad</strong></span> <span class='ocrx_word' id='word_1_74' title='bbox 705 1894 926 1977; x_wconf 90' lang='lat' dir='ltr'><strong>adipiscendos</strong></span> <span class='ocrx_word' id='word_1_75' title='bbox 953 1896 1090 1960; x_wconf 89' lang='lat' dir='ltr'><strong>bonores</strong></span> <span class='ocrx_word' id='word_1_76' title='bbox 1117 1897 1200 1960; x_wconf 72' lang='lat' dir='ltr'><strong>dam</strong></span> <span class='ocrx_word' id='word_1_77' title='bbox 1229 1918 1270 1960; x_wconf 89' lang='lat' dir='ltr'><strong>an</strong></span> <span class='ocrx_word' id='word_1_78' title='bbox 1303 1896 1438 1960; x_wconf 82' lang='lat' dir='ltr'><strong>futuram</strong></span> <span class='ocrx_word' id='word_1_79' title='bbox 1461 1916 1531 1959; x_wconf 89' lang='lat' dir='ltr'><strong>esse</strong></span> <span class='ocrx_word' id='word_1_80' title='bbox 1553 1892 1619 1959; x_wconf 86' lang='lat' dir='ltr'><strong>tilio</strong></span> 
     </span>
     <span class='ocr_line' id='line_1_9' title="bbox 300 1987 1618 2074; baseline -0.002 -20"><span class='ocrx_word' id='word_1_81' title='bbox 300 2010 389 2064; x_wconf 88' lang='lat' dir='ltr'><strong>meo,</strong></span> <span class='ocrx_word' id='word_1_82' title='bbox 411 1991 485 2073; x_wconf 93' lang='lat' dir='ltr'><strong>quia</strong></span> <span class='ocrx_word' id='word_1_83' title='bbox 506 1995 590 2052; x_wconf 89' lang='lat' dir='ltr'><strong>esset</strong></span> <span class='ocrx_word' id='word_1_84' title='bbox 609 1987 729 2052; x_wconf 86' lang='lat' dir='ltr'><strong>iamilia</strong></span> <span class='ocrx_word' id='word_1_85' title='bbox 749 1987 915 2051; x_wconf 90' lang='lat' dir='ltr'><strong>consulari.</strong></span> <span class='ocrx_word' id='word_1_86' title='bbox 951 1990 1019 2071; x_wconf 87' lang='lat' dir='ltr'><strong>Ego</strong></span> <span class='ocrx_word' id='word_1_87' title='bbox 1040 2009 1125 2064; x_wconf 84' lang='lat' dir='ltr'><strong>sero,</strong></span> <span class='ocrx_word' id='word_1_88' title='bbox 1147 2010 1337 2074; x_wconf 90' lang='lat' dir='ltr'><strong>quamquam</strong></span> <span class='ocrx_word' id='word_1_89' title='bbox 1351 1990 1398 2052; x_wconf 94' lang='lat' dir='ltr'><strong>illi</strong></span> <span class='ocrx_word' id='word_1_90' title='bbox 1415 1990 1520 2052; x_wconf 92' lang='lat' dir='ltr'><strong>omnia</strong></span> <span class='ocrx_word' id='word_1_91' title='bbox 1535 1990 1618 2052; x_wconf 91' lang='lat' dir='ltr'><strong>malo</strong></span> 
     </span>
     <span class='ocr_line' id='line_1_10' title="bbox 301 2081 1618 2169; baseline -0.002 -23"><span class='ocrx_word' id='word_1_92' title='bbox 301 2104 395 2169; x_wconf 91' lang='lat' dir='ltr'><strong>quam</strong></span> <span class='ocrx_word' id='word_1_93' title='bbox 419 2083 510 2159; x_wconf 90' lang='lat' dir='ltr'><strong>mibi,</strong></span> <span class='ocrx_word' id='word_1_94' title='bbox 532 2090 639 2147; x_wconf 90' lang='lat' dir='ltr'><strong>tamen</strong></span> <span class='ocrx_word' id='word_1_95' title='bbox 658 2082 812 2146; x_wconf 88' lang='lat' dir='ltr'><strong>bonorum</strong></span> <span class='ocrx_word' id='word_1_96' title='bbox 834 2081 937 2145; x_wconf 92' lang='lat' dir='ltr'><strong>aditus</strong></span> <span class='ocrx_word' id='word_1_97' title='bbox 955 2102 1126 2166; x_wconf 88' lang='lat' dir='ltr'><strong>numquam</strong></span> <span class='ocrx_word' id='word_1_98' title='bbox 1144 2084 1190 2146; x_wconf 93' lang='lat' dir='ltr'><strong>illi</strong></span> <span class='ocrx_word' id='word_1_99' title='bbox 1205 2084 1361 2148; x_wconf 82' lang='lat' dir='ltr'><strong>faciliores</strong></span> <span class='ocrx_word' id='word_1_100' title='bbox 1377 2085 1500 2166; x_wconf 84' lang='lat' dir='ltr'><strong>optavi,</strong></span> <span class='ocrx_word' id='word_1_101' title='bbox 1524 2102 1618 2165; x_wconf 92' lang='lat' dir='ltr'><strong>quam</strong></span> 
     </span>
     <span class='ocr_line' id='line_1_11' title="bbox 263 2175 1617 2261; baseline -0.002 -17"><span class='ocrx_word' id='word_1_102' title='bbox 263 2178 377 2244; x_wconf 85' lang='lat' dir='ltr'><strong>tomibi</strong></span> <span class='ocrx_word' id='word_1_103' title='bbox 403 2176 540 2240; x_wconf 82' lang='lat' dir='ltr'><strong>fuerunt.</strong></span> <span class='ocrx_word' id='word_1_104' title='bbox 581 2175 667 2252; x_wconf 86' lang='lat' dir='ltr'><strong>Quin</strong></span> <span class='ocrx_word' id='word_1_105' title='bbox 694 2176 805 2250; x_wconf 89' lang='lat' dir='ltr'><strong>etiam,</strong></span> <span class='ocrx_word' id='word_1_106' title='bbox 834 2196 875 2239; x_wconf 92' lang='lat' dir='ltr'><strong>ne</strong></span> <span class='ocrx_word' id='word_1_107' title='bbox 903 2176 983 2241; x_wconf 88' lang='lat' dir='ltr'><strong>iorte</strong></span> <span class='ocrx_word' id='word_1_108' title='bbox 1013 2176 1067 2240; x_wconf 94' lang='lat' dir='ltr'><strong>ille</strong></span> <span class='ocrx_word' id='word_1_109' title='bbox 1089 2178 1147 2240; x_wconf 87' lang='lat' dir='ltr'><strong>sibi</strong></span> <span class='ocrx_word' id='word_1_110' title='bbox 1170 2197 1219 2240; x_wconf 94' lang='lat' dir='ltr'><strong>me</strong></span> <span class='ocrx_word' id='word_1_111' title='bbox 1242 2179 1349 2260; x_wconf 90' lang='lat' dir='ltr'><strong>potius</strong></span> <span class='ocrx_word' id='word_1_112' title='bbox 1371 2179 1534 2261; x_wconf 86' lang='lat' dir='ltr'><strong>peperisse</strong></span> <span class='ocrx_word' id='word_1_113' title='bbox 1555 2179 1617 2241; x_wconf 93' lang='lat' dir='ltr'><strong>iam</strong></span> 
     </span>
     <span class='ocr_line' id='line_1_12' title="bbox 300 2269 1616 2355; baseline -0.001 -21"><span class='ocrx_word' id='word_1_114' title='bbox 300 2270 437 2335; x_wconf 91' lang='lat' dir='ltr'><strong>bonores</strong></span> <span class='ocrx_word' id='word_1_115' title='bbox 468 2290 562 2355; x_wconf 86' lang='lat' dir='ltr'><strong>quarn</strong></span> <span class='ocrx_word' id='word_1_116' title='bbox 590 2270 651 2333; x_wconf 89' lang='lat' dir='ltr'><strong>iter</strong></span> <span class='ocrx_word' id='word_1_117' title='bbox 672 2270 902 2332; x_wconf 80' lang='lat' dir='ltr'><strong>demonstrasse</strong></span> <span class='ocrx_word' id='word_1_118' title='bbox 927 2269 1206 2352; x_wconf 91' lang='lat' dir='ltr'><strong>adipiscendorum</strong></span> <span class='ocrx_word' id='word_1_119' title='bbox 1227 2279 1330 2354; x_wconf 92' lang='lat' dir='ltr'><strong>putet,</strong></span> <span class='ocrx_word' id='word_1_120' title='bbox 1359 2272 1439 2335; x_wconf 91' lang='lat' dir='ltr'><strong>baec</strong></span> <span class='ocrx_word' id='word_1_121' title='bbox 1460 2270 1508 2333; x_wconf 93' lang='lat' dir='ltr'><strong>illi</strong></span> <span class='ocrx_word' id='word_1_122' title='bbox 1530 2270 1616 2334; x_wconf 92' lang='lat' dir='ltr'><strong>soleo</strong></span> 
     </span>
     <span class='ocr_line' id='line_1_13' title="bbox 299 2362 1616 2451; baseline -0.004 -20"><span class='ocrx_word' id='word_1_123' title='bbox 299 2366 480 2451; x_wconf 79' lang='lat' dir='ltr'><strong>praecipere</strong></span> <span class='ocrx_word' id='word_1_124' title='bbox 507 2383 760 2447; x_wconf 92' lang='lat' dir='ltr'><strong>-quamquam</strong></span> <span class='ocrx_word' id='word_1_125' title='bbox 787 2362 827 2425; x_wconf 89' lang='lat' dir='ltr'><strong>ad</strong></span> <span class='ocrx_word' id='word_1_126' title='bbox 853 2371 1023 2446; x_wconf 88' lang='lat' dir='ltr'><strong>praecepta</strong></span> <span class='ocrx_word' id='word_1_127' title='bbox 1049 2370 1134 2427; x_wconf 89' lang='lat' dir='ltr'><strong>aetas</strong></span> <span class='ocrx_word' id='word_1_128' title='bbox 1162 2383 1226 2427; x_wconf 90' lang='lat' dir='ltr'><strong>non</strong></span> <span class='ocrx_word' id='word_1_129' title='bbox 1255 2372 1304 2428; x_wconf 91' lang='lat' dir='ltr'><strong>est</strong></span> <span class='ocrx_word' id='word_1_130' title='bbox 1324 2368 1426 2447; x_wconf 89' lang='lat' dir='ltr'><strong>gravis</strong></span> <span class='ocrx_word' id='word_1_131' title='bbox 1447 2398 1505 2439; x_wconf 91' lang='lat'><strong>-,</strong></span> <span class='ocrx_word' id='word_1_132' title='bbox 1535 2384 1616 2448; x_wconf 91' lang='lat' dir='ltr'><strong>quae</strong></span> 
     </span>
     <span class='ocr_line' id='line_1_14' title="bbox 300 2453 970 2540; baseline -0.007 -16"><span class='ocrx_word' id='word_1_133' title='bbox 300 2460 355 2524; x_wconf 92' lang='lat' dir='ltr'><strong>ille</strong></span> <span class='ocrx_word' id='word_1_134' title='bbox 377 2478 397 2523; x_wconf 90' lang='lat' dir='ltr'><strong>a</strong></span> <span class='ocrx_word' id='word_1_135' title='bbox 417 2460 491 2523; x_wconf 79' lang='lat' dir='ltr'><strong>love</strong></span> <span class='ocrx_word' id='word_1_136' title='bbox 513 2465 600 2521; x_wconf 90' lang='lat' dir='ltr'><strong>ortus</strong></span> <span class='ocrx_word' id='word_1_137' title='bbox 621 2456 687 2520; x_wconf 92' lang='lat' dir='ltr'><strong>suis</strong></span> <span class='ocrx_word' id='word_1_138' title='bbox 708 2455 859 2540; x_wconf 85' lang='lat' dir='ltr'><strong>praecipit</strong></span> <span class='ocrx_word' id='word_1_139' title='bbox 878 2453 970 2519; x_wconf 88' lang='lat' dir='ltr'><strong>liliis:</strong></span> 
     </span>
     <span class='ocr_line' id='line_1_15' title="bbox 466 2549 1501 2633; baseline 0 -23"><span class='ocrx_word' id='word_1_140' title='bbox 466 2549 684 2633; x_wconf 75' lang='lat' dir='ltr'><strong>«vigilandum</strong></span> <span class='ocrx_word' id='word_1_141' title='bbox 709 2557 757 2613; x_wconf 92' lang='lat' dir='ltr'><strong>est</strong></span> <span class='ocrx_word' id='word_1_142' title='bbox 777 2569 916 2632; x_wconf 86' lang='lat' dir='ltr'><strong>semper:</strong></span> <span class='ocrx_word' id='word_1_143' title='bbox 937 2549 1054 2613; x_wconf 91' lang='lat' dir='ltr'><strong>multae</strong></span> <span class='ocrx_word' id='word_1_144' title='bbox 1074 2549 1210 2614; x_wconf 90' lang='lat' dir='ltr'><strong>insidiae</strong></span> <span class='ocrx_word' id='word_1_145' title='bbox 1232 2558 1306 2614; x_wconf 91' lang='lat' dir='ltr'><strong>sunt</strong></span> <span class='ocrx_word' id='word_1_146' title='bbox 1327 2552 1448 2616; x_wconf 77' lang='lat' dir='ltr'><strong>bonis.»</strong></span> <span class='ocrx_word' id='word_1_147' title='bbox 1499 2580 1501 2584; x_wconf 16' lang='grc' dir='ltr'><em>Α</em></span> 
     </span>
     <span class='ocr_line' id='line_1_16' title="bbox 265 2645 693 2716; baseline -0.016 -4"><span class='ocrx_word' id='word_1_148' title='bbox 265 2650 403 2716; x_wconf 82' lang='lat' dir='ltr'><strong>teliostis</strong></span> <span class='ocrx_word' id='word_1_149' title='bbox 424 2654 542 2711; x_wconf 84' lang='lat' dir='ltr'><strong>cetere:</strong></span> <span class='ocrx_word' id='word_1_150' title='bbox 564 2645 693 2708; x_wconf 82' lang='lat' dir='ltr'><strong>nonnet</strong></span> 
     </span>
     <span class='ocr_line' id='line_1_17' title="bbox 699 2737 1205 2821; baseline 0.002 -24"><span class='ocrx_word' id='word_1_151' title='bbox 699 2737 760 2800; x_wconf 80' lang='lat' dir='ltr'><strong>sid</strong></span> <span class='ocrx_word' id='word_1_152' title='bbox 782 2738 868 2821; x_wconf 92' lang='lat' dir='ltr'><strong>quod</strong></span> <span class='ocrx_word' id='word_1_153' title='bbox 889 2738 979 2802; x_wconf 92' lang='lat' dir='ltr'><strong>multi</strong></span> <span class='ocrx_word' id='word_1_154' title='bbox 998 2737 1205 2803; x_wconf 77' lang='lat' dir='ltr'><strong>invideantts</strong></span> 
     </span>
     <span class='ocr_line' id='line_1_18' title="bbox 301 2832 1616 2925; baseline -0.004 -22"><span class='ocrx_word' id='word_1_155' title='bbox 301 2858 383 2925; x_wconf 90' lang='lat' dir='ltr'><strong>quae</strong></span> <span class='ocrx_word' id='word_1_156' title='bbox 413 2836 537 2920; x_wconf 89' lang='lat' dir='ltr'><strong>scripsit</strong></span> <span class='ocrx_word' id='word_1_157' title='bbox 567 2834 670 2919; x_wconf 87' lang='lat' dir='ltr'><strong>gravis</strong></span> <span class='ocrx_word' id='word_1_158' title='bbox 698 2840 730 2896; x_wconf 90' lang='lat' dir='ltr'><strong>et</strong></span> <span class='ocrx_word' id='word_1_159' title='bbox 755 2832 938 2915; x_wconf 87' lang='lat' dir='ltr'><strong>ingeniosus</strong></span> <span class='ocrx_word' id='word_1_160' title='bbox 965 2840 1077 2916; x_wconf 74' lang='lat' dir='ltr'><strong>poeta,</strong></span> <span class='ocrx_word' id='word_1_161' title='bbox 1110 2833 1236 2918; x_wconf 87' lang='lat' dir='ltr'><strong>scripsit</strong></span> <span class='ocrx_word' id='word_1_162' title='bbox 1263 2854 1328 2896; x_wconf 93' lang='lat' dir='ltr'><strong>non</strong></span> <span class='ocrx_word' id='word_1_163' title='bbox 1355 2843 1391 2899; x_wconf 91' lang='lat' dir='ltr'><strong>ut</strong></span> <span class='ocrx_word' id='word_1_164' title='bbox 1418 2833 1490 2897; x_wconf 92' lang='lat' dir='ltr'><strong>illos</strong></span> <span class='ocrx_word' id='word_1_165' title='bbox 1511 2835 1616 2918; x_wconf 90' lang='lat' dir='ltr'><strong>regios</strong></span> 
     </span>
     <span class='ocr_line' id='line_1_19' title="bbox 299 2925 1617 3017; baseline -0.002 -21"><span class='ocrx_word' id='word_1_166' title='bbox 299 2951 432 3017; x_wconf 89' lang='lat' dir='ltr'><strong>pueros,</strong></span> <span class='ocrx_word' id='word_1_167' title='bbox 453 2931 509 3014; x_wconf 94' lang='lat' dir='ltr'><strong>qui</strong></span> <span class='ocrx_word' id='word_1_168' title='bbox 530 2930 592 2993; x_wconf 91' lang='lat' dir='ltr'><strong>iam</strong></span> <span class='ocrx_word' id='word_1_169' title='bbox 613 2945 770 3010; x_wconf 90' lang='lat' dir='ltr'><strong>nusquam</strong></span> <span class='ocrx_word' id='word_1_170' title='bbox 791 2932 896 2999; x_wconf 88' lang='lat' dir='ltr'><strong>eraut,</strong></span> <span class='ocrx_word' id='word_1_171' title='bbox 918 2925 975 2988; x_wconf 90' lang='lat' dir='ltr'><strong>sed</strong></span> <span class='ocrx_word' id='word_1_172' title='bbox 996 2934 1032 2990; x_wconf 90' lang='lat' dir='ltr'><strong>ut</strong></span> <span class='ocrx_word' id='word_1_173' title='bbox 1053 2947 1112 2990; x_wconf 91' lang='lat' dir='ltr'><strong>nos</strong></span> <span class='ocrx_word' id='word_1_174' title='bbox 1134 2934 1166 2989; x_wconf 93' lang='lat' dir='ltr'><strong>et</strong></span> <span class='ocrx_word' id='word_1_175' title='bbox 1187 2933 1313 2991; x_wconf 88' lang='lat' dir='ltr'><strong>nostros</strong></span> <span class='ocrx_word' id='word_1_176' title='bbox 1335 2927 1452 2991; x_wconf 90' lang='lat' dir='ltr'><strong>liberos</strong></span> <span class='ocrx_word' id='word_1_177' title='bbox 1466 2929 1506 2992; x_wconf 93' lang='lat' dir='ltr'><strong>ad</strong></span> <span class='ocrx_word' id='word_1_178' title='bbox 1529 2930 1617 2993; x_wconf 89' lang='lat' dir='ltr'><strong>labo·</strong></span> 
     </span>
     <span class='ocr_line' id='line_1_20' title="bbox 298 3014 1616 3107; baseline -0.003 -16"><span class='ocrx_word' id='word_1_179' title='bbox 298 3045 366 3091; x_wconf 88' lang='lat' dir='ltr'><strong>rem</strong></span> <span class='ocrx_word' id='word_1_180' title='bbox 387 3033 420 3089; x_wconf 94' lang='lat' dir='ltr'><strong>et</strong></span> <span class='ocrx_word' id='word_1_181' title='bbox 440 3024 479 3087; x_wconf 89' lang='lat' dir='ltr'><strong>ad</strong></span> <span class='ocrx_word' id='word_1_182' title='bbox 501 3023 627 3086; x_wconf 93' lang='lat' dir='ltr'><strong>laudem</strong></span> <span class='ocrx_word' id='word_1_183' title='bbox 649 3020 808 3083; x_wconf 83' lang='lat' dir='ltr'><strong>excitaret.</strong></span> <span class='ocrx_word' id='word_1_184' title='bbox 850 3014 901 3080; x_wconf 85' lang='grc'><strong>60.</strong></span> <span class='ocrx_word' id='word_1_185' title='bbox 923 3020 1074 3095; x_wconf 88' lang='lat' dir='ltr'><strong>Quaeris,</strong></span> <span class='ocrx_word' id='word_1_186' title='bbox 1095 3018 1171 3104; x_wconf 93' lang='lat' dir='ltr'><strong>qnid</strong></span> <span class='ocrx_word' id='word_1_187' title='bbox 1185 3020 1324 3103; x_wconf 87' lang='lat' dir='ltr'><strong>potuerit</strong></span> <span class='ocrx_word' id='word_1_188' title='bbox 1337 3021 1473 3103; x_wconf 87' lang='lat' dir='ltr'><strong>amplius</strong></span> <span class='ocrx_word' id='word_1_189' title='bbox 1488 3025 1616 3107; x_wconf 89' lang='lat' dir='ltr'><strong>assequi</strong></span> 
     </span>
     <span class='ocr_line' id='line_1_21' title="bbox 262 3107 1695 3201; baseline -0.002 -14"><span class='ocrx_word' id='word_1_190' title='bbox 262 3120 458 3194; x_wconf 57' lang='lat' dir='ltr'><strong>”Plancium</strong></span> <span class='ocrx_word' id='word_1_191' title='bbox 480 3117 507 3181; x_wconf 92' lang='lat' dir='ltr'><strong>si</strong></span> <span class='ocrx_word' id='word_1_192' title='bbox 530 3116 586 3180; x_wconf 85' lang='lat' dir='ltr'><strong>Cn.</strong></span> <span class='ocrx_word' id='word_1_193' title='bbox 608 3113 762 3196; x_wconf 90' lang='lat' dir='ltr'><strong>Scipionis</strong></span> <span class='ocrx_word' id='word_1_194' title='bbox 782 3110 895 3175; x_wconf 79' lang='lat' dir='ltr'><strong>fuisset</strong></span> <span class='ocrx_word' id='word_1_195' title='bbox 915 3107 1008 3175; x_wconf 87' lang='lat' dir='ltr'><strong>lilius.</strong></span> <span class='ocrx_word' id='word_1_196' title='bbox 1042 3112 1142 3194; x_wconf 83' lang='lat' dir='ltr'><strong>Magis</strong></span> <span class='ocrx_word' id='word_1_197' title='bbox 1163 3113 1274 3176; x_wconf 90' lang='lat' dir='ltr'><strong>aedilis</strong></span> <span class='ocrx_word' id='word_1_198' title='bbox 1289 3110 1356 3177; x_wconf 89' lang='lat' dir='ltr'><strong>lieri</strong></span> <span class='ocrx_word' id='word_1_199' title='bbox 1370 3134 1435 3179; x_wconf 91' lang='lat' dir='ltr'><strong>nou</strong></span> <span class='ocrx_word' id='word_1_200' title='bbox 1448 3118 1616 3201; x_wconf 89' lang='lat' dir='ltr'><strong>potuisset,</strong></span> <span class='ocrx_word' id='word_1_201' title='bbox 1693 3178 1695 3184; x_wconf 91' lang='lat'>.</span> 
     </span>
     <span class='ocr_line' id='line_1_22' title="bbox 299 3203 1615 3296; baseline -0.007 -16"><span class='ocrx_word' id='word_1_202' title='bbox 299 3215 356 3281; x_wconf 88' lang='lat' dir='ltr'><strong>sed</strong></span> <span class='ocrx_word' id='word_1_203' title='bbox 376 3213 438 3278; x_wconf 91' lang='lat' dir='ltr'><strong>boc</strong></span> <span class='ocrx_word' id='word_1_204' title='bbox 458 3215 644 3296; x_wconf 88' lang='lat' dir='ltr'><strong>praestaret,</strong></span> <span class='ocrx_word' id='word_1_205' title='bbox 666 3203 751 3289; x_wconf 93' lang='lat' dir='ltr'><strong>quod</strong></span> <span class='ocrx_word' id='word_1_206' title='bbox 774 3204 802 3268; x_wconf 90' lang='lat' dir='ltr'><strong>ei</strong></span> <span class='ocrx_word' id='word_1_207' title='bbox 825 3204 927 3268; x_wconf 90' lang='lat' dir='ltr'><strong>minus</strong></span> <span class='ocrx_word' id='word_1_208' title='bbox 948 3204 1158 3284; x_wconf 72' lang='lat' dir='ltr'><strong>insideretur:</strong></span> <span class='ocrx_word' id='word_1_209' title='bbox 1185 3208 1302 3269; x_wconf 90' lang='lat' dir='ltr'><strong>etenim</strong></span> <span class='ocrx_word' id='word_1_210' title='bbox 1323 3207 1478 3271; x_wconf 84' lang='lat' dir='ltr'><strong>bonorum</strong></span> <span class='ocrx_word' id='word_1_211' title='bbox 1501 3210 1615 3292; x_wconf 78' lang='lat' dir='ltr'><strong>gradm</strong></span> 
     </span>
     <span class='ocr_line' id='line_1_23' title="bbox 300 3295 1614 3383; baseline -0.008 -8"><span class='ocrx_word' id='word_1_212' title='bbox 300 3309 429 3375; x_wconf 90' lang='lat' dir='ltr'><strong>summis</strong></span> <span class='ocrx_word' id='word_1_213' title='bbox 455 3303 637 3370; x_wconf 89' lang='lat' dir='ltr'><strong>bominibus</strong></span> <span class='ocrx_word' id='word_1_214' title='bbox 662 3308 694 3364; x_wconf 88' lang='lat' dir='ltr'><strong>et</strong></span> <span class='ocrx_word' id='word_1_215' title='bbox 713 3295 827 3362; x_wconf 78' lang='lat' dir='ltr'><strong>intimis</strong></span> <span class='ocrx_word' id='word_1_216' title='bbox 848 3305 922 3362; x_wconf 90' lang='lat' dir='ltr'><strong>suut</strong></span> <span class='ocrx_word' id='word_1_217' title='bbox 941 3318 1051 3381; x_wconf 89' lang='lat' dir='ltr'><strong>pares,</strong></span> <span class='ocrx_word' id='word_1_218' title='bbox 1077 3298 1196 3381; x_wconf 88' lang='lat' dir='ltr'><strong>gloriae</strong></span> <span class='ocrx_word' id='word_1_219' title='bbox 1218 3300 1371 3383; x_wconf 88' lang='lat' dir='ltr'><strong>dispares.</strong></span> <span class='ocrx_word' id='word_1_220' title='bbox 1413 3300 1512 3365; x_wconf 81' lang='lat' dir='ltr'><strong>XXV.</strong></span> <span class='ocrx_word' id='word_1_221' title='bbox 1535 3304 1614 3378; x_wconf 88' lang='lat' dir='ltr'><strong>Quis</strong></span> 
     </span>
     <span class='ocr_line' id='line_1_24' title="bbox 299 3390 1614 3479; baseline -0.007 -11"><span class='ocrx_word' id='word_1_222' title='bbox 299 3411 439 3468; x_wconf 88' lang='lat' dir='ltr'><strong>nostrum</strong></span> <span class='ocrx_word' id='word_1_223' title='bbox 466 3418 500 3462; x_wconf 89' lang='lat' dir='ltr'><strong>se</strong></span> <span class='ocrx_word' id='word_1_224' title='bbox 528 3396 605 3459; x_wconf 91' lang='lat' dir='ltr'><strong>dicit</strong></span> <span class='ocrx_word' id='word_1_225' title='bbox 631 3394 683 3457; x_wconf 84' lang='grc' dir='ltr'><strong>Μ’.</strong></span> <span class='ocrx_word' id='word_1_226' title='bbox 706 3391 815 3464; x_wconf 88' lang='lat' dir='ltr'><strong>Curio,</strong></span> <span class='ocrx_word' id='word_1_227' title='bbox 843 3390 916 3474; x_wconf 89' lang='lat' dir='ltr'><strong>quis</strong></span> <span class='ocrx_word' id='word_1_228' title='bbox 939 3390 973 3454; x_wconf 83' lang='lat' dir='ltr'><strong>C.</strong></span> <span class='ocrx_word' id='word_1_229' title='bbox 994 3391 1154 3467; x_wconf 78' lang='lat' dir='ltr'><strong>Fabricio,</strong></span> <span class='ocrx_word' id='word_1_230' title='bbox 1183 3392 1255 3476; x_wconf 91' lang='lat' dir='ltr'><strong>quis</strong></span> <span class='ocrx_word' id='word_1_231' title='bbox 1278 3394 1311 3456; x_wconf 87' lang='lat' dir='ltr'><strong>C.</strong></span> <span class='ocrx_word' id='word_1_232' title='bbox 1333 3394 1458 3458; x_wconf 89' lang='lat' dir='ltr'><strong>Duellio</strong></span> <span class='ocrx_word' id='word_1_233' title='bbox 1483 3399 1614 3479; x_wconf 83' lang='lat' dir='ltr'><strong>parem‘l</strong></span> 
     </span>
     <span class='ocr_line' id='line_1_25' title="bbox 301 3483 1614 3581; baseline -0.006 -21"><span class='ocrx_word' id='word_1_234' title='bbox 301 3496 371 3581; x_wconf 88' lang='lat' dir='ltr'><strong>quis</strong></span> <span class='ocrx_word' id='word_1_235' title='bbox 397 3492 491 3558; x_wconf 79' lang='lat' dir='ltr'><strong>Atilio</strong></span> <span class='ocrx_word' id='word_1_236' title='bbox 519 3488 683 3554; x_wconf 71' lang='lat' dir='ltr'><strong>Calatino?</strong></span> <span class='ocrx_word' id='word_1_237' title='bbox 712 3486 785 3569; x_wconf 91' lang='lat' dir='ltr'><strong>qnis</strong></span> <span class='ocrx_word' id='word_1_238' title='bbox 808 3483 863 3547; x_wconf 84' lang='lat' dir='ltr'><strong>Cn.</strong></span> <span class='ocrx_word' id='word_1_239' title='bbox 884 3492 916 3548; x_wconf 91' lang='lat' dir='ltr'><strong>et</strong></span> <span class='ocrx_word' id='word_1_240' title='bbox 940 3487 975 3548; x_wconf 87' lang='lat' dir='ltr'><strong>P.</strong></span> <span class='ocrx_word' id='word_1_241' title='bbox 997 3485 1217 3567; x_wconf 74' lang='lat' dir='ltr'><strong>Scipionibus?</strong></span> <span class='ocrx_word' id='word_1_242' title='bbox 1246 3487 1319 3570; x_wconf 90' lang='lat' dir='ltr'><strong>quis</strong></span> <span class='ocrx_word' id='word_1_243' title='bbox 1341 3486 1503 3563; x_wconf 78' lang='lat' dir='ltr'><strong>Africano,</strong></span> <span class='ocrx_word' id='word_1_244' title='bbox 1533 3491 1614 3554; x_wconf 86' lang='lat' dir='ltr'><strong>blar-</strong></span> 
     </span>
     <span class='ocr_line' id='line_1_26' title="bbox 263 3577 1612 3665; baseline -0.007 -12"><span class='ocrx_word' id='word_1_245' title='bbox 263 3592 398 3665; x_wconf 82' lang='lat' dir='ltr'><strong>aocello,</strong></span> <span class='ocrx_word' id='word_1_246' title='bbox 421 3585 580 3652; x_wconf 69' lang='lat' dir='ltr'><strong>Maximo?</strong></span> <span class='ocrx_word' id='word_1_247' title='bbox 603 3588 707 3644; x_wconf 87' lang='lat' dir='ltr'><strong>tamen</strong></span> <span class='ocrx_word' id='word_1_248' title='bbox 729 3577 857 3642; x_wconf 88' lang='lat' dir='ltr'><strong>eosdem</strong></span> <span class='ocrx_word' id='word_1_249' title='bbox 878 3598 988 3642; x_wconf 92' lang='lat' dir='ltr'><strong>sumus</strong></span> <span class='ocrx_word' id='word_1_250' title='bbox 1009 3578 1165 3644; x_wconf 91' lang='lat' dir='ltr'><strong>bonorum</strong></span> <span class='ocrx_word' id='word_1_251' title='bbox 1180 3580 1295 3663; x_wconf 90' lang='lat' dir='ltr'><strong>gradus</strong></span> <span class='ocrx_word' id='word_1_252' title='bbox 1310 3601 1389 3664; x_wconf 93' lang='lat' dir='ltr'><strong>quos</strong></span> <span class='ocrx_word' id='word_1_253' title='bbox 1404 3582 1450 3644; x_wconf 93' lang='lat' dir='ltr'><strong>illi</strong></span> <span class='ocrx_word' id='word_1_254' title='bbox 1464 3583 1612 3645; x_wconf 88' lang='lat' dir='ltr'><strong>assecuti.</strong></span> 
     </span>
     <span class='ocr_line' id='line_1_27' title="bbox 298 3672 1614 3759; baseline -0.011 -8"><span class='ocrx_word' id='word_1_255' title='bbox 298 3688 423 3750; x_wconf 77' lang='lat' dir='ltr'><strong>Etenim</strong></span> <span class='ocrx_word' id='word_1_256' title='bbox 449 3683 483 3745; x_wconf 92' lang='lat' dir='ltr'><strong>in</strong></span> <span class='ocrx_word' id='word_1_257' title='bbox 512 3680 627 3743; x_wconf 81' lang='lat' dir='ltr'><strong>virtute</strong></span> <span class='ocrx_word' id='word_1_258' title='bbox 654 3674 745 3738; x_wconf 93' lang='lat' dir='ltr'><strong>multi</strong></span> <span class='ocrx_word' id='word_1_259' title='bbox 772 3680 845 3736; x_wconf 91' lang='lat' dir='ltr'><strong>sunt</strong></span> <span class='ocrx_word' id='word_1_260' title='bbox 871 3672 1062 3750; x_wconf 89' lang='lat' dir='ltr'><strong>adscensus,</strong></span> <span class='ocrx_word' id='word_1_261' title='bbox 1089 3683 1125 3737; x_wconf 93' lang='lat' dir='ltr'><strong>ut</strong></span> <span class='ocrx_word' id='word_1_262' title='bbox 1143 3674 1171 3738; x_wconf 94' lang='lat' dir='ltr'><strong>is</strong></span> <span class='ocrx_word' id='word_1_263' title='bbox 1193 3674 1329 3738; x_wconf 81' lang='lat' dir='ltr'><strong>maxime</strong></span> <span class='ocrx_word' id='word_1_264' title='bbox 1350 3673 1451 3759; x_wconf 90' lang='lat' dir='ltr'><strong>gloria</strong></span> <span class='ocrx_word' id='word_1_265' title='bbox 1471 3675 1614 3751; x_wconf 82' lang='lat' dir='ltr'><strong>excellat,</strong></span> 
     </span>
     <span class='ocr_line' id='line_1_28' title="bbox 299 3764 1612 3866; baseline -0.011 -21"><span class='ocrx_word' id='word_1_266' title='bbox 299 3781 356 3866; x_wconf 93' lang='lat' dir='ltr'><strong>qui</strong></span> <span class='ocrx_word' id='word_1_267' title='bbox 369 3779 482 3842; x_wconf 88' lang='lat' dir='ltr'><strong>virtute</strong></span> <span class='ocrx_word' id='word_1_268' title='bbox 502 3771 671 3858; x_wconf 91' lang='lat' dir='ltr'><strong>plurimum</strong></span> <span class='ocrx_word' id='word_1_269' title='bbox 692 3773 845 3862; x_wconf 73' lang='lat' dir='ltr'><strong>praestet:</strong></span> <span class='ocrx_word' id='word_1_270' title='bbox 869 3766 1024 3831; x_wconf 77' lang='lat' dir='ltr'><strong>benonim</strong></span> <span class='ocrx_word' id='word_1_271' title='bbox 1038 3768 1149 3851; x_wconf 90' lang='lat' dir='ltr'><strong>populi</strong></span> <span class='ocrx_word' id='word_1_272' title='bbox 1164 3764 1234 3832; x_wconf 88' lang='lat' dir='ltr'><strong>finis</strong></span> <span class='ocrx_word' id='word_1_273' title='bbox 1249 3775 1297 3830; x_wconf 87' lang='lat' dir='ltr'><strong>est</strong></span> <span class='ocrx_word' id='word_1_274' title='bbox 1311 3768 1501 3843; x_wconf 88' lang='lat' dir='ltr'><strong>consulatus,</strong></span> <span class='ocrx_word' id='word_1_275' title='bbox 1518 3787 1612 3852; x_wconf 91' lang='lat' dir='ltr'><strong>quem</strong></span> 
     </span>
     <span class='ocr_line' id='line_1_29' title="bbox 298 3859 1614 3956; baseline -0.011 -18"><span class='ocrx_word' id='word_1_276' title='bbox 298 3872 510 3956; x_wconf 86' lang='lat' dir='ltr'><strong>magistratum</strong></span> <span class='ocrx_word' id='word_1_277' title='bbox 542 3867 604 3928; x_wconf 90' lang='lat' dir='ltr'><strong>iam</strong></span> <span class='ocrx_word' id='word_1_278' title='bbox 637 3860 809 3944; x_wconf 77' lang='lat' dir='ltr'><strong>octingenti</strong></span> <span class='ocrx_word' id='word_1_279' title='bbox 839 3859 905 3924; x_wconf 85' lang='lat' dir='ltr'><strong>fere</strong></span> <span class='ocrx_word' id='word_1_280' title='bbox 933 3863 1095 3925; x_wconf 89' lang='lat' dir='ltr'><strong>consecuti</strong></span> <span class='ocrx_word' id='word_1_281' title='bbox 1126 3869 1217 3924; x_wconf 89' lang='lat' dir='ltr'><strong>sunt:</strong></span> <span class='ocrx_word' id='word_1_282' title='bbox 1248 3861 1376 3935; x_wconf 92' lang='lat' dir='ltr'><strong>borum,</strong></span> <span class='ocrx_word' id='word_1_283' title='bbox 1401 3861 1427 3924; x_wconf 94' lang='lat' dir='ltr'><strong>si</strong></span> <span class='ocrx_word' id='word_1_284' title='bbox 1448 3861 1614 3944; x_wconf 88' lang='lat' dir='ltr'><strong>diligenter</strong></span> 
     </span>
     <span class='ocr_line' id='line_1_30' title="bbox 299 3954 1614 4051; baseline -0.011 -21"><span class='ocrx_word' id='word_1_285' title='bbox 299 3985 446 4051; x_wconf 87' lang='lat' dir='ltr'><strong>quaeres,</strong></span> <span class='ocrx_word' id='word_1_286' title='bbox 473 3964 528 4027; x_wconf 81' lang='lat' dir='ltr'><strong>vix</strong></span> <span class='ocrx_word' id='word_1_287' title='bbox 556 3957 710 4023; x_wconf 89' lang='lat' dir='ltr'><strong>decimam</strong></span> <span class='ocrx_word' id='word_1_288' title='bbox 738 3961 859 4038; x_wconf 91' lang='lat' dir='ltr'><strong>partem</strong></span> <span class='ocrx_word' id='word_1_289' title='bbox 883 3956 1021 4039; x_wconf 90' lang='lat' dir='ltr'><strong>reperies</strong></span> <span class='ocrx_word' id='word_1_290' title='bbox 1052 3954 1151 4038; x_wconf 89' lang='lat' dir='ltr'><strong>gloria</strong></span> <span class='ocrx_word' id='word_1_291' title='bbox 1172 3955 1309 4038; x_wconf 89' lang='lat' dir='ltr'><strong>diguam.</strong></span> <span class='ocrx_word' id='word_1_292' title='bbox 1347 3954 1410 4019; x_wconf 86' lang='lat' dir='ltr'><strong>Sed</strong></span> <span class='ocrx_word' id='word_1_293' title='bbox 1431 3973 1524 4017; x_wconf 91' lang='lat' dir='ltr'><strong>nemo</strong></span> <span class='ocrx_word' id='word_1_294' title='bbox 1545 3975 1614 4018; x_wconf 90' lang='lat' dir='ltr'><strong>um·</strong></span> 
     </span>
     <span class='ocr_line' id='line_1_31' title="bbox 262 4045 1612 4145; baseline -0.01 -21"><span class='ocrx_word' id='word_1_295' title='bbox 262 4080 394 4145; x_wconf 58' lang='lat' dir='ltr'><strong>„wem</strong></span> <span class='ocrx_word' id='word_1_296' title='bbox 416 4059 462 4124; x_wconf 94' lang='lat' dir='ltr'><strong>sic</strong></span> <span class='ocrx_word' id='word_1_297' title='bbox 483 4055 564 4138; x_wconf 90' lang='lat' dir='ltr'><strong>egit,</strong></span> <span class='ocrx_word' id='word_1_298' title='bbox 591 4059 627 4115; x_wconf 91' lang='lat' dir='ltr'><strong>ut</strong></span> <span class='ocrx_word' id='word_1_299' title='bbox 649 4059 699 4116; x_wconf 87' lang='lat' dir='ltr'><strong>tu:</strong></span> <span class='ocrx_word' id='word_1_300' title='bbox 731 4049 813 4113; x_wconf 77' lang='lat' dir='ltr'><strong>«Cur</strong></span> <span class='ocrx_word' id='word_1_301' title='bbox 833 4050 893 4113; x_wconf 92' lang='lat' dir='ltr'><strong>iste</strong></span> <span class='ocrx_word' id='word_1_302' title='bbox 914 4045 949 4111; x_wconf 88' lang='lat' dir='ltr'><strong>fit</strong></span> <span class='ocrx_word' id='word_1_303' title='bbox 971 4047 1102 4112; x_wconf 80' lang='lat' dir='ltr'><strong>consuli</strong></span> <span class='ocrx_word' id='word_1_304' title='bbox 1124 4048 1201 4133; x_wconf 89' lang='lat' dir='ltr'><strong>qnid</strong></span> <span class='ocrx_word' id='word_1_305' title='bbox 1222 4048 1327 4131; x_wconf 89' lang='lat' dir='ltr'><strong>potuit</strong></span> <span class='ocrx_word' id='word_1_306' title='bbox 1348 4047 1500 4131; x_wconf 87' lang='lat' dir='ltr'><strong>amplius,</strong></span> <span class='ocrx_word' id='word_1_307' title='bbox 1528 4048 1612 4111; x_wconf 84' lang='lat' dir='ltr'><strong>sib.</strong></span> 
     </span>
     <span class='ocr_line' id='line_1_32' title="bbox 299 4141 1613 4233; baseline -0.012 -13"><span class='ocrx_word' id='word_1_308' title='bbox 299 4158 413 4219; x_wconf 81' lang='lat' dir='ltr'><strong>brutus</strong></span> <span class='ocrx_word' id='word_1_309' title='bbox 435 4159 533 4225; x_wconf 88' lang='lat' dir='ltr'><strong>essct,</strong></span> <span class='ocrx_word' id='word_1_310' title='bbox 556 4147 611 4233; x_wconf 89' lang='lat' dir='ltr'><strong>qui</strong></span> <span class='ocrx_word' id='word_1_311' title='bbox 632 4146 789 4211; x_wconf 86' lang='lat' dir='ltr'><strong>civitatem</strong></span> <span class='ocrx_word' id='word_1_312' title='bbox 803 4141 966 4205; x_wconf 90' lang='lat' dir='ltr'><strong>dominatu</strong></span> <span class='ocrx_word' id='word_1_313' title='bbox 987 4142 1073 4225; x_wconf 92' lang='lat' dir='ltr'><strong>regio</strong></span> <span class='ocrx_word' id='word_1_314' title='bbox 1096 4141 1289 4204; x_wconf 80' lang='lat' dir='ltr'><strong>liberavitin</strong></span> <span class='ocrx_word' id='word_1_315' title='bbox 1313 4141 1442 4204; x_wconf 87' lang='lat' dir='ltr'><strong>Honore</strong></span> <span class='ocrx_word' id='word_1_316' title='bbox 1455 4141 1533 4204; x_wconf 91' lang='lat' dir='ltr'><strong>nibil</strong></span> <span class='ocrx_word' id='word_1_317' title='bbox 1548 4163 1613 4205; x_wconf 92' lang='lat' dir='ltr'><strong>am·</strong></span> 
     </span>
     <span class='ocr_line' id='line_1_33' title="bbox 297 4232 1608 4333; baseline -0.014 -20"><span class='ocrx_word' id='word_1_318' title='bbox 297 4249 398 4333; x_wconf 92' lang='lat' dir='ltr'><strong>plius,</strong></span> <span class='ocrx_word' id='word_1_319' title='bbox 419 4245 511 4310; x_wconf 89' lang='lat' dir='ltr'><strong>laude</strong></span> <span class='ocrx_word' id='word_1_320' title='bbox 533 4242 675 4306; x_wconf 90' lang='lat' dir='ltr'><strong>multum.</strong></span> <span class='ocrx_word' id='word_1_321' title='bbox 712 4239 763 4302; x_wconf 86' lang='lat' dir='ltr'><strong>Sic</strong></span> <span class='ocrx_word' id='word_1_322' title='bbox 778 4236 874 4319; x_wconf 90' lang='lat' dir='ltr'><strong>igitur</strong></span> <span class='ocrx_word' id='word_1_323' title='bbox 886 4235 1031 4299; x_wconf 86' lang='lat' dir='ltr'><strong>Plancius</strong></span> <span class='ocrx_word' id='word_1_324' title='bbox 1045 4233 1147 4297; x_wconf 91' lang='lat' dir='ltr'><strong>nihilo</strong></span> <span class='ocrx_word' id='word_1_325' title='bbox 1162 4234 1266 4297; x_wconf 90' lang='lat' dir='ltr'><strong>minus</strong></span> <span class='ocrx_word' id='word_1_326' title='bbox 1282 4241 1433 4318; x_wconf 85' lang='lat' dir='ltr'><strong>quaestor</strong></span> <span class='ocrx_word' id='word_1_327' title='bbox 1446 4242 1494 4297; x_wconf 87' lang='lat' dir='ltr'><strong>est</strong></span> <span class='ocrx_word' id='word_1_328' title='bbox 1507 4232 1608 4297; x_wconf 85' lang='lat' dir='ltr'><strong>iactus</strong></span> 
     </span>
     <span class='ocr_line' id='line_1_34' title="bbox 299 4328 1611 4420; baseline -0.013 -13"><span class='ocrx_word' id='word_1_329' title='bbox 299 4350 333 4408; x_wconf 91' lang='lat' dir='ltr'><strong>et</strong></span> <span class='ocrx_word' id='word_1_330' title='bbox 358 4342 501 4406; x_wconf 73' lang='lat' dir='ltr'><strong>uibunus</strong></span> <span class='ocrx_word' id='word_1_331' title='bbox 528 4337 571 4420; x_wconf 92' lang='lat' dir='ltr'><strong>pl.</strong></span> <span class='ocrx_word' id='word_1_332' title='bbox 600 4342 632 4399; x_wconf 90' lang='lat' dir='ltr'><strong>et</strong></span> <span class='ocrx_word' id='word_1_333' title='bbox 659 4333 787 4406; x_wconf 90' lang='lat' dir='ltr'><strong>aedilis,</strong></span> <span class='ocrx_word' id='word_1_334' title='bbox 815 4348 910 4411; x_wconf 87' lang='lat' dir='ltr'><strong>quam</strong></span> <span class='ocrx_word' id='word_1_335' title='bbox 937 4331 965 4393; x_wconf 89' lang='lat' dir='ltr'><strong>si</strong></span> <span class='ocrx_word' id='word_1_336' title='bbox 987 4336 1070 4392; x_wconf 89' lang='lat' dir='ltr'><strong>esset</strong></span> <span class='ocrx_word' id='word_1_337' title='bbox 1091 4349 1213 4392; x_wconf 90' lang='lat' dir='ltr'><strong>summo</strong></span> <span class='ocrx_word' id='word_1_338' title='bbox 1235 4330 1305 4393; x_wconf 92' lang='lat' dir='ltr'><strong>loco</strong></span> <span class='ocrx_word' id='word_1_339' title='bbox 1327 4336 1436 4402; x_wconf 88' lang='lat' dir='ltr'><strong>natus,</strong></span> <span class='ocrx_word' id='word_1_340' title='bbox 1458 4328 1514 4391; x_wconf 91' lang='lat' dir='ltr'><strong>sed</strong></span> <span class='ocrx_word' id='word_1_341' title='bbox 1534 4328 1611 4390; x_wconf 89' lang='lat' dir='ltr'><strong>baec</strong></span> 
     </span>
     <span class='ocr_line' id='line_1_35' title="bbox 298 4419 1610 4522; baseline -0.012 -23"><span class='ocrx_word' id='word_1_342' title='bbox 298 4436 366 4522; x_wconf 79' lang='lat' dir='ltr'><strong>peri</strong></span> <span class='ocrx_word' id='word_1_343' title='bbox 386 4436 457 4498; x_wconf 91' lang='lat' dir='ltr'><strong>loco</strong></span> <span class='ocrx_word' id='word_1_344' title='bbox 479 4433 540 4496; x_wconf 92' lang='lat' dir='ltr'><strong>orti</strong></span> <span class='ocrx_word' id='word_1_345' title='bbox 568 4436 643 4494; x_wconf 91' lang='lat' dir='ltr'><strong>suut</strong></span> <span class='ocrx_word' id='word_1_346' title='bbox 668 4422 912 4491; x_wconf 87' lang='lat' dir='ltr'><strong>innumerabiles</strong></span> <span class='ocrx_word' id='word_1_347' title='bbox 941 4423 996 4487; x_wconf 90' lang='lat' dir='ltr'><strong>alii</strong></span> <span class='ocrx_word' id='word_1_348' title='bbox 1016 4424 1187 4487; x_wconf 88' lang='lat' dir='ltr'><strong>consecuti.</strong></span> <span class='ocrx_word' id='word_1_349' title='bbox 1229 4419 1280 4486; x_wconf 87' lang='grc'><strong>64.</strong></span> <span class='ocrx_word' id='word_1_350' title='bbox 1295 4423 1419 4486; x_wconf 85' lang='lat' dir='ltr'><strong>Prosers</strong></span> <span class='ocrx_word' id='word_1_351' title='bbox 1436 4421 1610 4505; x_wconf 89' lang='lat' dir='ltr'><strong>triumphos</strong></span> 
     </span>
    </p>
   </div>
   <div class='ocr_carea' id='block_1_3' title="bbox 296 4801 1610 5483">
    <p class='ocr_par' dir='ltr' id='par_1_3' title="bbox 296 4801 1610 5483">
     <span class='ocr_line' id='line_1_36' title="bbox 364 4801 1610 4872; baseline -0.017 -2"><span class='ocrx_word' id='word_1_352' title='bbox 364 4812 636 4872; x_wconf 78' lang='lat' dir='ltr'><strong>t.ctl‘li:cc0-</strong></span> <span class='ocrx_word' id='word_1_353' title='bbox 655 4807 836 4860; x_wconf 61' lang='lat' dir='ltr'><strong>thecel·</strong></span> <span class='ocrx_word' id='word_1_354' title='bbox 855 4802 1488 4867; x_wconf 68' lang='lat' dir='ltr'><strong>t.qccepeeqcseetpcosser—spscr-</strong></span> <span class='ocrx_word' id='word_1_355' title='bbox 1507 4801 1610 4862; x_wconf 54' lang='lat' dir='ltr'><strong>bdoe-</strong></span> 
     </span>
     <span class='ocr_line' id='line_1_37' title="bbox 297 4875 1610 4955; baseline -0.013 -13"><span class='ocrx_word' id='word_1_356' title='bbox 297 4900 386 4952; x_wconf 59' lang='lat' dir='ltr'><strong>mat·</strong></span> <span class='ocrx_word' id='word_1_357' title='bbox 405 4924 431 4934; x_wconf 90' lang='lat'><em>-</em></span> <span class='ocrx_word' id='word_1_358' title='bbox 450 4888 686 4955; x_wconf 52' lang='lat' dir='ltr'><strong>aeqottmffl&#39;-</strong></span> <span class='ocrx_word' id='word_1_359' title='bbox 705 4877 1325 4945; x_wconf 72' lang='lat' dir='ltr'><strong>8.qoioTE:qai0-cssctc{omitloE-</strong></span> <span class='ocrx_word' id='word_1_360' title='bbox 1344 4876 1368 4926; x_wconf 85' lang='grc'><strong>9.</strong></span> <span class='ocrx_word' id='word_1_361' title='bbox 1387 4875 1550 4926; x_wconf 79' lang='lat' dir='ltr'><strong>tcorcol&#39;E:</strong></span> <span class='ocrx_word' id='word_1_362' title='bbox 1569 4880 1610 4925; x_wconf 83' lang='lat' dir='ltr'><strong>tu-</strong></span> 
     </span>
     <span class='ocr_line' id='line_1_38' title="bbox 297 4949 1609 5027; baseline -0.022 1"><span class='ocrx_word' id='word_1_363' title='bbox 297 4972 486 5027; x_wconf 71' lang='lat' dir='ltr'><strong>medo-</strong></span> <span class='ocrx_word' id='word_1_364' title='bbox 505 4962 638 5015; x_wconf 78' lang='lat' dir='ltr'><strong>oodttas&#39;l</strong></span> <span class='ocrx_word' id='word_1_365' title='bbox 657 4956 818 5007; x_wconf 80' lang='lat' dir='ltr'><strong>-llli&#39;l&#39;E:</strong></span> <span class='ocrx_word' id='word_1_366' title='bbox 837 4951 1448 5017; x_wconf 73' lang='lat' dir='ltr'><strong>om.0-{cciltostsl&#39;E-lb.gncrcsii;</strong></span> <span class='ocrx_word' id='word_1_367' title='bbox 1468 4949 1609 5013; x_wconf 67' lang='lat' dir='ltr'><strong>[procido</strong></span> 
     </span>
     <span class='ocr_line' id='line_1_39' title="bbox 300 5023 1607 5113; baseline -0.012 -24"><span class='ocrx_word' id='word_1_368' title='bbox 300 5078 328 5089; x_wconf 93' lang='grc'><strong>..</strong></span> <span class='ocrx_word' id='word_1_369' title='bbox 346 5047 417 5113; x_wconf 61' lang='lat' dir='ltr'><strong>w]</strong></span> <span class='ocrx_word' id='word_1_370' title='bbox 434 5038 574 5107; x_wconf 74' lang='lat' dir='ltr'><strong>quarel&#39;E</strong></span> <span class='ocrx_word' id='word_1_371' title='bbox 592 5062 619 5073; x_wconf 90' lang='grc'>-</span> <span class='ocrx_word' id='word_1_372' title='bbox 638 5033 678 5083; x_wconf 90' lang='grc'><strong>43.</strong></span> <span class='ocrx_word' id='word_1_373' title='bbox 694 5029 855 5095; x_wconf 77' lang='lat' dir='ltr'><strong>praecepitii</strong></span> <span class='ocrx_word' id='word_1_374' title='bbox 871 5057 905 5068; x_wconf 90' lang='lat'>-</span> <span class='ocrx_word' id='word_1_375' title='bbox 922 5030 961 5081; x_wconf 83' lang='grc'><strong>44,</strong></span> <span class='ocrx_word' id='word_1_376' title='bbox 980 5029 1144 5092; x_wconf 65' lang='lat' dir='ltr'><strong>iugulandum</strong></span> <span class='ocrx_word' id='word_1_377' title='bbox 1159 5030 1179 5078; x_wconf 84' lang='lat' dir='ltr'>T</span> <span class='ocrx_word' id='word_1_378' title='bbox 1197 5054 1225 5066; x_wconf 94' lang='lat'>-</span> <span class='ocrx_word' id='word_1_379' title='bbox 1244 5023 1607 5077; x_wconf 61' lang='lat' dir='ltr'><strong>lacedaemonium:</strong></span> 
     </span>
     <span class='ocr_line' id='line_1_40' title="bbox 297 5100 1610 5176; baseline -0.02 -1"><span class='ocrx_word' id='word_1_380' title='bbox 297 5125 367 5176; x_wconf 65' lang='lat' dir='ltr'><strong>boob</strong></span> <span class='ocrx_word' id='word_1_381' title='bbox 381 5120 472 5173; x_wconf 68' lang='lat' dir='ltr'><strong>sostris</strong></span> <span class='ocrx_word' id='word_1_382' title='bbox 484 5116 545 5175; x_wconf 77' lang='grc' dir='ltr'><strong>ΤΕς</strong></span> <span class='ocrx_word' id='word_1_383' title='bbox 563 5112 639 5163; x_wconf 63' lang='lat' dir='ltr'><strong>boob.</strong></span> <span class='ocrx_word' id='word_1_384' title='bbox 656 5110 727 5160; x_wconf 77' lang='lat' dir='ltr'><strong>Nosti</strong></span> <span class='ocrx_word' id='word_1_385' title='bbox 742 5108 763 5158; x_wconf 93' lang='lat'>0</span> <span class='ocrx_word' id='word_1_386' title='bbox 781 5133 809 5144; x_wconf 93' lang='lat'>-</span> <span class='ocrx_word' id='word_1_387' title='bbox 827 5109 980 5158; x_wconf 72' lang='lat' dir='ltr'><strong>recoctam</strong></span> <span class='ocrx_word' id='word_1_388' title='bbox 995 5106 1015 5155; x_wconf 86' lang='grc' dir='ltr'><strong>Τ</strong></span> <span class='ocrx_word' id='word_1_389' title='bbox 1032 5131 1060 5143; x_wconf 94' lang='grc'>-</span> <span class='ocrx_word' id='word_1_390' title='bbox 1084 5105 1125 5155; x_wconf 84' lang='grc'><strong>46.</strong></span> <span class='ocrx_word' id='word_1_391' title='bbox 1142 5102 1214 5153; x_wconf 80' lang='lat' dir='ltr'><strong>motti</strong></span> <span class='ocrx_word' id='word_1_392' title='bbox 1229 5102 1330 5152; x_wconf 66' lang='lat' dir='ltr'><strong>meent</strong></span> <span class='ocrx_word' id='word_1_393' title='bbox 1346 5103 1366 5151; x_wconf 85' lang='lat' dir='ltr'>T</span> <span class='ocrx_word' id='word_1_394' title='bbox 1383 5125 1410 5137; x_wconf 90' lang='lat'>—</span> <span class='ocrx_word' id='word_1_395' title='bbox 1430 5100 1470 5149; x_wconf 84' lang='grc'><strong>47.</strong></span> <span class='ocrx_word' id='word_1_396' title='bbox 1487 5101 1610 5162; x_wconf 74' lang='lat' dir='ltr'><strong>protasi·</strong></span> 
     </span>
     <span class='ocr_line' id='line_1_41' title="bbox 300 5175 1610 5251; baseline -0.021 0"><span class='ocrx_word' id='word_1_397' title='bbox 300 5226 328 5237; x_wconf 92' lang='lat'>-</span> <span class='ocrx_word' id='word_1_398' title='bbox 345 5195 448 5251; x_wconf 70' lang='lat' dir='ltr'><strong>crte:</strong></span> <span class='ocrx_word' id='word_1_399' title='bbox 469 5188 584 5242; x_wconf 84' lang='lat' dir='ltr'><strong>tltcct0</strong></span> <span class='ocrx_word' id='word_1_400' title='bbox 603 5181 976 5249; x_wconf 73' lang='lat' dir='ltr'><strong>-peereses&#39;pstssoeru:</strong></span> <span class='ocrx_word' id='word_1_401' title='bbox 999 5182 1091 5244; x_wconf 77' lang='lat' dir='ltr'><strong>poeto,</strong></span> <span class='ocrx_word' id='word_1_402' title='bbox 1108 5179 1244 5229; x_wconf 69' lang='grc' dir='ltr'><strong>44ωο-</strong></span> <span class='ocrx_word' id='word_1_403' title='bbox 1268 5177 1309 5227; x_wconf 80' lang='lat'><strong>20.</strong></span> <span class='ocrx_word' id='word_1_404' title='bbox 1326 5175 1492 5240; x_wconf 63' lang='lat' dir='ltr'><strong>micetmicet</strong></span> <span class='ocrx_word' id='word_1_405' title='bbox 1507 5176 1610 5240; x_wconf 70' lang='lat' dir='ltr'><strong>attitiae</strong></span> 
     </span>
     <span class='ocr_line' id='line_1_42' title="bbox 296 5250 1606 5344; baseline -0.011 -29"><span class='ocrx_word' id='word_1_406' title='bbox 296 5276 409 5344; x_wconf 59' lang='grc' dir='ltr'><strong>ΜΗ</strong></span> <span class='ocrx_word' id='word_1_407' title='bbox 422 5299 448 5310; x_wconf 89' lang='grc'>-</span> <span class='ocrx_word' id='word_1_408' title='bbox 466 5270 508 5321; x_wconf 73' lang='lat'><strong>22,</strong></span> <span class='ocrx_word' id='word_1_409' title='bbox 520 5265 652 5324; x_wconf 60' lang='lat' dir='ltr'><strong>meres</strong></span> <span class='ocrx_word' id='word_1_410' title='bbox 664 5261 684 5311; x_wconf 81' lang='grc' dir='ltr'>Τ</span> <span class='ocrx_word' id='word_1_411' title='bbox 696 5285 723 5296; x_wconf 89' lang='grc'>-</span> <span class='ocrx_word' id='word_1_412' title='bbox 741 5257 783 5308; x_wconf 70' lang='grc'><strong>33.</strong></span> <span class='ocrx_word' id='word_1_413' title='bbox 801 5258 845 5308; x_wconf 84' lang='lat' dir='ltr'><strong>ll&#39;.</strong></span> <span class='ocrx_word' id='word_1_414' title='bbox 858 5254 1014 5306; x_wconf 84' lang='lat' dir='ltr'><strong>Lambinus:</strong></span> <span class='ocrx_word' id='word_1_415' title='bbox 1034 5266 1077 5303; x_wconf 73' lang='lat' dir='ltr'><strong>an.</strong></span> <span class='ocrx_word' id='word_1_416' title='bbox 1090 5253 1134 5304; x_wconf 81' lang='lat' dir='ltr'><strong>TE</strong></span> <span class='ocrx_word' id='word_1_417' title='bbox 1145 5277 1172 5289; x_wconf 90' lang='lat'>-</span> <span class='ocrx_word' id='word_1_418' title='bbox 1186 5251 1212 5303; x_wconf 79' lang='lat'><strong>0.</strong></span> <span class='ocrx_word' id='word_1_419' title='bbox 1226 5252 1296 5315; x_wconf 82' lang='lat' dir='ltr'><strong>(aute</strong></span> <span class='ocrx_word' id='word_1_420' title='bbox 1306 5251 1348 5313; x_wconf 72' lang='lat' dir='ltr'><strong>D.)</strong></span> <span class='ocrx_word' id='word_1_421' title='bbox 1361 5251 1509 5300; x_wconf 83' lang='lat' dir='ltr'><strong>Ernestius:</strong></span> <span class='ocrx_word' id='word_1_422' title='bbox 1528 5250 1555 5300; x_wconf 83' lang='lat' dir='ltr'><strong>P.</strong></span> <span class='ocrx_word' id='word_1_423' title='bbox 1573 5250 1606 5307; x_wconf 71' lang='grc'><strong>3.·</strong></span> 
     </span>
     <span class='ocr_line' id='line_1_43' title="bbox 298 5325 1609 5410; baseline -0.028 0"><span class='ocrx_word' id='word_1_424' title='bbox 298 5354 424 5410; x_wconf 82' lang='lat' dir='ltr'><strong>om.&#39;l&#39;-</strong></span> <span class='ocrx_word' id='word_1_425' title='bbox 443 5343 531 5396; x_wconf 72' lang='lat' dir='ltr'><strong>duellio</strong></span> <span class='ocrx_word' id='word_1_426' title='bbox 547 5339 607 5390; x_wconf 82' lang='lat' dir='ltr'><strong>TE:</strong></span> <span class='ocrx_word' id='word_1_427' title='bbox 625 5335 710 5387; x_wconf 82' lang='lat' dir='ltr'><strong>Dottto</strong></span> <span class='ocrx_word' id='word_1_428' title='bbox 726 5331 1010 5384; x_wconf 86' lang='lat' dir='ltr'><strong>cumGaratonioO-</strong></span> <span class='ocrx_word' id='word_1_429' title='bbox 1027 5328 1068 5380; x_wconf 79' lang='lat' dir='ltr'><strong>st.</strong></span> <span class='ocrx_word' id='word_1_430' title='bbox 1087 5328 1165 5379; x_wconf 76' lang='lat' dir='ltr'><strong>atillo</strong></span> <span class='ocrx_word' id='word_1_431' title='bbox 1181 5328 1240 5378; x_wconf 80' lang='lat' dir='ltr'><strong>E·</strong></span> <span class='ocrx_word' id='word_1_432' title='bbox 1259 5326 1436 5376; x_wconf 67' lang='lat' dir='ltr'><strong>cdoticcli-</strong></span> <span class='ocrx_word' id='word_1_433' title='bbox 1454 5325 1609 5388; x_wconf 72' lang='lat' dir='ltr'><strong>onttcoocT</strong></span> 
     </span>
     <span class='ocr_line' id='line_1_44' title="bbox 300 5400 1605 5483; baseline -0.015 -14"><span class='ocrx_word' id='word_1_434' title='bbox 300 5411 668 5483; x_wconf 56' lang='lat' dir='ltr'><strong>..mmeqmmsmli-</strong></span> <span class='ocrx_word' id='word_1_435' title='bbox 686 5407 864 5460; x_wconf 68' lang='lat' dir='ltr'><strong>aamer-</strong></span> <span class='ocrx_word' id='word_1_436' title='bbox 881 5405 1096 5462; x_wconf 60' lang='lat' dir='ltr'><strong>taediosam:</strong></span> <span class='ocrx_word' id='word_1_437' title='bbox 1115 5414 1229 5453; x_wconf 74' lang='lat' dir='ltr'><strong>eccm</strong></span> <span class='ocrx_word' id='word_1_438' title='bbox 1245 5401 1305 5451; x_wconf 78' lang='lat' dir='ltr'><strong>li-</strong></span> <span class='ocrx_word' id='word_1_439' title='bbox 1324 5400 1434 5450; x_wconf 78' lang='lat' dir='ltr'><strong>mec&#39;one</strong></span> <span class='ocrx_word' id='word_1_440' title='bbox 1450 5401 1533 5463; x_wconf 76' lang='lat' dir='ltr'><strong>glorio</strong></span> <span class='ocrx_word' id='word_1_441' title='bbox 1548 5400 1605 5450; x_wconf 81' lang='lat' dir='ltr'><strong>TE:</strong></span> 
     </span>
    </p>
   </div>
   <div class='ocr_carea' id='block_1_4' title="bbox 296 5473 1607 5785">
    <p class='ocr_par' dir='ltr' id='par_1_4' title="bbox 296 5473 1607 5785">
     <span class='ocr_line' id='line_1_45' title="bbox 296 5473 1605 5569; baseline -0.016 -25"><span class='ocrx_word' id='word_1_442' title='bbox 296 5503 381 5569; x_wconf 61' lang='lat' dir='ltr'><strong>pm</strong></span> <span class='ocrx_word' id='word_1_443' title='bbox 401 5495 513 5548; x_wconf 63' lang='lat' dir='ltr'><strong>maceras</strong></span> <span class='ocrx_word' id='word_1_444' title='bbox 536 5490 556 5540; x_wconf 94' lang='lat'>0</span> <span class='ocrx_word' id='word_1_445' title='bbox 582 5514 610 5525; x_wconf 96' lang='lat'>-</span> <span class='ocrx_word' id='word_1_446' title='bbox 634 5486 675 5537; x_wconf 76' lang='lat'><strong>27.</strong></span> <span class='ocrx_word' id='word_1_447' title='bbox 692 5485 736 5535; x_wconf 80' lang='lat' dir='ltr'><strong>list</strong></span> <span class='ocrx_word' id='word_1_448' title='bbox 754 5481 894 5534; x_wconf 69' lang='lat' dir='ltr'><strong>maasiam</strong></span> <span class='ocrx_word' id='word_1_449' title='bbox 911 5481 969 5545; x_wconf 69' lang='lat' dir='ltr'><strong>fleis</strong></span> <span class='ocrx_word' id='word_1_450' title='bbox 988 5479 1110 5529; x_wconf 70' lang='lat' dir='ltr'><strong>bmorwn</strong></span> <span class='ocrx_word' id='word_1_451' title='bbox 1128 5476 1214 5540; x_wconf 76' lang='lat' dir='ltr'><strong>populi</strong></span> <span class='ocrx_word' id='word_1_452' title='bbox 1230 5473 1316 5526; x_wconf 87' lang='lat' dir='ltr'><strong>schol.</strong></span> <span class='ocrx_word' id='word_1_453' title='bbox 1334 5474 1433 5526; x_wconf 82' lang='lat' dir='ltr'><strong>Lucani</strong></span> <span class='ocrx_word' id='word_1_454' title='bbox 1449 5474 1483 5532; x_wconf 88' lang='lat' dir='ltr'><strong>V,</strong></span> <span class='ocrx_word' id='word_1_455' title='bbox 1501 5473 1558 5524; x_wconf 85' lang='grc'><strong>383.</strong></span> <span class='ocrx_word' id='word_1_456' title='bbox 1579 5499 1605 5511; x_wconf 89' lang='grc'>-</span> 
     </span>
     <span class='ocr_line' id='line_1_46' title="bbox 296 5547 1605 5640; baseline -0.016 -21"><span class='ocrx_word' id='word_1_457' title='bbox 296 5579 339 5630; x_wconf 71' lang='lat'><strong>29,</strong></span> <span class='ocrx_word' id='word_1_458' title='bbox 356 5584 460 5640; x_wconf 66' lang='lat' dir='ltr'><strong>quam</strong></span> <span class='ocrx_word' id='word_1_459' title='bbox 473 5571 505 5619; x_wconf 72' lang='lat' dir='ltr'><strong>t:</strong></span> <span class='ocrx_word' id='word_1_460' title='bbox 528 5577 614 5630; x_wconf 83' lang='lat' dir='ltr'><strong>queres</strong></span> <span class='ocrx_word' id='word_1_461' title='bbox 628 5563 663 5621; x_wconf 85' lang='lat' dir='ltr'><strong>E;</strong></span> <span class='ocrx_word' id='word_1_462' title='bbox 685 5557 820 5623; x_wconf 68' lang='lat' dir='ltr'><strong>comico</strong></span> <span class='ocrx_word' id='word_1_463' title='bbox 839 5582 866 5592; x_wconf 91' lang='lat'>-</span> <span class='ocrx_word' id='word_1_464' title='bbox 891 5555 999 5617; x_wconf 82' lang='lat' dir='ltr'><strong>reperies</strong></span> <span class='ocrx_word' id='word_1_465' title='bbox 1015 5552 1057 5603; x_wconf 91' lang='lat' dir='ltr'><strong>ed.</strong></span> <span class='ocrx_word' id='word_1_466' title='bbox 1073 5552 1193 5602; x_wconf 87' lang='lat' dir='ltr'><strong>luntiua:</strong></span> <span class='ocrx_word' id='word_1_467' title='bbox 1219 5550 1330 5613; x_wconf 75' lang='lat' dir='ltr'><strong>repperis</strong></span> <span class='ocrx_word' id='word_1_468' title='bbox 1344 5549 1376 5609; x_wconf 83' lang='grc' dir='ltr'><strong>Τ,</strong></span> <span class='ocrx_word' id='word_1_469' title='bbox 1394 5551 1488 5612; x_wconf 80' lang='lat' dir='ltr'><strong>reperta</strong></span> <span class='ocrx_word' id='word_1_470' title='bbox 1504 5550 1533 5600; x_wconf 84' lang='lat' dir='ltr'><strong>E.</strong></span> <span class='ocrx_word' id='word_1_471' title='bbox 1567 5547 1605 5599; x_wconf 87' lang='lat' dir='ltr'><strong>Cl.</strong></span> 
     </span>
     <span class='ocr_line' id='line_1_47' title="bbox 297 5623 1607 5714; baseline -0.017 -21"><span class='ocrx_word' id='word_1_472' title='bbox 297 5643 559 5714; x_wconf 60' lang='lat' dir='ltr'><strong>navigiumopcec.</strong></span> <span class='ocrx_word' id='word_1_473' title='bbox 577 5635 757 5698; x_wconf 69' lang='lat' dir='ltr'><strong>ecceeup.</strong></span> <span class='ocrx_word' id='word_1_474' title='bbox 776 5633 851 5684; x_wconf 76' lang='lat' dir='ltr'><strong>son.</strong></span> <span class='ocrx_word' id='word_1_475' title='bbox 870 5655 897 5666; x_wconf 93' lang='lat'><em>-</em></span> <span class='ocrx_word' id='word_1_476' title='bbox 924 5625 1130 5692; x_wconf 73' lang='lat' dir='ltr'><strong>30.ttt]sttte</strong></span> <span class='ocrx_word' id='word_1_477' title='bbox 1149 5653 1176 5663; x_wconf 91' lang='lat'>-</span> <span class='ocrx_word' id='word_1_478' title='bbox 1194 5625 1291 5677; x_wconf 66' lang='lat' dir='ltr'><strong>ense</strong></span> <span class='ocrx_word' id='word_1_479' title='bbox 1311 5623 1607 5688; x_wconf 68' lang='lat' dir='ltr'><strong>tattsrmscssoestttc</strong></span> 
     </span>
     <span class='ocr_line' id='line_1_48' title="bbox 297 5694 1605 5785; baseline -0.018 -16"><span class='ocrx_word' id='word_1_480' title='bbox 297 5725 380 5776; x_wconf 62' lang='lat' dir='ltr'><em>m</em></span> <span class='ocrx_word' id='word_1_481' title='bbox 394 5723 510 5785; x_wconf 64' lang='lat' dir='ltr'><strong>psam</strong></span> <span class='ocrx_word' id='word_1_482' title='bbox 529 5713 755 5779; x_wconf 58' lang='lat' dir='ltr'><strong>sactu-metat:</strong></span> <span class='ocrx_word' id='word_1_483' title='bbox 779 5706 839 5756; x_wconf 81' lang='lat' dir='ltr'><strong>boec</strong></span> <span class='ocrx_word' id='word_1_484' title='bbox 851 5705 913 5769; x_wconf 76' lang='lat' dir='ltr'><strong>poci</strong></span> <span class='ocrx_word' id='word_1_485' title='bbox 928 5703 1023 5755; x_wconf 73' lang='lat' dir='ltr'><strong>iterim</strong></span> <span class='ocrx_word' id='word_1_486' title='bbox 1042 5702 1100 5753; x_wconf 73' lang='lat' dir='ltr'><strong>Vos.</strong></span> <span class='ocrx_word' id='word_1_487' title='bbox 1118 5702 1192 5754; x_wconf 82' lang='lat' dir='ltr'><strong>lectt.</strong></span> <span class='ocrx_word' id='word_1_488' title='bbox 1210 5701 1234 5764; x_wconf 94' lang='lat'><strong>1,</strong></span> <span class='ocrx_word' id='word_1_489' title='bbox 1250 5712 1278 5765; x_wconf 86' lang='lat' dir='ltr'><strong>p.</strong></span> <span class='ocrx_word' id='word_1_490' title='bbox 1295 5699 1353 5750; x_wconf 87' lang='grc'><strong>463.</strong></span> <span class='ocrx_word' id='word_1_491' title='bbox 1371 5726 1404 5737; x_wconf 92' lang='lat'><em>-</em></span> <span class='ocrx_word' id='word_1_492' title='bbox 1429 5699 1469 5749; x_wconf 89' lang='grc'><strong>33.</strong></span> <span class='ocrx_word' id='word_1_493' title='bbox 1486 5694 1605 5758; x_wconf 65' lang='lat' dir='ltr'><strong>meust]</strong></span> 
     </span>
    </p>
   </div>
   <div class='ocr_carea' id='block_1_5' title="bbox 299 5780 860 5858">
    <p class='ocr_par' dir='ltr' id='par_1_5' title="bbox 299 5780 860 5858">
     <span class='ocr_line' id='line_1_49' title="bbox 299 5780 860 5858; baseline -0.036 -7"><span class='ocrx_word' id='word_1_494' title='bbox 299 5780 860 5858; x_wconf 67' lang='lat' dir='ltr'><strong>.e.r-pr.r:preoso-0eosr.</strong></span> 
     </span>
    </p>
   </div>
   <div class='ocr_carea' id='block_1_6' title="bbox 0 0 1904 7350">
    <p class='ocr_par' dir='ltr' id='par_1_6' title="bbox 0 0 1904 7350">
     <span class='ocr_line' id='line_1_50' title="bbox 0 0 1904 7350; baseline 0 2"><span class='ocrx_word' id='word_1_495' title='bbox 0 0 1904 7350; x_wconf 95' lang='lat' dir='ltr'><strong> </strong></span> 
     </span>
    </p>
   </div>
  </div>
 </body>
</html>
