3800 7350
687 1197 761 1262 cn».
782 1198 981 1262 rur-xv.
1008 1195 1055 1282 §s
1077 1193 1225 1262 et-aa
1535 1189 1612 1259 ιοιι

295 1384 382 1430 mun
404 1365 525 1429 &ecus
546 1365 620 1439 ille;
643 1366 806 1430 minimum
829 1369 913 1432 enim
937 1367 1078 1433 dolorem
1094 1370 1211 1453 capiet,
1234 1368 1288 1452 qui
1303 1367 1395 1431 istam
1409 1386 1474 1432 non
1488 1366 1617 1433 videbit

293 1457 346 1523 db.
368 1459 431 1535 Qui
462 1459 605 1542 prolecto
627 1462 653 1524 si
676 1461 850 1536 exstiterit,
882 1463 927 1527 sic
948 1470 1021 1545 aget
1041 1483 1077 1526 ac
1099 1463 1145 1525 sic
1167 1462 1332 1546 loquetur:
1364 1461 1510 1537 «Mulier,
1540 1462 1617 1547 quid

293 1556 352 1618 tihi
374 1573 445 1617 cum
461 1553 589 1616 Caelio?
612 1554 690 1642 quid
705 1574 776 1617 cum
799 1555 928 1619 bomine
942 1556 1205 1619 adolescentulo?
1227 1556 1303 1638 quid
1319 1576 1391 1619 cum
1406 1556 1533 1620 alieno?
1557 1557 1619 1620 Cur

293 1655 433 1712 nuttam
454 1646 618 1711 familiaris
639 1648 715 1712 huic
734 1647 841 1722 fuisti,
873 1657 907 1712 ut
928 1670 1039 1712 aurum
1061 1648 1293 1723 commodares,
1319 1656 1375 1712 aut
1396 1656 1458 1713 tam
1481 1651 1618 1725 inimica,

291 1750 330 1807 nt
352 1760 512 1807 uenenum
544 1743 695 1804 timeres?
730 1741 802 1804 Non
827 1750 949 1825 patrem
977 1751 1066 1806 tuum
1092 1742 1238 1806 videras?
1270 1762 1336 1805 non
1358 1751 1520 1825 patruum,
1552 1754 1641 1808 nunt

291 1856 402 1911 auum,
423 1853 591 1917 proavum,
613 1844 737 1901 atavum
760 1835 905 1900 audieras
927 1836 1074 1900 consules
1094 1835 1217 1899 fuisset
1238 1855 1303 1899 non
1323 1836 1462 1920 donique
1477 1837 1575 1900 morlo
1587 1846 1618 1901 te

292 1929 333 2005 Q.
354 1926 473 1992 Metelli
501 1929 737 1992 matrimonium
764 1932 905 1994 tenuisse
935 1929 1073 2004 sciebas,
1106 1928 1270 1993 clarissimi
1303 1949 1341 1995 ac
1367 1929 1529 1996 fortissimi
1558 1933 1617 1997 riri

290 2024 475 2106 patriaeque
506 2022 736 2087 amantissimi?
769 2024 825 2106 qui
852 2023 1008 2088 simulac
1036 2022 1150 2106 pedem
1172 2023 1281 2087 limine
1303 2023 1475 2100 extulerat,
1507 2043 1617 2088 omnes

291 2135 392 2201 prope
406 2116 492 2180 cives
506 2115 632 2190 virtute,
647 2116 756 2198 gloria,
772 2115 925 2198 dignitate
940 2118 1131 2199 superabat?
1146 2116 1224 2180 Cum
1239 2137 1280 2179 ex
1294 2117 1486 2201 amplissimo
1500 2139 1617 2201 genere

291 2212 326 2274 in
345 2209 496 2275 lumiliam
519 2209 722 2273 clarissimam
745 2211 924 2293 nupsisses,
946 2231 1002 2273 cur
1024 2210 1081 2273 tibi
1097 2209 1220 2274 Caelius
1242 2218 1307 2274 tam
1325 2211 1513 2275 coniunctus
1533 2211 1655 2276 fuitito

292 2304 473 2387 cognatus?
494 2302 621 2366 affinis?
642 2303 702 2365 viri
724 2303 770 2366 tui
791 2302 978 2367 familiaris?
1000 2304 1078 2367 nihil
1101 2324 1220 2369 eorum.
1255 2303 1340 2381 Quid
1360 2306 1457 2387 igitur
1476 2305 1535 2369 luit
1554 2307 1616 2370 nisi

291 2398 447 2485 quaedam
468 2397 627 2462 temeritas
649 2417 686 2460 ac
708 2396 829 2459 libido?
850 2399 964 2460 Nonne
986 2405 1032 2470 te,
1054 2398 1081 2460 si
1103 2407 1230 2463 nostrae
1254 2398 1408 2481 imagines
1430 2399 1538 2462 viriles
1551 2419 1616 2464 non

290 2493 546 2565 commovebant,
569 2512 609 2554 ne
631 2491 799 2574 progenies
821 2491 948 2575 quidem
971 2512 1058 2566 mea,
1081 2491 1198 2568 Quinta
1220 2493 1276 2556 illa
1292 2491 1439 2565 Claudia,
1460 2493 1615 2555 aemulam

289 2588 481 2652 domesticae
506 2586 609 2650 laudis
630 2586 664 2648 in
689 2584 788 2667 gloria
807 2585 952 2649 muliebri
972 2605 1042 2648 esse
1058 2586 1272 2651 admonebat?
1294 2606 1358 2649 non
1371 2585 1460 2666 virgo
1483 2584 1539 2648 illa
1554 2587 1616 2649 Ve-

289 2683 378 2746 stalis
399 2680 550 2753 Clandia,
580 2699 663 2762 quae
685 2684 807 2760 patrem
823 2679 989 2763 complexa
1011 2680 1254 2763 triumphantem
1276 2680 1318 2742 ab
1338 2678 1465 2742 inimico
1487 2678 1615 2743 tribuno
1625 2695 1653 2740 tu

289 2775 398 2861 plebei
418 2774 458 2838 de
480 2792 573 2836 curru
594 2772 718 2836 detrahi
740 2792 834 2855 passa
855 2777 1008 2837 nonest?
1031 2772 1380 2839 Curtcfraternavitia
1397 2774 1615 2858 potiusquam

289 2870 372 2935 bona
393 2876 525 2953 paterna
547 2872 580 2929 et
600 2867 683 2929 avita
705 2873 737 2928 et
757 2887 859 2951 usque
880 2886 899 2929 a
921 2868 1012 2931 nobis
1027 2888 1099 2930 cum
1120 2868 1155 2930 in
1169 2868 1245 2930 viris
1266 2866 1448 2929 tumetium
1469 2866 1504 2929 in
1524 2865 1616 2929 lemi-

288 2963 340 3027 nis
361 2962 494 3046 repetita
517 2962 705 3023 moverunt?
727 2961 844 3023 ideone
866 2980 924 3043 ego
946 2980 1056 3044 pacem
1071 2958 1182 3044 Pyrrhi
1204 2958 1333 3034 diremi,
1355 2968 1392 3023 ut
1416 2968 1451 3023 tu
1471 2980 1613 3023 amorum

289 3055 542 3141 turpissimorum
570 3052 713 3136 qnotidie
737 3052 867 3117 foedera
894 3054 1029 3116 serires?
1066 3053 1138 3118 ideo
1162 3073 1277 3136 aquam
1298 3052 1437 3129 adduxi,
1464 3062 1501 3119 ut
1521 3074 1563 3119 ea
1579 3063 1614 3119 tu

289 3151 410 3213 inceste
429 3149 577 3211 uterere?
599 3147 673 3211 ideo
694 3148 778 3211 uam
800 3148 937 3222 munivi,
960 3155 995 3211 ut
1016 3167 1087 3210 eam
1107 3154 1142 3210 tu
1163 3147 1276 3210 alienis
1297 3147 1373 3210 viris
1394 3148 1544 3212 comitata
1564 3163 1651 3213 ceso

289 3241 480 3308 lebniiesi»

371 3336 440 3401 XV.
461 3333 514 3398 35.
536 3334 599 3398 Sed
627 3335 705 3419 quid
734 3355 810 3417 ego,
840 3334 977 3410 iudices,
1004 3336 1050 3399 ita
1078 3353 1205 3418 gravem
1232 3354 1400 3419 personam
1421 3337 1550 3413 induxi,
1579 3344 1614 3400 ut

289 3432 383 3495 etiam
411 3448 521 3493 verear
548 3449 589 3492 ne
618 3449 653 3493 se
680 3427 764 3492 idem
787 3432 908 3513 Appius
928 3438 1060 3512 repente
1081 3436 1245 3492 convertat
1265 3437 1299 3492 et
1320 3429 1459 3492 Caelium
1482 3432 1614 3514 incipiat

287 3542 443 3589 accusare*
457 3522 513 3586 illa
533 3542 592 3586 sua
612 3524 766 3606 gravitate
789 3523 956 3586 censorini
978 3522 1041 3586 Sed
1062 3523 1171 3585 videro
1192 3522 1255 3585 hoo
1275 3524 1434 3605 pestenm
1449 3532 1544 3608 atque
1560 3526 1613 3599 ita,

287 3617 424 3693 iudices,
444 3622 482 3680 ut
502 3616 783 3681 solemnissimis
805 3615 1068 3700 disceptatoribus
1090 3618 1131 3680 ii.
1155 3617 1252 3681 Caelii
1274 3618 1370 3682 utam
1392 3637 1445 3682 me
1465 3619 1650 3703 probatu-ao

287 3732 450 3777 ramesse
472 3711 638 3775 confidam.
671 3713 719 3774 Tu
741 3730 818 3775 uero
840 3711 954 3774 mulier
974 3711 1092 3774 -iam
1114 3712 1199 3774 enim
1213 3711 1283 3795 ipse
1296 3718 1418 3788 tenum,
1439 3713 1528 3775 nulla
1541 3733 1613 3795 per·

287 3825 366 3870 sona
386 3804 584 3880 introducta,
606 3804 724 3887 loquor
743 3839 805 3880 -,
827 3805 855 3868 si
876 3824 915 3868 ca
936 3825 1019 3889 quae
1041 3802 1118 3838 Μ
1139 3805 1276 3887 probare
1297 3807 1434 3888 cogitm,
1456 3807 1612 3870 rationem

286 3906 393 3964 tantu
420 3897 658 3974 familiaritatis,
686 3906 792 3963 tantae
819 3898 1078 3972 consuetudinis,
1108 3905 1216 3961 tantae
1243 3898 1481 3963 coniunctionis
1497 3901 1611 3964 reddas

350 4168 582 4222 a.mtiteris1³-
608 4182 639 4218 oc
655 4169 750 4219 PEG:
769 4174 792 4220 et
809 4171 855 4218 SO
875 4197 902 4205 -
922 4168 1155 4218 enaim-otiare
1168 4167 1244 4217 alleri
1259 4166 1352 4232 Aquila
1369 4169 1503 4220 Romanus
1520 4169 1535 4233 5
1552 4169 1567 4220 3
1584 4173 1611 4220 et

285 4245 377 4296 rhetor
395 4245 512 4295 incertus
533 4243 559 4293 in
582 4242 682 4293 Anecd.
702 4243 783 4293 Paris.
803 4255 829 4307 p.
847 4244 863 4293 5
887 4243 930 4294 ed.
950 4244 1081 4294 Eckstein.
1103 4270 1130 4279 -
1154 4241 1178 4292 3.
1196 4242 1364 4292 hommem.
1382 4243 1485 4307 Aquila.
1505 4268 1531 4278 -
1551 4246 1612 4308 post

284 4319 466 4371 mumulo
482 4318 508 4368 ln
526 4319 545 4367 l’
562 4317 615 4368 duo
632 4330 691 4368 voc.
711 4329 786 4368 erasa
803 4319 877 4379 sunt,
899 4319 979 4368 etiam
995 4319 1037 4367 ulo
1053 4319 1080 4368 in
1097 4329 1149 4367 ras.
1168 4318 1298 4381 scriptum
1316 4319 1365 4367 est.
1386 4345 1413 4353 —
1432 4317 1457 4368 i.
1474 4317 1576 4382 toltum
1592 4320 1611 4368 P

285 4397 341 4460 (cur
356 4398 449 4445 euin
459 4393 558 4444 sunau
573 4392 651 4443 atiert
667 4390 746 4443 lulius
763 4392 921 4444 severianus
937 4407 965 4457 p.
977 4393 1025 4444 333
1043 4392 1135 4458 capp.)
1149 4418 1176 4427 -
1196 4391 1220 4442 6.
1238 4405 1315 4442 aim
1331 4395 1364 4452 Ρ;
1384 4394 1443 4456 (noe
1454 4407 1543 4454 wreus,
1561 4408 1611 4443 non

281 4481 424 4532 mesu,
440 4481 493 4519 eoa
508 4472 614 4518 mum
629 4466 788 4526 Lambinus;
810 4468 838 4516 at
853 4480 879 4518 v.
898 4467 985 4520 Madv.
1003 4468 1101 4532 opusc.
1119 4469 1144 4527 l,
1162 4481 1189 4532 p.
1207 4467 1264 4517 366.
1282 4468 1318 4528 li,
1336 4480 1363 4532 p.
1381 4468 1449 4532 iii.)
1467 4493 1496 4504 -
1514 4469 1539 4519 7.
1557 4469 1611 4518 olo·

283 4544 377 4596 muti
387 4544 603 4595 --utuoutiuimi
620 4542 697 4593 etlert
712 4543 861 4594 Ριίιοῐιιιιιι
877 4542 966 4602 xviii,
978 4544 1006 4603 i,
1017 4542 1059 4592 20.
1072 4568 1100 4578 -
1120 4543 1144 4593 8.
1157 4543 1237 4592 cuuis
1247 4556 1328 4606 prope
1342 4543 1406 4593 aas·
1417 4544 1464 4593 Pa
1477 4570 1504 4580 -
1517 4545 1542 4594 9.
1554 4556 1612 4594 rma

285 4620 322 4672 C:
339 4621 381 4672 orel
390 4634 448 4672 nest
458 4621 480 4671 0
492 4644 520 4655 -
538 4619 580 4669 444.
592 4619 740 4681 innupsisses
751 4617 954 4682 Oudendorpius
964 4616 999 4667 ad
1009 4616 1085 4681 Apul.
1098 4619 1205 4668 iletam.
1217 4617 1263 4677 1x,
1277 4631 1301 4668 c.
1315 4617 1356 4679 34,
1368 4617 1446 4682 prob.
1459 4616 1554 4668 0rellio
1563 4617 1609 4682 (ih

285 4698 314 4747 at
327 4708 354 4748 v.
371 4697 426 4748 bic.
444 4696 487 4758 IV,
505 4694 530 4746 i.
549 4705 587 4743 or.
605 4706 655 4758 pro
672 4693 774 4745 cluent.
793 4693 808 4757 5
827 4693 889 4754 488,
908 4703 976 4755 quos
992 4690 1063 4742 locos
1080 4691 1289 4755 Wesenbergius
1305 4691 1398 4743 attulit.
1415 4718 1441 4728 -
1462 4694 1503 4744 44.
1521 4693 1612 4758 odflota

284 4773 345 4823 i>-
363 4784 451 4823 eurem
467 4771 501 4822 C:
519 4769 609 4819 tonsu
625 4770 654 4820 0.
679 4767 718 4819 Cl.
737 4767 834 4833 paen,
853 4769 893 4818 ti.
908 4792 934 4804 -
955 4766 995 4816 li.
1012 4780 1094 4818 eom
1109 4768 1144 4817 c:
1161 4779 1213 4816 ooo
1229 4767 1258 4816 0.
1277 4766 1463 4832 Ci.§6⁰etv.
1476 4767 1562 4820 Madv.
1575 4767 1610 4818 ad

285 4846 340 4902 cic.
357 4846 396 4897 de
410 4846 484 4898 Ftnn.
501 4858 529 4910 p.
542 4842 599 4894 433.
618 4840 711 4894 blandii
728 4840 839 4894 Tursel.
852 4841 894 4903 lv,
906 4854 934 4906 p.
947 4841 1004 4892 343.
1019 4869 1046 4879 -
1065 4843 1105 4892 ie.
1120 4841 1199 4905 plebei
1214 4844 1247 4893 P:
1264 4842 1342 4905 plebia
1357 4844 1416 4892 0-
1437 4842 1478 4892 44.
1494 4842 1611 4906 {roim

280 4923 368 4985 petitas
384 4923 451 4974 uitta
470 4923 504 4983 (i,
526 4917 576 4970 sed
598 4919 633 4968 ita
656 4921 687 4969 ut
704 4919 767 4982 [rot.
786 4920 813 4968 et
833 4917 899 4967 uitio
914 4917 995 4980 signis
1012 4917 1185 4981 superpositis
1201 4918 1271 4968 inter
1287 4930 1317 4969 se
1334 4917 1531 4983 transponenda
1549 4930 1610 4968 esse

283 4995 424 5050 induetur.
444 5022 471 5034 -
495 4995 536 5045 ti.
554 5007 573 5043 o
589 5005 642 5044 om.
662 4995 684 5044 G
702 5017 729 5031 -
755 4992 795 5044 te.
812 4996 945 5044 mommo
960 4994 988 5054 P,
1007 4992 1055 5042 sed
1070 5005 1130 5042 sucu
1145 4994 1172 5043 in
1188 5005 1242 5044 res.
1261 4994 1371 5044 maiore.
1398 4991 1509 5042 Videtur
1524 4991 1610 5041 rariue

283 5071 411 5135 verbum,
427 5069 502 5123 volnt
516 5068 709 5128 diximusne,
727 5066 785 5118 loco
804 5069 906 5119 motum
923 5079 992 5117 esse.
1013 5092 1041 5102 -
1059 5079 1104 5130 spo
1119 5079 1175 5118 om.
1193 5069 1214 5117 (i
1233 5093 1259 5104 -
1278 5068 1354 5130 Pom
1371 5068 1465 5129 thon
1477 5067 1504 5129 Ρ)
1524 5092 1551 5104 -
1569 5065 1611 5116 de·

282 5142 932 5206 reatr1-taooucuotoesaarmuse-
950 5141 991 5190 ii.
1009 5140 1261 5201 bumbulum.
1280 5143 1326 5201 ix,
1343 5140 1611 5203 zeti—utem

281 5232 373 5273 ueram·
387 5218 597 5282 wesenbergus
615 5217 658 5281 (ad
674 5218 821 5270 scatianum
839 5229 866 5282 p.
883 5216 909 5266 2.
927 5218 982 5266 not.
1000 5215 1050 5277 ll:
1067 5220 1097 5266 ut
1111 5221 1135 5267 et
1150 5229 1242 5268 uereor
1258 5216 1353 5274 Pii&
1370 5221 1399 5265 ut
1413 5228 1505 5267 emur
1519 5215 1566 5264 SO
1580 5240 1606 5253 -

283 5292 595 5348 ibttltlecEffl-ib.
613 5293 746 5343 utuelS:
764 5304 817 5343 om.
837 5294 987 5351 G;ut0m.
1006 5290 1055 5340 PE
1073 5294 1113 5353 (Ρῑ
1131 5291 1342 5354 &iudicatam
1364 5289 1611 5342 iort.utseuerisai-

282 5371 343 5432 sate,
361 5372 392 5422 ut
406 5369 471 5423 nihii
487 5367 666 5430 interciderit,
685 5367 735 5418 sed
750 5368 792 5418 uei
808 5367 835 5417 et
849 5370 879 5416 ut
894 5366 964 5415 tuter
974 5377 1004 5415 se
1015 5366 1125 5417 contusa
1136 5367 1196 5418 sint.
1211 5393 1239 5403 -
1257 5366 1321 5416 costi
1334 5367 1354 5416 P
1367 5391 1395 5403 -
1412 5364 1455 5415 ai.
1468 5365 1536 5415 inter
1546 5375 1612 5426 qaue

283 5447 312 5496 et
324 5442 586 5509 robose‘llbrarlus,
604 5444 650 5507 qut
666 5444 789 5495 codicem
806 5445 825 5494 P
842 5443 973 5503 exaravit,
998 5443 1113 5506 spatium
1129 5453 1245 5491 vacuum
1262 5441 1340 5491 unius
1355 5451 1451 5490 susus
1467 5441 1495 5489 et
1510 5436 1611 5488 dimidii

281 5518 401 5585 reliquitc
422 5517 519 5571 lacuna
535 5531 617 5569 mauu
633 5515 696 5579 ulia,
719 5517 768 5570 sed
789 5519 882 5569 uetere
904 5517 947 5569 his
969 5516 1058 5568 verbis
1079 5517 1175 5580 ineptis
1191 5515 1297 5580 expleta
1313 5516 1366 5567 est:
1390 5514 1454 5577 secta
1469 5526 1536 5576 quoe
1550 5513 1613 5563 ditis

281 5606 347 5656 ceu
361 5595 390 5645 ts
403 5606 516 5646 meoruu
531 5598 603 5644 unos
617 5593 714 5644 moliris
729 5606 795 5656 quus
810 5597 975 5657 armentu,
993 5593 1023 5642 ut
1039 5592 1104 5643 item
1121 5593 1142 5641 G
1158 5590 1252 5654 hebet,
1272 5590 1306 5641 da
1317 5602 1372 5656 quo
1384 5588 1572 5655 stipplemento
1582 5600 1610 5636 v.

282 5681 351 5734 qnae
375 5669 467 5721 monui
486 5671 514 5722 in
538 5666 1118 5732 iius.itnen.1utscnoliivot.1x‚p.3ae
1135 5677 1177 5731 sq.
1203 5667 1260 5717 iioe
1283 5667 1373 5733 ipsum
1395 5662 1612 5729 supplementum

280 5743 403 5796 homines
419 5743 491 5808 Itali,
513 5747 544 5796 ut
559 5745 601 5796 est
616 5745 644 5795 in
661 5742 721 5794 nod.
734 5745 765 5806 s,
783 5745 823 5795 sic
839 5743 984 5795 emendare
1000 5743 1088 5793 conati
1103 5743 1181 5793 sunt:
1203 5743 1349 5805 atsuquoe
1363 5739 1447 5804 ism,
1466 5736 1610 5801 quaedio's,

281 5830 346 5880 Μ
360 5817 506 5883 mi
524 5832 591 5884 444444
603 5819 716 5882 nom,
734 5831 799 5884 um
813 5818 926 5884 urm]
939 5816 1052 5882 prebere
1064 5817 1174 5882 mattas,
1191 5827 1246 5880 qno
1260 5828 1351 5881 panno
1361 5810 1520 5867 intolerabili
1530 5810 1612 5861 etiarn

283 5903 356 5947 nuno
371 5891 504 5948 edim
519 5893 642 5950 lesden·
659 5896 729 5948 sunt.
