3800 7350
693 1193 959 1262 omvnr-n
986 1188 1203 1277 serr-na.
1524 1174 1609 1254 t3⁸⁷

295 1384 380 1431 auae.
417 1365 579 1447 Ingressus
601 1364 709 1430 urben
731 1372 794 1438 eat,
817 1384 882 1448 qno
895 1364 1044 1430 comitatu
1059 1363 1110 1429 rel
1128 1363 1233 1447 potina
1246 1360 1387 1444 agmine!
1408 1378 1481 1430 444444
1495 1355 1607 1426 dextra

294 1459 435 1532 sinistra,
463 1465 607 1539 gemente
633 1456 752 1543 populo
778 1458 934 1533 llomano,
962 1459 1133 1523 minaretur
1154 1455 1305 1529 dominia,
1334 1462 1459 1520 noaret
1478 1451 1605 1523 00444014

294 1551 467 1620 brianum
497 1572 531 1616 se
552 1553 660 1617 urbem
681 1550 784 1635 palam
807 1551 872 1615 ania
893 1551 1105 1637 polliceretur.
1139 1550 1245 1615 Rediit
1265 1550 1305 1614 ad
1326 1548 1458 1624 militen
1485 1543 1608 1626 41441444·

292 1644 399 1710 etitera
421 1644 476 1712 illa
495 1644 604 1709 Tiburi
627 1646 745 1710 contio.
780 1645 859 1710 lade
881 1645 920 1708 ad
935 1645 1045 1709 urbam
1060 1663 1188 1718 44444444,
1209 1650 1338 1709 sonatur
1359 1643 1392 1708 in
1406 1637 1608 1725 capotium.

291 1746 399 1823 parata
422 1739 460 1802 de
483 1738 768 1803 circumscribendo
790 1738 990 1804 adolescente
1012 1738 1168 1803 sententia
1182 1736 1371 1812 coaaularie,
1391 1754 1463 1800 cum
1477 1736 1630 1815 reponas

290 1865 331 1878 -
352 1850 425 1899 naar
457 1832 601 1897 llartiam
632 1832 789 1914 legionem
818 1832 914 1897 Albae
947 1832 1130 1896 oenaedieae
1160 1831 1278 1895 sciebat
1304 1862 1346 1880 ·-
1366 1825 1545 1896 alterurn
1566 1823 1607 1885 de

291 1935 401 2011 quarta
429 1927 568 1991 nuntius.
615 1925 687 2001 Quo
717 1926 881 2009 perculsus
902 1926 1016 1991 abiecit
1037 1926 1205 1990 consilium
1226 1925 1382 1989 referendi
1403 1922 1442 1990 ad
1464 1927 1606 1988 4444444444

290 2023 329 2086 de
352 2020 503 2086 Caesarea
525 2040 670 2102 egressae
691 2028 740 2085 eet
761 2040 825 2084 non
839 2022 915 2096 viia,
937 2021 994 2085 red
1012 2020 1188 2085 tramitibus
1209 2019 1390 2105 paludatae,
1412 2036 1517 2101 eoque
1537 2016 1608 2097 ipeo

290 2116 341 2179 dia
363 2115 601 2179 innumerabilia
617 2124 744 2179 aenatue
760 2115 903 2179 conculta
917 2116 1007 2180 lecit:
1033 2135 1115 2199 qnae
1131 2115 1261 2199 quidem
1276 2115 1383 2178 omnia
1397 2113 1489 2178 cilina
1504 2109 1607 2176 delata

290 2228 385 2293 quam
407 2209 524 2292 scripta
545 2216 628 2272 eunt.
671 2206 721 2271 00.
744 2208 793 2271 Ex
816 2228 853 2273 eo
874 2229 939 2272 non
961 2211 1037 2285 iter,
1059 2209 1115 2273 aed
1137 2228 1248 2272 curans
1271 2202 1644 2290 acragantinorum

290 2302 453 2367 Caesarem
476 2305 567 2386 nequi
587 2302 796 2369 arbitrabatur
817 2324 888 2368 cum
910 2303 1035 2387 legione
1050 2305 1177 2377 Martia,
1199 2323 1269 2365 cnm
1286 2310 1407 2385 quarte,
1430 2318 1501 2363 cum
1522 2305 1608 2364 vate

287 2396 383 2471 rania,
401 2416 535 2479 quorum
556 2396 610 2461 ille
633 2417 748 2460 nomen
770 2416 844 2481 prae
861 2406 946 2461 metu
968 2398 1050 2461 lerre
1068 2417 1132 2460 non
1147 2402 1289 2480 poteratz
1311 2396 1405 2478 eique
1426 2395 1459 2457 in
1475 2392 1608 2460 Galliam

287 2492 463 2576 penetranti
477 2492 515 2553 Ι).
530 2511 564 2555 ee
579 2493 691 2556 brutus
706 2491 834 2566 obiecit,
851 2494 905 2575 qui
925 2511 959 2555 sa
978 2492 1074 2555 totins
1089 2490 1165 2554 belli
1179 2492 1325 2556 ductibus
1340 2488 1497 2554 circumiri
1512 2505 1606 2570 quam

288 2583 376 2647 illum
403 2592 458 2647 aut
484 2585 609 2667 regredi
629 2592 685 2647 aut
705 2585 850 2669 progredi
877 2585 1001 2659 maluit,
1030 2587 1247 2668 Mutinamque
1268 2584 1314 2647 illi
1337 2581 1506 2648 exsultanti
1529 2589 1608 2646 tam·

288 2697 381 2761 pram
408 2677 514 2744 trenoa
540 2677 655 2742 luroris
677 2679 792 2746 iniecit.
838 2679 940 2755 Quam
961 2700 1034 2744 cnm
1056 2680 1204 2763 operibus
1225 2677 1517 2758 munitionibusque
1538 2688 1647 2743 saa-tt

286 2771 417 2854 palmet,
439 2791 498 2835 neo
520 2793 593 2838 eum
607 2773 753 2837 coloniae
770 2774 1011 2838 llorentiaaimaa
1026 2772 1162 2855 dignitas
1178 2791 1281 2856 neque
1297 2772 1437 2836 conantia
1452 2767 1606 2851 denigrati

285 2865 431 2930 maieatas
459 2886 478 2930 a
506 2866 675 2950 parricidio
705 2867 891 2943 deterreret,
920 2875 986 2930 tum
1016 2888 1067 2934 ma
1088 2899 1131 2916 -
1157 2874 1254 2930 taeter
1274 2872 1307 2929 et
1327 2886 1382 2933 roa
1405 2871 1437 2929 et
1456 2862 1606 2947 populum

285 2960 460 3024 Romanum
490 2969 523 3024 et
550 2979 658 3026 omnea
684 2960 761 3026 deos
792 2962 848 3046 qui
876 2962 951 3025 buic
982 2960 1052 3023 urbi
1079 2960 1259 3045 praecident
1281 2993 1320 3008 ·-
1340 2960 1440 3024 inrito
1461 2964 1494 3021 et
1514 2976 1608 3039 rapu·

285 3058 400 3133 garum
428 3051 523 3136 legati
553 3054 641 3119 mirei
670 3064 733 3119 trea
755 3054 936 3121 consulares
964 3056 1004 3118 ad
1026 3055 1182 3119 latronum
1204 3062 1236 3117 et
1256 3052 1463 3137 gladiatorum
1485 3051 1606 3115 ducem.

284 3141 335 3209 24.
358 3146 440 3222 Quia
461 3156 524 3211 tam
545 3148 695 3214 barbarus
710 3154 885 3233 nmquamt
907 3157 970 3213 tam
992 3151 1160 3213 immania?
1181 3157 1246 3213 tam
1264 3148 1372 3212 lerunt
1393 3149 1462 3212 Non
1476 3142 1645 3220 audivique

285 3260 350 3306 nou
377 3240 558 3324 respondit:
587 3262 694 3326 nequo
724 3263 779 3307 eoa
810 3243 911 3306 nolum
940 3250 1138 3326 praesentes,
1167 3242 1223 3305 sed
1252 3243 1351 3307 multo
1373 3242 1471 3324 magia
1492 3258 1565 3311 noa,
1588 3254 1606 3300 a

286 3335 402 3417 quibne
424 3335 470 3400 illi
493 3344 582 3399 erant
604 3337 712 3411 misai,
739 3336 856 3420 aprarit
878 3344 909 3400 et
931 3356 988 3420 pro
1010 3336 1110 3399 nihilo
1132 3336 1262 3420 putavit.
1299 3338 1411 3400 Postea
1431 3328 1606 3417 quod'sce·

285 3429 347 3502 lua,
377 3430 464 3514 quod
495 3428 617 3494 iacinue
645 3430 800 3513 parricida
827 3449 893 3494 non
922 3429 1043 3493 edidit?
1076 3430 1291 3494 Circrrmaedet
1318 3429 1446 3494 colonos
1471 3434 1606 3499 nostroe,

285 3523 458 3587 exercitum
481 3524 591 3607 populi
613 3524 760 3598 Romani,
782 3525 1000 3606 imperatorem
1022 3525 1185 3588 conanlem
1209 3523 1422 3606 designatum:
1448 3541 1538 3604 agros
1557 3520 1606 3584 di·

284 3621 380 3681 vaxat
405 3617 518 3683 civium
548 3618 753 3703 optimorum:
784 3618 883 3682 boetia
911 3620 1111 3683 taeterrimae
1138 3617 1281 3683 omnibus
1311 3617 1405 3682 bonis
1432 3636 1540 3681 emeca
1569 3622 1643 3679 4434

284 3719 438 3774 tormenta
461 3712 633 3775 minitatur.
672 3713 748 3776 Cum
769 3713 849 3787 boc,
871 3715 912 3776 ld.
927 3713 1067 3797 Lepide,
1088 3732 1151 3798 pu
1173 3733 1242 3776 asae
1266 3731 1346 3795 quae
1369 3714 1494 3795 potenti
1516 3712 1606 3775 onina

284 3823 324 3867 ne
345 3805 503 3888 supplicio
527 3806 655 3888 quidem
678 3807 743 3869 ullo
765 3809 872 3870 satiari
895 3807 1019 3871 ridetur
1039 3827 1132 3891 posse
1153 3806 1290 3891 populns
1313 3807 1480 3870 Romanus.

368 3897 408 3959 X.
430 3894 481 3960 20.
504 3899 596 3974 Quod
620 3901 646 3962 ai
669 3901 740 3983 quis
762 3899 906 3963 dubitare
928 3900 1032 3965 adhuc
1052 3901 1156 3983 potuit
1178 3903 1256 3982 quin
1278 3900 1366 3962 nulla
1382 3901 1514 3963 sociatae
1531 3898 1605 3961 huic

285 3990 389 4055 ordini
419 3993 601 4076 populoque
632 3995 772 4056 llomano
802 4014 871 4057 cnm
900 3995 956 4056 illa
985 3995 1254 4077 importunissima
1283 3994 1377 4057 belna
1398 3999 1505 4076 pooiet
1525 4011 1614 4063 aare.

284 4083 408 4147 desinat
429 4086 571 4169 prolecto
594 4086 737 4150 dubitare
759 4087 809 4150 bia
831 4090 965 4173 cognitis
987 4088 1115 4161 litteris,
1139 4108 1215 4169 quae
1230 4088 1306 4153 mibi
1321 4087 1432 4150 misnae
1447 4085 1486 4148 ab
1501 4085 1641 4149 Hirtiott

284 4179 414 4243 coneule
443 4181 536 4244 modo
565 4183 680 4266 accepi.
727 4184 789 4246 liar
818 4184 893 4246 dnm
921 4184 1016 4246 recito
1045 4185 1184 4265 dumque
1213 4182 1253 4245 de
1280 4182 1412 4264 singulis
1441 4180 1603 4243 cententiit

284 4270 420 4336 breviter
443 4275 586 4358 disputo,
610 4276 720 4351 velim,
745 4284 851 4360 patres
874 4277 1060 4359 conscripti,
1083 4285 1116 4339 ut
1136 4276 1238 4339 adhuc
1260 4274 1395 4349 fecistis,
1417 4293 1466 4337 me
1487 4281 1603 4336 attente

284 4367 430 4430 audiatis.
466 4369 817 4434 Antoninaliirtlo
840 4378 877 4434 ot
900 4370 1069 4434 Caesari.
1116 4371 1228 4454 Neque
1250 4389 1285 4432 ee
1306 4370 1525 4453 imperatorem
1547 4387 1603 4429 ne-

333 4611 357 4660 4.
374 4611 402 4659 ln
417 4608 503 4658 urbem
519 4607 547 4669 b,
560 4609 608 4660 aed
625 4610 652 4660 44
667 4610 846 4676 punct-ccl
861 4622 914 4661 om.
928 4624 942 4661 a
955 4636 982 4648 -
995 4610 1101 4660 44444444
1117 4611 1143 4669 4;
1161 4607 1307 4660 4444444444
1321 4634 1349 4646 -
1367 4608 1391 4660 3.
1406 4608 1536 4671 pollicetur
1551 4605 1603 4657 444Ι

285 4711 312 4722 -
327 4685 392 4735 redit
407 4685 507 4734 mei-
526 4683 568 4734 4444
585 4687 620 4748 gt
633 4711 660 4722 ·-
679 4684 703 4737 4.
716 4685 799 4748 acon
816 4687 893 4750 agt;
912 4685 1126 4736 libarallnretua
1140 4710 1167 4721 -
1187 4686 1212 4734 a.
1228 4688 1324 4746 parata
1340 4681 1435 4735 om.b¹
1448 4710 1474 4721 -
1487 4682 1557 4732 444444.
1570 4683 1604 4731 at

284 4786 312 4796 -
325 4759 480 4822 4444444444
494 4761 613 4809 mutuom
630 4760 712 4821 4444444
729 4773 777 4825 pro
793 4775 853 4811 acm
864 4758 955 4811 maluit
966 4760 1089 4822 Faernus)
1104 4785 1132 4795 -
1152 4758 1176 4807 6.
1190 4758 1245 4808 utba
1261 4759 1302 4816 tt;
1320 4758 1405 4809 4444444
1421 4772 1473 4809 4-
1491 4759 1605 4821 adfatur

283 4848 339 4884 a-
358 4835 383 4884 7.
401 4835 506 4885 namur
522 4847 575 4897 ag;
595 4832 683 4885 icatur
699 4838 710 4886 t
727 4862 754 4873 -
772 4838 867 4900 44444444
883 4837 894 4884 4
911 4861 938 4871 -
960 4834 985 4886 8.
1004 4834 1135 4896 oedernquc
1150 4834 1190 4882 dia
1206 4834 1259 4896 ipso
1277 4833 1285 4882 l
1304 4856 1332 4869 —
1351 4832 1375 4882 3.
1392 4834 1475 4898 [eadm
1492 4834 1605 4884 44444444

284 4936 312 4948 -
326 4909 409 4960 delato
424 4909 501 4970 agl:
520 4908 599 4958 deleto
614 4907 642 4968 b,
654 4910 684 4958 nt
694 4907 776 4960 voluit
787 4911 846 4961 Car.
859 4913 937 4962 Peter
948 4910 982 4973 (in
995 4906 1085 4958 Philet.
1098 4908 1168 4970 Vlll,
1181 4920 1208 4972 p.
1221 4906 1295 4968 tte);
1311 4908 1374 4958 tecto
1391 4907 1400 4957 4
1418 4934 1445 4944 -
1464 4909 1504 4958 to.
1516 4908 1604 4970 4444444

282 4985 387 5050 pultium
403 4986 413 5033 t
429 5010 463 5021 -
479 4983 518 5032 44.
536 4996 601 5034 cuer.
615 4985 669 5047 (sic)
687 4987 736 5044 at;
756 4998 846 5036 caesui·
861 4998 878 5049 g
894 5012 921 5022 -
939 4982 1131 5034 arbitrabuntur
1147 4995 1162 5031 a
1182 5009 1210 5019 —
1229 4983 1270 5033 ta.
1286 4987 1403 5045 potam
1417 4980 1436 5032 b
1454 4981 1513 5032 tort.
1529 4985 1603 5032 recte

286 5087 312 5098 -
331 5060 372 5110 43.
390 5059 544 5122 4444444434
563 5085 589 5096 -
615 5058 654 5110 tl.
673 5061 798 5124 apredtl;
823 5063 851 5111 at
866 5060 900 5111 cl.
918 5072 957 5110 or.
976 5060 1023 5119 Xl,
1043 5057 1100 5122 Sl.
1121 5082 1145 5092 -
1171 5056 1603 5119 encoma-mitandum

285 5162 313 5172 -
332 5136 371 5184 444.
386 5132 507 5197 oper-ibae]
525 5133 568 5184 hic
586 5133 674 5184 deficit
690 5133 749 5185 cod.
768 5148 785 5199 g
804 5161 831 5171 -
849 5136 947 5198 rcpbaet
964 5133 1019 5184 bti
1038 5159 1064 5169 -
1085 5133 1125 5183 43.
1143 5133 1189 5183 col.
1206 5135 1264 5197 tter.
1283 5132 1361 5183 abt:
1377 5135 1435 5198 tter.
1453 5133 1499 5182 ccl.
1518 5131 1555 5182 40
1574 5159 1600 5168 -

283 5210 324 5260 t't.
336 5210 441 5260 34444444
459 5211 470 5258 4
486 5235 513 5245 -
534 5208 574 5258 ta.
593 5211 671 5260 4444444
686 5208 745 5260 b-
766 5210 806 5260 49.
824 5210 952 5260 utmorem
969 5213 992 5258 et
1007 5208 1179 5272 gladiatorum
1195 5208 1304 5272 acrtpsl:
1322 5207 1431 5258 totrcoca
1447 5221 1491 5257 444,
1503 5207 1603 5270 gudia-

283 5291 365 5336 torum
381 5283 435 5344 bt;
454 5283 576 5334 latronem
594 5298 636 5336 444.
648 5285 813 5349 gladiatorem
829 5297 858 5340 a:
877 5283 1000 5332 latronem
1011 5284 1046 5332 44.
1059 5283 1207 5342 Antoninon,
1224 5283 1395 5346 gladiatorum
1410 5283 1447 5332 i0
1462 5307 1487 5319 -
1507 5282 1547 5332 20.
1561 5282 1602 5329 444-

282 5359 364 5409 monta
380 5371 394 5408 a
407 5384 434 5394 -·
454 5364 507 5408 tum
524 5360 617 5421 44444444
630 5362 641 5409 4
655 5387 681 5397 -
698 5360 739 5410 at.
752 5359 903 5422 responderit
920 5370 999 5419 neque
1013 5369 1070 5406 eaor
1086 5359 1097 5406 4
1115 5383 1142 5391 -
1161 5357 1241 5406 cotton
1252 5369 1305 5407 orn.
1318 5355 1346 5406 b¹
1359 5383 1386 5394 -
1404 5357 1445 5407 23.
1460 5358 1603 5420 4444444344

283 5447 299 5484 a
317 5461 344 5471 -·
363 5436 522 5485 circumsedet
534 5432 592 5484 bt:
611 5436 756 5485 4444444444οά4
771 5448 801 5493 a;
819 5434 974 5484 circumsedit
990 5433 1027 5482 40
1040 5456 1067 5467 -
1086 5437 1184 5483 aaaron
1200 5432 1279 5482 abt:
1297 5438 1390 5483 4444444
1405 5434 1486 5485 40-
1502 5431 1543 5484 tl.
1562 5434 1602 5484 di·

282 5509 352 5567 acuit
368 5521 382 5558 a
401 5508 457 5569 (aad
475 5515 502 5558 ct
518 5521 585 5559 corr.
599 5510 609 5559 4
628 5511 689 5570 m.);
708 5510 816 5559 4444444
833 5512 843 5559 4
861 5535 889 5546 -
907 5510 948 5559 id.
967 5509 1114 5558 deterrimus
1129 5522 1143 5558 a
1162 5533 1190 5544 ·-
1209 5508 1250 5558 ab.
1267 5509 1394 5559 minitaret
1410 5522 1427 5558 4
1445 5535 1472 5547 ·-
1490 5509 1601 5570 4444444444

285 5608 312 5619 -
331 5584 372 5632 at.
389 5584 484 5633 auctori
499 5586 535 5633 44
554 5610 581 5621 -
596 5598 623 5646 p.
640 5597 664 5632 r.
683 5596 711 5643 a;
729 5597 752 5632 r.
768 5597 795 5646 p.
809 5583 847 5634 bt
863 5609 891 5619 -
909 5583 950 5634 28.
970 5583 1083 5633 dubitare
1099 5584 1180 5634 4444444
1196 5586 1221 5634 t:
1240 5584 1321 5634 adbuc
1336 5583 1449 5635 dabitoeu
1464 5583 1552 5635 abio
1571 5609 1598 5620 ·-

283 5656 353 5708 444444
369 5659 395 5706 4;
413 5658 467 5709 utta
482 5656 542 5707 abi
560 5685 587 5696 -
606 5657 774 5720 30.4’44ρο4·4.4
792 5683 819 5696 -
834 5664 916 5721 pooiet
931 5657 986 5708 bt:
1003 5660 1079 5720 poerit
1096 5659 1197 5709 440-
1216 5658 1382 5723 3044444444
1398 5662 1425 5718 4;
1444 5660 1534 5710 44444444
1549 5657 1599 5708 Er·

284 5731 353 5781 nesti
368 5732 428 5790 (non
446 5732 509 5782 item
526 5746 554 5793 4,
572 5735 602 5782 ut
618 5734 654 5783 alt
670 5731 746 5784 Orelli
763 5732 819 5785 Vol.
837 5734 879 5794 lV,
897 5734 928 5795 4,
945 5746 973 5798 p.
991 5733 1048 5795 43444
1066 5746 1144 5792 vere.
1161 5735 1191 5783 ut
1206 5733 1321 5784 videtur.
1338 5761 1371 5772 -
1387 5723 1418 5783 iis
1435 5735 1443 5782 ἰ
1461 5759 1488 5770 -
1512 5733 1553 5784 34.
1571 5733 1601 5783 de

284 5818 337 5857 orn.
359 5807 369 5854 4
387 5831 414 5842 -
437 5805 477 5858 33.
495 5808 568 5859 velim
588 5807 667 5859 abt:
690 5821 743 5860 om.
765 5809 823 5858 l-
844 5809 885 5859 33.
903 5809 964 5872 top.
983 5813 1007 5859 et
1023 5821 1101 5871 neque
1117 5808 1151 5869 b;
1172 5809 1515 5876 mmmmm
1529 5807 1598 5858 enni.

281 5880 392 5931 Ernesti.
