3800 7350
314 1170 396 1239 iiiia
723 1169 874 1236 ORATIO
896 1171 1120 1239 PHILIPPICA
1140 1174 1225 1239 XIII.

310 1341 412 1406 iacere
438 1338 555 1404 andeli
583 1355 688 1420 neque
714 1338 800 1403 illius
827 1338 891 1403 diei
913 1342 1095 1406 memoriam
1123 1340 1351 1425 perhorrescit,
1378 1361 1445 1427 quo
1467 1349 1573 1406 ausus
1597 1344 1646 1402 est

312 1435 442 1498 obrutus
468 1432 558 1506 rino,
587 1434 759 1513 unguentis
786 1432 917 1508 oblitus,
947 1435 1052 1498 nudus
1078 1443 1255 1519 gementem
1284 1435 1435 1520 populum
1456 1438 1644 1500 Romanum

310 1527 351 1590 ad
381 1527 562 1592 servitutem
592 1525 770 1590 cohortari?
799 1528 1081 1591 Veteranorum
1111 1528 1309 1604 colonias,
1334 1529 1525 1595 deductas
1553 1529 1641 1611 lege

311 1628 349 1685 et
370 1626 529 1685 senatus
551 1616 744 1694 consulto,
767 1621 998 1684 sustulistIs.
1034 1623 1099 1685 Nos
1121 1622 1321 1698 sustulimus,
1343 1644 1384 1686 au
1400 1629 1513 1687 contra
1532 1622 1639 1705 legem

287 1714 443 1778 scomiiiis
470 1710 652 1775 centuriatis
679 1710 773 1776 latam
801 1714 987 1777 sanximus?
1015 1708 1096 1778 Vide
1122 1734 1163 1778 ue
1191 1722 1225 1779 tu
1246 1723 1412 1781 veteranos
1437 1724 1546 1780 umen
1570 1734 1637 1790 eos,

311 1807 365 1891 qui
393 1814 482 1870 erant
502 1803 639 1888 perditi,
666 1805 841 1887 perdideris
870 1808 901 1870 iu
924 1828 1061 1891 eumque
1083 1809 1186 1872 locum
1209 1807 1395 1884 deduxeris,
1421 1830 1463 1873 ex
1486 1831 1551 1893 quo
1572 1809 1636 1892 ipsi

309 1900 372 1961 iam
399 1900 538 1962 sentiunt
568 1918 602 1961 se
622 1917 794 1983 numquam
818 1900 969 1965 exituros.
1011 1897 1063 1963 32.
1085 1900 1404 1966 Massiliensibus
1432 1904 1516 1967 iure
1538 1903 1635 1966 belli

309 1991 485 2076 adempta
503 1991 734 2055 reddituros
756 2013 822 2056 ros
841 1993 1102 2078 pollicemini.
1125 1994 1210 2057 Nihil
1226 1996 1352 2079 disputo
1368 1998 1407 2061 de
1421 1998 1491 2061 iure
1504 1996 1634 2061 belli-

309 2084 408 2167 magis
429 2084 530 2148 facilis
553 2084 723 2169 disputatio
746 2093 793 2150 est
814 2107 909 2171 quam
930 2087 1108 2152 necessaria
1128 2111 1187 2151 -ε
1209 2088 1289 2152 illud
1310 2098 1414 2154 tamen
1435 2089 1634 2154 animaduer-

272 2193 300 2240 so
309 2181 382 2253 tite,
404 2187 507 2262 patres
530 2178 712 2262 conscripti,
736 2197 830 2263 quam
852 2181 892 2244 sit
912 2180 987 2246 huic
1007 2182 1054 2245 rei
1075 2181 1221 2266 publicae
1240 2191 1332 2247 natus
1346 2184 1448 2248 hostis
1461 2184 1633 2259 Antonius,

309 2274 363 2358 qui
384 2280 471 2335 tanto
493 2291 588 2356 opere
610 2290 687 2335 eam
700 2273 858 2337 civitatem
880 2274 1000 2350 oderit,
1024 2294 1119 2359 quam
1142 2277 1201 2340 scit
1220 2275 1295 2340 huic
1316 2278 1361 2340 rei
1384 2278 1529 2361 publicae
1550 2297 1634 2342 scm·

306 2387 364 2451 per
383 2365 481 2430 inisse
503 2366 733 2430 amicissimam.
776 2368 859 2430 XVI.
880 2369 1084 2432 Neminem
1113 2370 1402 2453 Pompeianum,
1424 2374 1493 2454 qui
1515 2373 1633 2445 vivat,

308 2461 431 2524 teneri
452 2459 537 2541 lege
558 2460 691 2524 Hirtia
711 2459 918 2525 dictitatis.
957 2464 1052 2538 Quis,
1076 2482 1211 2547 quaeso,
1231 2464 1295 2527 iaru
1316 2463 1395 2547 legis
1409 2464 1528 2528 Hirtiae
1543 2483 1634 2527 men·

308 2555 423 2618 tionem
452 2553 550 2618 faciti
578 2553 668 2617 cuius
695 2573 759 2617 non
786 2554 889 2618 minus
917 2556 1052 2620 arbitror
1081 2554 1212 2619 latorem
1238 2556 1341 2639 ipsum
1365 2577 1460 2641 quam
1483 2575 1559 2631 eos,
1590 2558 1633 2621 de

270 2649 422 2732 siquibus
449 2646 510 2711 lata
540 2655 603 2722 est,
632 2635 803 2731 paeniter'e.
840 2646 978 2713 Omnino
999 2667 1070 2712 mea
1092 2648 1221 2731 quidem
1243 2651 1398 2713 sententia
1418 2650 1520 2733 legem
1541 2650 1633 2713 illam

307 2739 467 2824 appellare
487 2740 535 2804 fas
556 2759 621 2804 non
644 2748 708 2817 est,
735 2748 783 2817 et,
811 2747 846 2804 ut
874 2742 915 2805 sit
939 2742 1009 2816 lex,
1040 2760 1105 2804 uon
1127 2741 1277 2806 dommus
1299 2740 1387 2806 illam
1408 2741 1502 2805 Hirtii
1525 2743 1633 2825 legem

303 2843 428 2916 putare.
463 2833 676 2916 Apuleiana
697 2834 862 2918 pecunia
882 2836 1040 2898 Brutum
1061 2834 1316 2899 subornastis.
1354 2834 1461 2910 Quidl
1483 2838 1511 2900 si
1526 2837 1633 2901 omui·

305 2926 366 2989 bus
394 2929 459 2991 suis
487 2929 588 3011 copiis
617 2930 823 2993 excellentem
844 2928 946 2991 virum
968 2948 1018 2992 res
1039 2927 1166 3012 publica
1186 2935 1354 3003 armasset,
1382 2949 1476 3014 quem
1497 2929 1631 2994 taudem

306 3019 423 3084 bonum
445 3021 639 3104 paeniteret?
660 3042 719 3086 uec
738 3023 821 3086 enim
843 3022 911 3085 sine
932 3023 1068 3105 pecnnia
1088 3024 1262 3085 exercitum
1277 3021 1362 3086 alere
1377 3042 1436 3085 uec
1450 3023 1520 3087 sine
1537 3043 1632 3087 exer·

268 3114 369 3177 tocitu
390 3113 517 3178 tratrem
540 3124 627 3179 tuum
654 3136 764 3199 capere
785 3116 952 3200 potuisset.
995 3111 1047 3178 33.
1069 3116 1212 3179 Securi
1239 3136 1444 3199 percussos
1472 3118 1630 3181 Petrum

306 3216 342 3272 et
362 3208 644 3284 Menedemum,
672 3211 837 3273 civitate
859 3208 1022 3274 donatos
1051 3217 1089 3272 et
1109 3208 1292 3293 hospites
1315 3209 1521 3287 Caesaris,
1550 3212 1630 3275 lau·

305 3300 442 3365 dastis.
477 3304 547 3366 Nou
570 3303 779 3378 laudavimus,
802 3302 887 3386 quod
909 3322 950 3366 ue
966 3302 1142 3367 audivimus
1157 3301 1305 3386 quidem3
1328 3302 1419 3367 vulda
1433 3304 1518 3369 enim
1533 3306 1628 3368 nobis

303 3395 445 3458 intanta
467 3396 700 3480 perturbatione
719 3398 764 3462 rei
789 3394 935 3479 publicae
958 3399 997 3460 de
1020 3396 1145 3459 duobus
1167 3397 1366 3479 nequissimis
1389 3396 1551 3460 Graeculis
1573 3418 1628 3461 co·

304 3490 465 3572 gitandum
492 3490 561 3553 fuit.
603 3491 905 3574 Theopompum,
933 3489 1081 3552 nudum
1116 3490 1324 3574 expulsum
1355 3509 1374 3553 a
1400 3489 1626 3564 Trebonio,

265 3579 524 3666 asconiugere
552 3583 840 3647 Alexandriam
862 3583 1121 3667 neglexistis.
1164 3585 1311 3664 Magnum
1335 3583 1454 3646 crimen
1477 3584 1625 3648 senatus!

303 3679 350 3742 De
372 3679 594 3760 Theopompo,
617 3699 737 3742 summo
758 3678 900 3753 homine,
922 3677 1137 3761 negleximus,
1159 3677 1282 3760 quiubi
1298 3685 1450 3740 terrarum
1467 3677 1522 3751 sit,
1545 3674 1624 3761 quid

303 3780 388 3855 agat,
411 3773 495 3835 vivat
516 3771 655 3856 denique
676 3792 716 3835 an
739 3779 879 3835 mortuus
901 3773 957 3845 sit,
980 3771 1051 3855 quis
1073 3777 1128 3833 aut
1148 3771 1207 3833 scii
1228 3776 1283 3833 aut
1304 3774 1414 3833 curati
1441 3771 1624 3835 Servium

304 3865 460 3929 Galbam
482 3864 622 3928 eodem
643 3865 817 3948 pugione
840 3864 1089 3927 succinctum
1112 3863 1151 3926 iu
1175 3864 1324 3927 castris
1346 3863 1514 3928 videtis.
1536 3863 1624 3928 Nihil

303 3959 359 4022 tibi
382 3958 421 4023 de
443 3959 541 4023 Galba
562 3957 755 4042 respondeo,
776 3956 946 4022 fortissimo
967 3965 999 4021 et
1012 3957 1263 4021 constantissimo
1277 3957 1356 4021 civi:
1378 3976 1486 4021 coram
1498 3956 1623 4035 aderit;

301 4286 436 4338 Ferrarius
452 4281 510 4335 coll.
524 4282 606 4335 Dione
623 4279 664 4346 44,
676 4282 706 4332 i:
728 4275 784 4332 κάκ
800 4276 904 4334 τούτου
920 4281 971 4332 καὶ
987 4278 1187 4352 πενταετηρίδα
1204 4278 1235 4330 οἱ
1249 4275 1290 4344 ὥς
1305 4271 1391 4353 ἥρωι,
1411 4280 1574 4354 ίεροκοιούς
1590 4298 1621 4336 ra

301 4359 331 4424 ἐς
346 4355 398 4423 τὰς
414 4355 465 4410 τοῦ
483 4353 580 4421 Πανὸς
596 4355 817 4425 γυμνοπαιδίας,
834 4359 931 4429 τρίτην
946 4353 1010 4408 τινὰ
1026 4355 1151 4428 ἑταιρίαν
1168 4352 1205 4423 ἣν
1217 4351 1338 4409 Ἰουλίαν
1354 4352 1512 4425 ὠνόμασαν
1525 4365 1577 4413 cet.
1589 4389 1618 4400 -

302 4439 325 4487 i.
339 4438 409 4486 audii
425 4448 440 4484 a
456 4461 480 4472 -
501 4435 524 4485 3.
542 4435 655 4484 coartari
671 4436 706 4483 ai
724 4460 750 4470 -
770 4433 794 4485 4.
813 4438 836 4484 et
851 4447 872 4483 s.
890 4447 912 4483 c.
932 4432 1011 4483 abt:
1029 4434 1187 4494 atomio,
1206 4445 1287 4498 quam
1304 4432 1443 4486 lectionem
1453 4449 1545 4488 veram
1557 4449 1619 4488 esse

300 4508 376 4574 longe
398 4508 572 4574 disputatione
594 4508 716 4558 Garatoni
742 4505 856 4573 probare
879 4509 989 4557 conatus
1008 4510 1057 4558 est.
1085 4509 1119 4557 At
1134 4506 1224 4571 quidni
1242 4507 1343 4559 diceret
1359 4511 1485 4562 Antonius
1502 4509 1620 4564 colonius

299 4583 358 4649 lege
376 4587 403 4636 et
417 4598 440 4635 s.
459 4581 577 4634 consulto
598 4581 727 4633 deductas
744 4595 817 4642 esse,
841 4594 874 4631 eo
890 4579 947 4632 scil.
967 4581 1038 4644 quod
1058 4582 1114 4645 ipse
1131 4579 1252 4632 leceret‘i
1274 4584 1339 4633 Nam
1357 4585 1379 4634 si
1396 4585 1551 4636 Ciceronem
1569 4598 1619 4636 au·

300 4658 369 4719 dias,
388 4671 421 4709 ne
439 4655 550 4722 populus
566 4655 675 4720 quidem
692 4669 752 4708 eam
769 4655 855 4721 legem
872 4656 987 4720 accepit;
1005 4668 1030 4704 v.
1049 4668 1088 4706 or.
1105 4656 1137 4718 V,
1156 4655 1171 4720 5
1187 4657 1212 4708 i.
1233 4683 1260 4694 -
1284 4660 1309 4708 o.
1327 4659 1421 4710 comitr
1438 4674 1453 4710 a
1473 4689 1500 4698 -
1520 4662 1575 4711 toto
1593 4664 1616 4720 t;

299 4734 365 4784 lotos
381 4747 411 4793 a;
429 4733 528 4797 tegen
539 4732 594 4783 totu
609 4733 677 4783 conl.
697 4733 846 4789 Ferrarium
864 4731 927 4795 tepea
937 4756 975 4770 --
985 4731 1051 4781 ίαίοο
1066 4729 1156 4782 maluit
1167 4734 1289 4784 Garatoni
1302 4760 1330 4771 -
1347 4740 1430 4785 tomen
1446 4735 1526 4786 abtr
1544 4737 1617 4786 tami

301 4835 329 4844 -
347 4809 371 4859 i.
388 4809 441 4858 ίαοι
456 4808 503 4870 ipsi
519 4807 527 4857 i
545 4832 572 4842 -
591 4806 616 4857 8.
634 4807 734 4869 desputo
750 4808 761 4856 t
779 4834 805 4844 -
827 4807 851 4857 9,
870 4806 990 4856 edomito
1006 4805 1048 4855 ed.
1066 4805 1131 4855 Veu.
1151 4804 1222 4857 4474.
1242 4832 1270 4843 -
1290 4807 1330 4857 io.
1349 4809 1434 4871 ouem]
1452 4824 1476 4872 o.
1495 4812 1522 4867 t:
1541 4811 1585 4873 gui
1601 4823 1617 4860 a

298 4881 378 4933 hi-
396 4879 615 4932 situiitoicb-
633 4882 821 4931 eotar--iruic
838 4883 914 4942 reip.
928 4893 980 4930 orn.
1000 4881 1011 4929 t
1030 4906 1057 4917 -
1077 4880 1320 4930 it.ltuicom.u-
1338 4884 1378 4932 ii.
1396 4883 1471 4945 tubae
1486 4883 1614 4946 aeuperh

298 4970 461 5021 serapoeum.
480 4955 498 5006 b
517 4982 544 4991 -
565 4955 603 5005 43.
622 4957 699 5006 unsri
715 4955 766 5019 tege
781 4956 864 5005 Hirtio
881 4956 998 5005 dictitatis
1015 4953 1092 5005 Orelli
1110 4956 1144 5017 (in
1162 4954 1247 5015 adut:
1261 4957 1346 5006 terrei
1363 4958 1415 5021 iege
1430 4957 1515 5018 bprtio
1531 4958 1616 5021 digui-

298 5034 356 5082 tatis
372 5035 398 5092 t;
419 5037 500 5082 ίοοονο
520 5031 571 5096 lege
592 5031 668 5081 biritu
686 5031 785 5095 (hircio)
802 5032 930 5094 dianaticus
945 5029 1002 5089 ab;
1026 5035 1106 5079 tenere
1126 5030 1176 5094 lege
1192 5030 1275 5080 iiirtic
1291 5032 1421 5095 dignitates
1437 5032 1489 5092 t0,
1511 5031 1559 5081 sed
1578 5031 1614 5082 0:

279 5113 412 5174 ‚istenere
428 5133 456 5144 -
475 5108 541 5170 quta,
559 5119 650 5167 quaero
667 5107 720 5156 ium
736 5105 796 5158 cod.
815 5106 915 5157 Ursini:
934 5107 989 5167 qais
1006 5104 1057 5167 (qai
1074 5101 1126 5164 isi)
1145 5105 1216 5165 quoii
1231 5105 1285 5153 iam
1301 5103 1373 5163 nti;
1392 5105 1523 5167 quisquam
1539 5105 1615 5154 etiem

298 5196 329 5240 ar
347 5183 403 5245 pai,
421 5194 524 5244 quaeso,
542 5183 594 5232 ium
611 5184 630 5231 Ο
648 5195 710 5233 cum
727 5181 858 5240 Ferrario;
876 5180 909 5231 ci.
927 5179 993 5229 iutro
1010 5178 1043 5227 ad
1061 5177 1075 5240 5
1092 5177 1132 5229 44.
1144 5206 1176 5218 -
1194 5180 1233 5229 45.
1249 5179 1358 5242 penitae
1374 5181 1443 5239 mei;
1459 5191 1531 5241 poen.
1545 5179 1575 5238 0,
1588 5180 1615 5228 et

296 5261 336 5311 sic
352 5259 416 5309 item
432 5256 535 5307 intrav.
550 5257 589 5306 49,
603 5281 630 5291 -
645 5257 743 5317 quidem
758 5269 814 5305 meo
830 5256 852 5313 ir
871 5269 928 5306 meo
945 5256 1043 5318 quiden
1059 5259 1093 5303 est
1109 5252 1168 5303 b-
1188 5255 1227 5305 ia.
1240 5255 1282 5304 teir
1297 5268 1347 5304 eoo
1364 5259 1406 5305 eri.
1424 5253 1545 5304 Debemus
1560 5254 1611 5301 t—

297 5334 337 5384 tr.
354 5333 493 5396 Apuleium
508 5330 571 5381 abt
587 5329 730 5394 (οραίοίααᾶ
743 5327 851 5393 pecunie
867 5332 900 5392 ti:
917 5329 1074 5393 Appuleiam
1091 5330 1127 5380 i0
1145 5355 1172 5366 -·
1192 5329 1343 5380 memoriis
1359 5343 1412 5380 om.
1431 5332 1455 5388 t;
1473 5328 1615 5378 achomato

296 5408 426 5460 bisantius
445 5433 471 5442 -
489 5406 530 5456 so.
549 5407 646 5456 Peiorem
663 5407 732 5456 mei:
750 5407 852 5456 Parium
868 5405 888 5455 0
905 5416 966 5454 curu
984 5403 1026 5454 ed.
1043 5403 1126 5461 lunt.;
1144 5403 1274 5452 Petraeum
1290 5400 1460 5467 probabiliter
1475 5403 1509 5453 hl.
1523 5403 1614 5467 iiunp-

297 5484 347 5535 tius
364 5486 391 5534 et
407 5482 450 5533 bic
467 5482 494 5531 et
505 5481 530 5530 in
543 5481 619 5532 Caes.
632 5480 659 5531 b.
672 5482 722 5530 civ.
735 5481 781 5540 iii,
799 5479 840 5540 35,
853 5479 884 5538 ῖς
902 5492 927 5529 v.
941 5476 1081 5542 Nipperdei
1098 5481 1191 5538 pueri.
1205 5477 1275 5527 Coei.
1292 5490 1319 5540 p.
1334 5476 1380 5526 468
1392 5489 1433 5540 sq.
1448 5503 1474 5513 -
1492 5476 1534 5525 tt.
1552 5476 1614 5525 iou·

295 5557 410 5607 docimm
425 5555 580 5606 Lambinus:
603 5554 729 5605 medemur
745 5557 769 5611 t;
795 5552 926 5602 hadamar
942 5551 1029 5602 abio
1051 5550 1130 5615 (quod
1148 5549 1225 5601 Orelli
1242 5552 1268 5601 iu
1284 5549 1341 5601 Vol.
1360 5552 1402 5612 iv,
1421 5553 1449 5611 2,
1466 5563 1492 5615 p.
1511 5550 1556 5599 aas
1578 5563 1612 5600 ex

295 5643 311 5681 a
328 5628 417 5681 retulIt
432 5628 559 5694 deceptus
575 5642 623 5680 sua
637 5627 786 5689 collatione,
810 5624 904 5678 ialsum
921 5628 970 5689 est)
990 5651 1017 5664 -
1036 5627 1151 5675 ominus
1166 5627 1178 5675 t
1195 5651 1222 5660 -
1241 5624 1281 5675 2³.
1299 5625 1409 5689 poculis
1425 5625 1443 5674 b
1462 5651 1488 5661 -
1507 5623 1547 5675 ti.
1560 5639 1611 5673 no·

295 5707 354 5755 daeo
368 5719 420 5756 ooo
435 5701 472 5770 iri)
483 5704 614 5767 capsim
634 5702 710 5760 abt;
732 5703 837 5753 videtur
852 5703 878 5752 iu
894 5715 945 5752 eoo
962 5713 1058 5752 nomeu
1075 5699 1124 5751 ioci
1142 5699 1232 5751 latere.
1252 5725 1280 5737 ·-
1302 5700 1343 5749 ti.
1362 5701 1416 5761 ouis
1432 5705 1476 5750 orei
1491 5701 1536 5749 soii
1552 5711 1608 5749 om.

294 5794 311 5830 n
328 5806 356 5816 -
374 5782 484 5832 sesima
499 5782 524 5831 t:
545 5781 601 5831 Ser.
618 5778 638 5829 0
654 5805 682 5817 -
704 5778 746 5829 28.
763 5779 790 5829 ia
805 5777 902 5828 οοιίίοίν
918 5779 929 5827 4
945 5801 973 5814 -·
991 5776 1032 5827 sii.
1043 5776 1192 5840 respondebo
1208 5773 1307 5839 aliquoi
1323 5773 1402 5825 codd.
1420 5773 1484 5824 dett.
1501 5797 1536 5810 ·-
1557 5773 1609 5824 ciui

296 5853 374 5906 abt:
391 5855 505 5909 ciseio.
