3800 7350
594 1210 668 1277 an.
690 1213 1071 1281 xxxva-xxxvia.
1099 1215 1145 1301 §s
1167 1215 1312 1283 aa-aa.
1530 1215 1611 1285 4444

291 1388 366 1446 mut
387 1386 420 1446 et
439 1386 587 1446 veneunt.
627 1382 697 1458 Qua
725 1404 767 1448 ex
788 1385 967 1469 syngrapha
988 1385 1066 1470 quid
1088 1387 1132 1450 sis
1153 1395 1280 1452 acturus
1301 1388 1454 1454 meditere
1476 1410 1611 1455 censeo:

291 1497 348 1540 rex
376 1478 460 1540 enim
487 1478 556 1558 ipse
585 1497 642 1541 sua
668 1486 796 1561 sponte,
824 1479 920 1543 nullis
947 1482 1180 1545 commentariis
1208 1480 1366 1557 Caesaris,
1393 1485 1486 1549 simul
1513 1492 1610 1569 atque

290 1569 412 1634 audivit
432 1570 503 1635 eius
525 1570 703 1647 interitum,
725 1593 782 1637 sno
797 1575 896 1637 blarte
918 1595 969 1637 res
991 1594 1064 1639 suas
1078 1574 1273 1657 reciperavit.
1310 1571 1361 1638 96.
1377 1577 1503 1641 Sciebat
1515 1576 1610 1642 bomo

290 1664 416 1746 sapiens
436 1663 487 1728 ius
509 1684 634 1747 semper
652 1664 713 1730 hoc
735 1666 848 1741 fuisse,
871 1674 921 1743 ut,
943 1688 1025 1752 quae
1046 1668 1170 1752 tyranni
1185 1667 1390 1750 eripuissent,
1413 1690 1451 1734 ea
1471 1671 1612 1758 tyrannis

289 1758 461 1823 interiectis
482 1760 522 1833 ii,
545 1759 659 1842 quibus
681 1767 787 1845 erepta
810 1770 932 1836 essent,
955 1764 1176 1845 reciperarent
1211 1764 1311 1826 Nemo
1333 1764 1429 1845 igitur
1449 1765 1517 1829 iure
1537 1785 1636 1830 con-u

289 1853 407 1928 sultns,
429 1872 470 1916 ne
492 1853 551 1917 iste
573 1852 719 1936 quidem,
742 1856 795 1937 qni
819 1855 876 1918 tibi
899 1856 954 1918 uni
977 1864 1026 1919 est
1045 1857 1113 1920 iure
1135 1856 1313 1931 consultus,
1339 1878 1398 1940 per
1418 1877 1513 1941 quem
1533 1857 1613 1923 baec

289 1948 372 2031 agis,
394 1968 435 2011 ex
456 1948 516 2012 ista
538 1948 716 2032 syngrapha
738 1949 844 2013 deberi
867 1949 943 2013 dicit
964 1970 1022 2032 pro
1044 1950 1083 2014 iis
1105 1950 1215 2025 rebus,
1239 1970 1321 2034 quae
1344 1960 1433 2015 erant
1452 1958 1525 2015 ante
1539 1971 1614 2035 syn·

290 2043 440 2128 qrapbam
470 2042 677 2127 reciperatae:
711 2063 775 2107 non
806 2043 889 2106 enim
918 2052 990 2106 ate
1011 2045 1103 2119 emit,
1134 2044 1188 2107 sed
1219 2045 1324 2136 prius,
1348 2064 1442 2129 quam
1465 2053 1498 2109 tu
1520 2065 1611 2108 suum

290 2137 349 2201 sibi
371 2137 543 2211 venderes,
564 2136 633 2219 ipse
655 2135 805 2221 possedit.
843 2138 900 2200 llle
922 2138 971 2200 vir
990 2136 1064 2211 fnit,
1085 2157 1144 2200 nos
1160 2138 1288 2221 quidem
1304 2139 1534 2214 contemnendi,
1557 2138 1612 2223 qni

290 2238 451 2295 auctorem
481 2229 623 2304 odimus,
650 2238 718 2293 acta
751 2230 960 2295 defendimus.
1002 2232 1179 2294 XXXVIII.
1201 2229 1252 2294 97.
1275 2231 1359 2307 Quid
1388 2252 1446 2316 epo
1469 2234 1507 2296 de
1528 2249 1649 2296 com-to

291 2325 454 2389 menteriis
475 2324 623 2399 infinitis,
646 2323 777 2408 quidde
796 2324 1078 2388 innumerabilibus
1093 2325 1308 2410 chirographis
1322 2325 1457 2410 loquar?
1478 2346 1612 2409 quorum

291 2419 386 2482 etiam
411 2418 573 2482 institores
595 2426 684 2492 sunt,
711 2420 824 2501 quiea
850 2426 1011 2503 tamquam
1035 2418 1242 2501 gladIatorum
1265 2417 1391 2482 libellos
1412 2419 1515 2502 palam
1537 2439 1613 2482 ven·

292 2512 402 2576 ditent.
438 2513 549 2596 Itaque
572 2512 649 2575 tanti
671 2513 773 2576 acervi
796 2532 995 2575 nummorum
1016 2512 1101 2595 apud
1122 2514 1217 2574 istum
1236 2519 1478 2588 construuntur,
1501 2513 1612 2577 utiam

290 2605 528 2690 expendantur,
556 2625 619 2669 non
649 2613 854 2670 numerentur
881 2605 1043 2689 pecuniae.
1085 2606 1125 2667 bt
1151 2624 1244 2687 44444
1272 2624 1366 2669 caeca
1394 2607 1525 2671 arentia
1545 2607 1611 2671 esti

289 2702 398 2782 Nuper
417 2698 482 2762 fixa
504 2700 611 2764 tabula
632 2708 695 2775 est,
717 2718 781 2784 qua
803 2701 945 2763 civitates
970 2697 1235 2782 locupletissimas
1258 2699 1454 2764 Cretensium
1475 2702 1613 2784 vectiga-
1621 2718 1649 2764 44

289 2793 372 2857 libus
394 2792 584 2869 liberantur,
613 2794 822 2878 statuiturque
852 2813 892 2856 ne
913 2799 988 2876 post
1009 2793 1051 2856 M.
1073 2794 1201 2854 Brutum
1225 2812 1283 2874 pro
1305 2794 1436 2857 consule
1458 2793 1500 2857 sit
1522 2794 1614 2859 Creta

288 2886 461 2970 provincia.
495 2888 544 2951 Tu
564 2888 678 2950 mentis
700 2907 735 2950 es
757 2891 910 2970 compos?
941 2894 975 2949 tu
1004 2905 1069 2949 non
1091 2884 1377 2968 constringendus?
1410 2887 1445 2949 ln
1469 2887 1612 2951 Caesaris

290 2980 417 3044 decreto
447 2980 538 3044 Creta
567 2989 639 3063 post
665 2982 708 3044 Μ.
730 2983 818 3044 bruti
840 2980 1004 3044 decessum
1026 2980 1130 3062 potnit
1151 2979 1295 3055 liberari,
1325 3001 1396 3044 cum
1419 2980 1510 3046 Creta
1531 2980 1613 3044 nibil

289 3075 330 3138 ad
351 3077 481 3137 Brutum
506 3073 638 3138 Caesare
659 3074 731 3139 rivo
747 3076 937 3160 pertineret?
959 3074 998 3136 At
1015 3072 1109 3136 buius
1123 3072 1307 3137 venditione
1322 3073 1454 3149 decreti,
1476 3094 1517 3136 ne
1531 3072 1612 3136 nibiI

288 3175 393 3231 actum
414 3167 546 3250 putetis,
576 3169 769 3251 provincIam
793 3168 916 3231 Cretam
938 3165 1131 3249 perdidistis.
1170 3165 1312 3236 Omnino,
1329 3186 1421 3231 nemo
1442 3167 1537 3231 ullius
1564 3165 1649 3233 reiro

288 3261 349 3323 init
370 3267 507 3343 emptor,
529 3262 580 3324 cui
602 3261 740 3325 deluerit
759 3261 812 3325 bic
825 3261 980 3325 venditor.
1023 3256 1074 3321 98.
1095 3259 1135 3321 Ε4
1149 3257 1188 3322 de
1204 3259 1367 3323 exsulibus
1381 3259 1494 3343 legem,
1516 3278 1612 3344 quam

288 3354 404 3427 fixisti,
428 3353 543 3417 Caesar
565 3356 661 3418 tulit?
692 3354 818 3418 Nullius
839 3355 980 3418 insector
1000 3353 1230 3415 calamitatem:
1251 3359 1371 3416 tantum
1394 3372 1524 3437 quercu,
1547 3352 1613 3436 pri·

290 3467 374 3509 mum
404 3465 513 3509 eoram
543 3448 661 3512 reditus
682 3447 882 3530 inquinatos,
914 3466 1049 3532 quorum
1071 3466 1198 3510 causam
1222 3447 1336 3510 Caesar
1356 3446 1542 3511 dissimilem
1564 3446 1613 3510 iu·

289 3540 415 3613 dicarit;
445 3539 560 3604 deinde
589 3542 697 3605 nescio
719 3560 776 3603 cur
796 3561 861 3605 non
884 3540 1016 3625 reliquis
1037 3540 1121 3603 idem
1143 3540 1280 3604 tribuas:
1307 3559 1411 3624 neque
1433 3540 1519 3604 enim
1539 3539 1612 3624 plus

288 3652 384 3718 qnam
405 3639 469 3697 tres
491 3641 546 3698 aut
567 3642 718 3720 quattuor
737 3634 853 3720 reliqui
876 3641 958 3700 sunt.
992 3633 1055 3710 Qui
1076 3633 1172 3697 simili
1194 3634 1226 3697 in
1247 3633 1423 3699 calamitate
1444 3641 1533 3710 sunt,
1555 3652 1648 3706 curse

287 3736 341 3791 tua
362 3726 579 3793 misericordia
600 3749 665 3792 non
690 3729 786 3793 simili
808 3728 980 3794 fruuntur?
1002 3748 1058 3792 cur
1079 3747 1135 3791 eos
1155 3727 1253 3792 babes
1275 3728 1309 3791 in
1330 3728 1400 3792 loco
1422 3728 1549 3813 patrui?
1571 3726 1611 3791 de

289 3840 354 3904 quo
382 3817 482 3894 terre,
511 3842 581 3885 cum
612 3820 652 3884 de
673 3823 805 3907 reliquis
827 3822 943 3896 terres,
972 3822 1120 3885 noluisti:
1148 3842 1243 3905 quem
1265 3821 1423 3887 etiamad
1445 3840 1610 3886 censuram

287 3912 454 3996 petendam
475 3915 643 3997 impulisti,
666 3935 800 4000 eamque
822 3916 1008 3998 petitionem
1025 3916 1228 3998 comparasti,
1250 3934 1332 3998 qnae
1354 3923 1388 3979 et
1407 3916 1489 3980 risus
1509 3915 1611 3980 bomi-

286 4027 361 4070 num
383 4015 416 4070 et
437 4008 594 4090 querellas
618 4018 769 4075 moveret.
811 4007 863 4071 99.
887 4009 949 4073 Cur
971 4017 1076 4072 autem
1099 4027 1137 4071 ea
1157 4009 1287 4071 comitia
1304 4028 1368 4073 non
1389 4008 1547 4072 habuisti?
1569 4027 1609 4072 an

285 4101 362 4185 quia
389 4100 534 4164 tribunus
560 4102 604 4185 pl.
627 4101 786 4166 sinistrum
815 4102 936 4166 fulmen
966 4102 1152 4165 nuntiabat?
1189 4102 1267 4165 Cum
1296 4111 1351 4166 tua
1371 4103 1448 4185 quid
1469 4103 1647 4179 interestne

286 4193 374 4257 nulla
395 4194 536 4277 auspicia
557 4201 644 4271 sunt,
667 4216 739 4259 cum
762 4203 902 4270 tuorum,
925 4203 991 4259 tum
1014 4192 1050 4259 lis
1071 4196 1250 4278 reilgiosus.
1287 4195 1396 4271 Quid?
1418 4195 1554 4258 eundem
1576 4197 1609 4259 in

286 4288 509 4371 septemviratu
531 4308 638 4353 nonne
662 4289 860 4353 destituisti?
882 4289 1053 4352 intervenit
1075 4289 1176 4365 enim,
1198 4289 1250 4352 cui
1263 4289 1420 4365 metuisti,
1442 4289 1547 4363 credo,
1568 4309 1609 4352 ne

349 4557 374 4607 4.
392 4569 458 4620 qaae
474 4570 508 4608 44
522 4558 718 4623 444444449-
737 4560 762 4610 4,
780 4559 987 4610 commesartsv
1000 4586 1027 4595 -
1046 4557 1070 4609 3.
1088 4563 1211 4610 malms:
1227 4571 1286 4609 :aas
1301 4557 1362 4607 9-
1380 4558 1533 4621 caeperat:
1548 4558 1607 4610 V¹i:

282 4631 566 4695 4444444490·-
589 4630 812 4697 4.444449’-
836 4635 1124 4698 salicosano·
1147 4634 1609 4692 4.444444444444444449;ο4444

283 4722 310 4773 p.
330 4707 403 4769 4444,
422 4709 462 4759 lli.
476 4733 503 4744 -
523 4707 548 4758 7.
566 4709 722 4776 4444444449
739 4712 766 4760 44
781 4710 820 4761 444
837 4709 1004 4776 plemmque.
1017 4738 1051 4748 -
1066 4711 1129 4761 dicet
1145 4709 1244 4762 mdim.
1260 4739 1285 4748 -
1305 4712 1337 4760 iis
1352 4711 1377 4761 i:
1394 4711 1465 4760 4449
1477 4735 1505 4746 -
1524 4710 1549 4760 9.
1561 4711 1611 4761 :iai

282 4785 388 4835 amdere
403 4783 427 4832 V
443 4811 476 4822 -
498 4784 539 4832 44.
557 4783 670 4849 inficiat:
685 4785 708 4835 V
726 4812 754 4822 ·-
776 4786 817 4837 44.
836 4787 961 4837 4444444444
982 4787 1173 4849 Pantagathus:
1195 4786 1358 4837 4444444444
1372 4786 1407 4845 9;
1428 4786 1567 4837 minuare:
1583 4789 1607 4846 l:

282 4863 462 4921 metaturus:
479 4857 705 4912 imilatmesabO
722 4886 755 4899 -
771 4863 909 4924 44449-
924 4862 1006 4925 pilam
1021 4865 1033 4911 t
1049 4887 1077 4896 -
1095 4861 1278 4911 444444449-
1298 4859 1337 4910 43.
1356 4860 1488 4922 44449-
1509 4859 1610 4912 4444-

278 4932 490 4998 poodaotarvt:
509 4935 684 4996 appmdaotar
699 4934 768 5001 ebg
783 4961 810 4972 -
828 4942 994 4988 4444444444
1009 4938 1021 4986 4
1038 4961 1065 4972 -
1085 4937 1123 4987 td
1138 4950 1214 4999 44444
1231 4938 1242 4987 4
1258 4961 1286 4972 -
1305 4936 1418 4986 44444444
1432 4941 1468 4986 es:
1482 4936 1522 4986 D:
1540 4948 1609 4987 444-

281 5010 355 5059 sitias
370 5011 394 5058 44
410 5003 441 5055 91
458 5007 503 5069 (m.
522 5020 544 5059 s.
561 5021 576 5059 s
592 5022 652 5075 sup.
670 5023 700 5061 a:
714 5011 838 5074 addimit:
861 5012 974 5062 44444444
990 5016 1034 5062 ost.
1051 5012 1084 5062 444
1100 5012 1120 5062 0
1140 5039 1167 5050 -
1194 5013 1234 5063 ib.
1252 5009 1352 5061 4444444
1367 5023 1419 5073 aaa
1434 5011 1467 5060 V¹
1485 5037 1513 5048 ·-
1536 5011 1608 5062 locas·

280 5081 484 5148 4444444444449
503 5109 531 5119 -
549 5086 710 5150 mascalas
726 5087 761 5137 V:
789 5086 960 5138 om.1)0-
984 5086 1024 5136 46.
1040 5100 1088 5149 pro
1104 5085 1202 5136 4444444
1218 5097 1283 5136 nos:
1307 5099 1356 5148 pro
1371 5082 1439 5136 coiis.
1457 5086 1485 5143 t;
1506 5098 1606 5147 444444.

283 5160 319 5217 V:
334 5156 507 5221 proconsulem
522 5157 580 5208 0-
600 5161 639 5212 47.
659 5175 684 5213 ss
700 5175 753 5213 om.
768 5159 810 5223 V¹,
827 5162 888 5213 tort.
901 5165 984 5223 recle,
1002 5165 1032 5212 ui
1048 5165 1089 5214 est
1105 5162 1179 5225 gill)
1196 5161 1231 5211 in.
1246 5187 1273 5197 -
1291 5161 1416 5224 4444449
1429 5186 1457 5197 -
1475 5160 1502 5208 44
1518 5160 1603 5211 94444

283 5233 356 5285 440
376 5230 462 5281 -49,
479 5233 688 5287 ataocaesarce
709 5264 735 5275 -
754 5237 938 5288 4444444494
957 5235 1604 5298 -444444444444-40.444444444444449-

282 5322 353 5360 asmo
371 5317 424 5357 om.
443 5307 454 5356 l
471 5334 499 5344 -
517 5308 607 5359 444449
625 5312 707 5374 (444444
722 5313 847 5363 reimaro
864 5313 887 5373 4)
906 5339 933 5349 -
952 5312 994 5362 il.
1012 5312 1056 5373 qai
1072 5313 1083 5361 t
1100 5337 1127 5347 -
1146 5311 1250 5374 44444444
1266 5310 1303 5361 b:
1322 5308 1476 5372 4444449-
1494 5310 1608 5362 maara
1674 5342 1676 5345 -

283 5386 349 5444 mei,
367 5384 397 5432 ut
412 5393 529 5445 semper.
549 5408 577 5421 -
600 5385 641 5436 ii.
660 5386 724 5437 44444.
743 5385 822 5445 edd.;
845 5388 1055 5450 interrogationis
1078 5388 1181 5451 signum
1199 5387 1307 5437 auctore
1325 5382 1381 5435 Gul.
1400 5383 1513 5434 Christio
1529 5383 1606 5435 addi-

283 5461 380 5510 dimus.
400 5482 427 5493 -
451 5454 492 5507 23.
510 5459 604 5509 reddar
620 5467 739 5524 aequatos
754 5463 931 5514 Camerarius.
951 5488 979 5498 -
997 5475 1102 5512 cansam
1117 5461 1204 5510 44449
1222 5485 1249 5497 -
1269 5459 1410 5510 4444444444»
1426 5460 1556 5511 0444444)
1575 5487 1603 5498 -

282 5534 401 5586 latimarii
416 5529 478 5582 Vb:
497 5531 647 5585 Iudicauerit
663 5539 723 5599 agi
741 5563 768 5574 -
788 5536 828 5588 il.
847 5551 897 5586 444
912 5537 1015 5597 reliquis
1030 5537 1065 5585 V:
1083 5535 1186 5597 reliquls
1200 5549 1250 5584 444
1266 5534 1359 5599 4)(4444
1376 5548 1392 5585 4
1407 5534 1453 5585 rel.
1465 5535 1530 5585 444444
1545 5536 1604 5597 ooo)

285 5637 311 5646 -
332 5610 397 5659 enim
413 5618 466 5656 om.
484 5617 501 5656 a
519 5633 547 5643 -
566 5609 606 5660 25.
624 5612 767 5662 calamitate
783 5615 841 5661 sant
856 5612 984 5662 Faernus:
1002 5610 1158 5660 calandwtes
1173 5615 1201 5660 at
1216 5609 1251 5666 V:
1270 5610 1413 5661 calamitate
1427 5610 1521 5673 44444444
1537 5609 1558 5659 4)
1573 5635 1601 5646 -

282 5684 323 5735 26.
340 5695 391 5732 aco
407 5679 483 5731 4444444
498 5680 532 5731 ll:
551 5683 627 5735 simili
642 5700 692 5736 444
709 5687 760 5737 Do
778 5712 806 5722 -
824 5685 866 5735 27.
883 5686 947 5746 scre:
963 5684 1025 5733 9-
1043 5684 1084 5735 48.
1102 5685 1214 5747 4444444444
1229 5687 1263 5734 44
1277 5711 1304 5721 -
1323 5697 1380 5735 mm
1396 5698 1452 5735 a·
1470 5683 1512 5733 29.
1525 5696 1604 5747 qaae-

281 5754 1600 5828 relasV5ptlerslasD0-aopuiallzautqaall-dd,sin.iulrncnll:suloserrslo.b-

281 5829 725 5896 caenomb-laaqaildv-
744 5834 1354 5900 at.camom.1)—ath:canabg-
1373 5834 1486 5885 4444)-
1506 5831 1603 5885 3444-

279 5911 530 5974 4444444444449-
542 5911 737 5978 caueamus
748 5911 806 5978 (op.
816 5913 837 5973 4,
850 5911 958 5977 pilii:
975 5908 1055 5973 ca'sV3
1073 5912 1266 5977 quensbtoaid
1274 5910 1601 5975 maestarumque).
