3800 7350
306 1182 388 1251 4344
736 1130 1198 1249 onauonuunmcnx.

305 1357 444 1422 hominis
473 1364 503 1420 et
531 1354 720 1417 turbulenti:
746 1354 855 1434 uidete
875 1375 915 1418 ne
937 1355 1069 1418 nimium
1091 1374 1192 1437 paene
1213 1353 1380 1435 patientis:
1408 1354 1468 1417 etsi
1490 1354 1523 1417 iu
1545 1352 1642 1416 illius

306 1454 365 1516 viri
401 1450 540 1515 consiliis
573 1455 668 1531 atque
701 1447 790 1511 iactis
818 1449 898 1512 nihil
926 1468 985 1511 nec
1011 1449 1144 1511 nimium
1172 1468 1232 1511 nec
1254 1468 1364 1531 parum
1387 1467 1540 1532 umquam
1562 1446 1634 1510 tuit.

307 1546 418 1611 Omnis
440 1544 585 1607 voluntas
607 1544 649 1607 Μ.
671 1542 776 1617 Bruti,
801 1551 906 1626 patres
928 1543 1116 1627 conscripti,
1138 1542 1243 1605 omnis
1256 1542 1430 1623 cogitatio,
1452 1549 1519 1605 tota
1542 1560 1633 1604 mens

306 1639 525 1704 auctoritatem
555 1644 702 1711 senatus,
736 1636 912 1700 libertatem
940 1636 1052 1720 populi
1079 1636 1212 1699 ltomani
1240 1636 1395 1698 intuetur:
1428 1635 1508 1698 haec
1535 1634 1634 1698 habet

282 1731 484 1818 aproposita,
506 1730 584 1793 haec
605 1731 687 1793 tueri
701 1731 778 1794 nult
808 1732 953 1794 Tentavit
974 1732 1052 1815 quid
1075 1732 1227 1813 patientia
1241 1726 1390 1814 perficere
1405 1737 1529 1814 posset:
1551 1727 1633 1792 nilril

306 1846 378 1890 cum
400 1823 583 1908 proficeret,
604 1825 635 1887 vi
658 1832 767 1888 contra
782 1824 845 1888 vim
861 1824 1090 1908 experiundum
1112 1826 1244 1906 putavit
1281 1824 1338 1887 Cui
1357 1824 1503 1907 quidem,
1525 1830 1632 1906 patres

306 1918 491 2001 conscripti,
514 1937 571 1981 vos
594 1918 679 1981 idem
700 1918 760 1981 hoc
782 1927 924 2003 tempore
945 1918 1085 1982 trihuere
1109 1917 1246 1992 dehetis,
1269 1918 1354 2001 quod
1376 1938 1404 1980 a.
1423 1917 1453 1979 d.
1469 1937 1539 1980 ιιι).
1561 1915 1632 1978 llal.

304 2015 370 2077 lan.
391 2014 429 2074 Ι).
451 2014 548 2074 Bruto
573 2012 606 2074 C.
631 2012 756 2075 Caesari
778 2032 828 2075 me
850 2022 979 2078 auctore
1002 2012 1172 2087 tribuistis3
1197 2031 1335 2094 quorum
1357 2012 1512 2093 privatum
1536 2010 1575 2073 de
1596 2029 1633 2073 re

305 2106 432 2190 publica
461 2105 627 2168 consilium
655 2113 687 2168 et
715 2104 830 2168 iactum
857 2108 1046 2171 auctoritate
1074 2114 1177 2169 vestra
1208 2114 1255 2169 est
1276 2105 1514 2189 comprobatum
1537 2110 1634 2186 atque

269 2197 477 2268 inlaudatum.
521 2195 572 2261 dl.
596 2198 689 2274 Quod
719 2198 803 2263 idem
833 2201 867 2264 iu
889 2203 931 2265 Μ.
953 2204 1051 2264 Bruto
1073 2200 1177 2264 facere
1200 2202 1338 2273 debetis,
1366 2220 1470 2282 aquo
1491 2199 1634 2283 inspera-

304 2302 371 2355 tum
394 2298 426 2354 et
446 2293 644 2375 repentinum
666 2294 710 2355 rei
739 2294 885 2376 publicae
907 2295 1102 2377 praesidium
1125 2295 1305 2377 legionum,
1336 2294 1512 2375 equitatus,
1542 2290 1634 2352 auxi·

304 2388 420 2450 liorum
448 2406 580 2470 magnae
607 2394 639 2449 et
667 2383 774 2450 firmae
804 2390 916 2471 copiae
939 2398 1138 2471 comparatae
1161 2398 1251 2452 sunt:
1280 2386 1501 2469 adiungendus
1523 2394 1572 2448 est
1593 2384 1633 2460 Q.

304 2482 508 2555 Hortensius,
530 2482 587 2564 qui
609 2502 679 2544 cum
701 2482 916 2545 Macedoniam
940 2482 1111 2556 obtineret,
1133 2483 1310 2545 adiutorem
1332 2502 1366 2544 se
1381 2483 1477 2545 Bruto
1493 2480 1532 2543 ad
1549 2500 1634 2543 com-

304 2576 479 2659 parandum
507 2574 680 2638 exercitum
711 2571 899 2638 fidissimum
927 2584 960 2638 et
989 2576 1277 2638 constantissimum
1301 2575 1454 2659 praebuit.
1490 2576 1569 2636 Nam
1592 2572 1633 2637 de

268 2672 345 2737 taltl.
367 2668 503 2751 Apuleio
532 2668 702 2750 separatim
730 2688 845 2732 censeo
867 2668 1087 2733 referendum:
1113 2671 1164 2732 cui
1190 2672 1278 2733 testis
1301 2678 1349 2732 est
1370 2673 1426 2752 pei
1446 2668 1568 2730 litteras
1590 2668 1633 2729 Μ.

304 2765 429 2836 Brutus,
451 2782 524 2825 eum
537 2763 711 2845 principem
725 2762 824 2827 fuisse
840 2764 880 2826 ad
897 2772 1045 2829 conatum
1062 2766 1219 2828 exercitus
1234 2762 1445 2848 comparandi.
1473 2758 1525 2823 25.
1542 2760 1633 2836 Quae

305 2878 377 2920 cum
405 2857 448 2920 ita
476 2856 556 2931 sint,
585 2858 671 2941 quod
695 2856 727 2920 C.
750 2859 851 2921 Pansa
877 2860 989 2923 consul
1011 2860 1106 2921 verba
1127 2859 1203 2922 t‘ecit
1225 2859 1264 2921 de
1287 2858 1416 2931 litteris,
1445 2875 1528 2940 quae
1552 2874 1571 2917 a
1593 2854 1633 2930 Q.

306 2951 462 3034 Caepione
484 2954 581 3015 Bruto
611 2952 820 3035 proconsule
843 2953 956 3017 allatae
979 2961 1011 3016 et
1032 2955 1064 3016 in
1087 2954 1148 3016 hoc
1170 2953 1281 3017 ordine
1302 2952 1450 3015 recitatae
1473 2958 1565 3022 sunt,
1592 2948 1634 3012 de

305 3066 343 3110 ea
364 3067 398 3109 re
421 3047 465 3110 ita
487 3067 623 3111 censeo:
658 3046 735 3110 Cum
758 3047 797 3122 Q.
820 3046 988 3129 Caepionis
1010 3047 1098 3108 Bruti
1120 3066 1178 3129 pro
1201 3045 1331 3109 consule
1353 3064 1467 3126 opera,
1489 3043 1632 3116 consilio,

265 3140 475 3217 miudustria,
502 3141 617 3205 virtute
641 3137 827 3204 difficillimo
850 3140 896 3201 rei
926 3140 1072 3222 publicae
1094 3148 1235 3223 tempore
1263 3139 1426 3222 provincia
1447 3138 1634 3202 Macedonia

305 3243 337 3299 et
358 3236 518 3320 Illyricum
539 3244 571 3299 et
592 3244 704 3300 cuncta
726 3236 854 3300 Graecia
877 3243 909 3297 et
929 3234 1086 3316 legiones,
1117 3236 1293 3308 exercitus,
1319 3234 1479 3316 equitatus
1501 3232 1534 3294 in
1558 3251 1635 3294 con-

307 3330 428 3406 sulum,
459 3338 585 3395 senatus
612 3332 786 3415 populique
809 3330 942 3393 ltomani
965 3336 1120 3412 potestate
1142 3331 1221 3404 sint,
1243 3329 1276 3391 id
1299 3328 1337 3404 Q.
1361 3327 1552 3409 Caepionem
1575 3345 1633 3408 pro

305 3425 435 3489 consule
456 3426 538 3489 bene
560 3433 593 3488 et
613 3445 631 3487 e
652 3445 687 3487 re
709 3424 837 3507 publica
857 3444 915 3508 pro
938 3445 996 3488 sua
1014 3426 1230 3508 maiorumque
1246 3443 1374 3487 suorum
1390 3420 1542 3504 dignitate
1557 3440 1633 3484 cou-

304 3519 538 3603 suetudineque
560 3518 605 3582 rei
628 3518 773 3601 publicae
795 3517 877 3581 hene
899 3519 1055 3602 gerendae
1077 3518 1209 3593 fecisse,
1238 3538 1308 3581 eam
1336 3538 1401 3579 rem
1430 3517 1553 3579 senatui
1575 3536 1633 3596 po·

265 3616 445 3701 eupuloque
466 3614 607 3678 Romano
630 3622 748 3696 gratam
773 3632 842 3677 esse
865 3620 897 3677 et
918 3613 1002 3678 fore:
1025 3610 1076 3674 26.
1098 3614 1210 3696 utique
1234 3612 1272 3689 Q.
1297 3612 1414 3695 Caepio
1437 3613 1552 3674 Brutus
1573 3630 1631 3695 pro

303 3709 433 3774 consule
462 3709 657 3792 provinciam
686 3707 919 3782 Macedoniam,
947 3708 1107 3791 Illyricum
1130 3717 1337 3791 cunctamque
1359 3706 1521 3768 Graeciam
1544 3712 1633 3768 tuea-

302 3813 368 3878 tur,
391 3801 557 3877 det'eudat,
580 3803 737 3867 custodiat
757 3805 1013 3888 incolumemque
1029 3809 1209 3876 conservet,
1231 3803 1324 3884 eique
1340 3801 1512 3874 exercitui,
1534 3820 1632 3883 quem

302 3900 372 3981 ipse
399 3898 564 3960 coustituit
592 3900 800 3982 comparavit,
829 3899 962 3983 praesit,
985 3897 1217 3981 pecuniamque
1239 3895 1279 3957 ad
1302 3915 1369 3958 rem
1390 3892 1574 3967 militarem,
1604 3894 1631 3956 si

303 4012 367 4074 qua
389 4012 468 4074 opus
490 3992 546 4065 sit,
570 4011 650 4075 quae
671 3992 797 4075 publica
819 3992 860 4055 sit
883 3999 914 4054 et
933 3993 1017 4073 exigi
1039 3991 1156 4074 possit,
1184 3997 1288 4052 utatur
1314 3989 1435 4070 exigat,
1464 3987 1633 4069 pecunias-

368 4233 392 4281 t.
410 4231 490 4281 uidete
506 4230 542 4280 V:
566 4231 662 4281 uideD
682 4257 709 4268 -·
732 4244 811 4293 pause
827 4245 880 4282 om.
901 4236 909 4283 t
928 4259 955 4269 —
982 4235 1066 4283 tientes
1083 4234 1114 4281 V¹
1132 4260 1159 4269 —
1184 4234 1208 4282 i.
1227 4246 1285 4282 neca
1300 4232 1406 4281 nimium
1422 4230 1444 4277 V
1463 4256 1490 4266 -
1510 4228 1635 4290 444444)-

303 4321 379 4370 qnum
396 4309 407 4357 t
425 4335 452 4344 -
476 4306 501 4357 3.
519 4308 599 4358 munis
614 4307 708 4357 solutas
723 4321 809 4357 marco
826 4308 892 4358 bruti
909 4310 930 4357 V
949 4336 976 4346 -
1002 4309 1027 4360 i.
1044 4315 1144 4359 senatus
1159 4308 1297 4358 libertatem
1314 4319 1367 4357 om.
1385 4304 1416 4354 V¹
1436 4332 1463 4344 -
1481 4305 1546 4354 hanc
1561 4305 1635 4354 444444

302 4386 325 4435 V
345 4411 367 4421 -
390 4385 415 4434 a.
433 4383 544 4446 reposita
561 4394 601 4444 43
618 4407 645 4417 -
669 4383 799 4444 temptauit
815 4383 908 4446 44434
926 4410 954 4420 -
979 4386 1066 4444 ecquid
1082 4383 1174 4433 Lamb.
1195 4411 1222 4420 -
1238 4385 1357 4446 pnflcere
1373 4381 1440 4430 VD:
1455 4382 1578 4443 proficere
1594 4381 1633 4429 io

305 4486 337 4526 ·.
351 4459 375 4509 6.
391 4460 523 4522 proficeret
540 4469 596 4519 eg:
614 4457 812 4519 presumeretV3
830 4459 960 4521 perficeret
977 4458 1015 4508 bt
1028 4485 1053 4495 —
1072 4460 1100 4507 ui
1116 4459 1150 4507 V:
1168 4463 1197 4507 44
1214 4461 1236 4516 t;
1255 4458 1390 4521 om.abg
1405 4484 1431 4493 -
1450 4457 1634 4519 asportandum

302 4534 338 4583 V:
357 4534 536 4596 experiendum
552 4533 605 4582 DO
623 4558 651 4568 -
675 4532 699 4581 7.
717 4533 762 4582 ltoc
779 4537 851 4595 temp.
871 4532 978 4582 tribuere
995 4533 1030 4581 V:
1054 4533 1111 4583 trib.
1129 4535 1174 4583 tuoe
1189 4539 1263 4595 tenp.
1282 4531 1324 4583 ab
1335 4534 1380 4595 30
1398 4532 1463 4592 [trid.
1483 4532 1633 4581 mantunae

302 4613 376 4671 temp.
394 4608 412 4670 4]
431 4634 459 4644 -
478 4620 496 4656 4
513 4608 548 4657 .d.
567 4605 621 4657 bt:
640 4608 674 4656 ad
691 4620 743 4670 ag;
762 4607 787 4656 d.
806 4619 859 4657 om.
878 4607 900 4655 V
919 4634 946 4644 -
969 4607 994 4657 8.
1014 4608 1056 4668 D]
1074 4609 1174 4657 domitio
1192 4608 1212 4655 V
1232 4632 1259 4643 -·
1279 4607 1306 4658 C.
1324 4607 1361 4656 V:
1379 4612 1403 4656 44
1420 4607 1447 4657 C.
1465 4607 1517 4656 DO
1535 4632 1563 4642 -
1582 4620 1633 4656 aa·

302 4685 379 4734 cteris
395 4683 502 4732 tribuisti
518 4682 578 4731 V-
598 4682 638 4732 40.
651 4683 679 4731 44
693 4695 781 4732 marco
792 4681 814 4729 V
826 4708 853 4718 -
873 4682 1024 4745 inspiratum
1040 4687 1075 4732 at
1088 4709 1114 4717 -
1134 4684 1174 4732 tl.
1187 4683 1218 4747 44]
1236 4683 1292 4732 eiV
1306 4709 1333 4719 -
1351 4683 1423 4745 teqio.
1442 4685 1453 4730 t
1472 4708 1499 4718 -
1519 4682 1559 4731 ta.
1572 4683 1633 4732 iun·

302 4760 396 4823 pendete
412 4772 429 4823 3
447 4783 475 4795 -
496 4756 535 4821 0.]
553 4769 601 4819 qne
616 4756 638 4805 V
656 4783 684 4793 -
704 4757 744 4807 43.
762 4757 907 4807 macedonio
924 4759 934 4804 t
953 4783 980 4794 -
1000 4756 1040 4807 44.
1057 4759 1202 4821 Mucianum
1219 4757 1328 4822 tht:
1352 4758 1521 4819 fldetnsimum
1537 4761 1582 4809 a0
1602 4772 1636 4795 -·

302 4839 326 4884 et
341 4839 417 4884 const.
436 4846 489 4883 om.
507 4834 519 4882 t
538 4858 563 4870 -
583 4833 614 4882 de
629 4832 675 4897 dt]
695 4833 728 4882 .d.
747 4845 778 4890 a3
797 4833 826 4882 de
841 4846 927 4881 marco
944 4833 967 4880 V
986 4859 1013 4869 -·
1039 4833 1079 4882 45.
1098 4833 1201 4894 Apuleio
1211 4834 1334 4896 Ι(44444444
1352 4833 1371 4893 t)
1389 4833 1456 4883 VD:
1473 4834 1594 4896 Appuleio
1612 4835 1631 4883 0

305 4935 332 4944 —
350 4907 449 4959 cuneda
466 4909 488 4958 D
508 4933 535 4943 -
554 4909 658 4972 444444]
675 4921 770 4970 suuper
786 4921 801 4957 a
820 4934 848 4944 —
865 4908 951 4958 lt.V:
971 4920 1024 4957 om.
1043 4908 1137 4958 440-
1156 4909 1196 4958 47.
1214 4910 1271 4973 feeit
1287 4908 1520 4972 Vcorr.exttt-
1540 4909 1634 4959 ttici-

300 4983 374 5046 piem
391 4997 407 5046 3
424 4985 451 5033 et
467 4983 506 5034 stc
522 4983 589 5034 iutra
606 4997 716 5048 semper
731 4984 796 5046 cipio
813 4997 861 5048 pro
879 4983 970 5045 Caepio
987 5009 1015 5019 -
1041 4982 1106 5032 bruti
1123 4987 1159 5046 34
1176 5010 1203 5019 -
1226 4998 1274 5045 nno
1290 4983 1376 5032 444444
1391 4984 1413 5032 V
1430 5009 1458 5020 -
1483 4985 1510 5033 in
1525 4985 1571 5033 hcc
1588 4997 1634 5033 or-

303 5060 360 5109 dine
375 5058 409 5106 V:
428 5058 486 5108 4444
502 5059 585 5107 ordini
601 5059 622 5108 D
638 5085 665 5094 -
684 5060 714 5109 de
730 5073 781 5120 qua
797 5072 826 5108 re
842 5057 900 5108 b-
920 5058 962 5108 49.
978 5059 1112 5120 proconnel
1128 5059 1150 5107 V
1164 5085 1191 5095 ·-
1209 5060 1249 5109 2⁰.
1268 5060 1384 5108 indautra
1395 5055 1439 5114 V¹;
1457 5060 1597 5109 industriae
1607 5061 1632 5117 t;

301 5133 434 5182 industria.
452 5147 466 5183 4
482 5146 512 5190 4;
530 5133 656 5182 industria
673 5139 696 5183 44
711 5129 744 5182 V²
765 5135 864 5194 (uirtute
880 5134 1005 5183 industria
1021 5132 1047 5195 4))
1068 5163 1094 5170 -
1110 5131 1246 5197 prouinciis
1260 5137 1407 5185 macedonia
1423 5136 1456 5192 Vt
1472 5135 1635 5196 prouinciam

302 5209 475 5258 macedoniam
491 5213 552 5272 434
571 5233 597 5245 -
617 5211 658 5259 2⁴.
677 5215 700 5260 et
716 5211 828 5271 4444444444
843 5211 880 5266 V;
898 5211 1025 5272 lilonicum
1042 5211 1093 5260 D0
1108 5237 1134 5244 -
1154 5215 1177 5259 ct
1193 5216 1283 5260 cuncta
1301 5213 1424 5271 44444444)
1440 5211 1507 5273 434]
1525 5209 1592 5260 VD:
1610 5215 1634 5259 et

303 5297 357 5334 om.
376 5285 396 5334 0
416 5311 443 5321 -
466 5286 595 5347 34444444)
617 5289 678 5346 434
699 5310 726 5318 -
751 5291 773 5335 44
794 5286 900 5349 uniones
917 5287 986 5335 mei:
1010 5291 1033 5334 44
1049 5299 1103 5335 om.
1123 5287 1143 5336 0
1163 5313 1189 5322 -
1208 5287 1387 5348 aequitatnsV
1407 5313 1432 5323 -
1451 5286 1486 5349 44]
1506 5300 1549 5335 .m.
1568 5299 1583 5335 a
1600 5312 1634 5322 -

302 5360 343 5410 22.
360 5359 513 5421 populusque
537 5373 659 5409 romanus
679 5359 717 5417 V,
743 5373 766 5408 r.
788 5373 814 5421 ρ.
838 5363 894 5408 4-
923 5361 963 5425 0.]
981 5359 1062 5421 quob
1082 5387 1108 5396 -
1135 5362 1282 5423 Caepionem
1299 5362 1335 5411 V:
1364 5362 1510 5424 Caepionem
1525 5363 1634 5411 linitum

304 5435 419 5498 (444443)
437 5435 488 5484 D0
505 5434 723 5497 —proconsulV
742 5461 769 5470 -
794 5434 835 5484 23.
854 5437 1000 5498 etereip.
1018 5437 1053 5491 V;
1079 5437 1109 5485 de
1127 5449 1202 5498 .r.p.
1221 5439 1249 5494 t;
1275 5442 1382 5500 etrep.
1401 5437 1419 5486 b
1439 5464 1466 5473 -
1487 5451 1535 5498 pro
1553 5437 1586 5485 V:
1611 5442 1635 5487 44

300 5508 418 5573 probt;
442 5513 527 5572 4443
551 5537 577 5546 -
600 5523 702 5559 nmmum
723 5521 776 5558 om.
796 5508 813 5558 b
835 5537 860 5545 -
879 5511 920 5561 24.
937 5511 1129 5575 qenerendaeV
1149 5538 1176 5548 -
1198 5512 1282 5573 fecisse
1298 5525 1352 5561 om.
1371 5516 1382 5561 t
1401 5540 1427 5548 -
1449 5525 1505 5562 eam
1521 5525 1575 5562 rem
1591 5514 1631 5562 V:

303 5599 359 5636 eam
375 5598 428 5635 rem
447 5599 494 5647 pr.
513 5583 545 5644 4);
565 5597 621 5634 eam
636 5597 690 5633 reru
705 5585 784 5646 reip.
804 5597 832 5647 3;
851 5599 932 5647 eamq.
951 5601 975 5636 r.
992 5600 1018 5648 p.
1039 5589 1062 5643 t;
1081 5599 1161 5647 eamq.
1180 5584 1209 5635 ri
1229 5601 1260 5636 .r.
1278 5600 1304 5648 ρ.
1323 5600 1338 5636 a
1358 5615 1384 5622 -
1404 5600 1454 5636 sen.
1470 5601 1498 5648 ρ.
1515 5601 1540 5648 q.
1558 5601 1581 5636 r.
1595 5588 1631 5643 V;

303 5675 367 5724 cp.
386 5674 410 5722 q.
428 5676 451 5711 r.
471 5664 551 5710 44-
570 5662 610 5711 25.
628 5666 753 5721 omnen,
771 5664 830 5708 ata
851 5687 877 5694 —
898 5661 937 5725 0.]
956 5661 1058 5723 quaeV
1077 5686 1104 5696 -
1123 5662 1196 5722 capio
1213 5662 1284 5709 vr..
1304 5661 1370 5710 omui
1387 5674 1403 5723 3
1421 5686 1448 5697 -
1466 5662 1633 5722 proconsulV

305 5762 332 5771 -
351 5736 393 5785 26.
411 5741 591 5798 msnctamquae
607 5736 644 5792 V;
669 5740 795 5795 totamque
811 5736 832 5785 D
854 5762 877 5771 -
904 5737 945 5786 27.
963 5736 1098 5799 4444444444]
1117 5739 1238 5786 4444444444
1254 5736 1273 5786 4)
1293 5762 1320 5773 -
1339 5738 1406 5797 etqui
1422 5736 1457 5793 V;
1475 5749 1583 5798 eoquea
1603 5763 1631 5774 -

303 5811 345 5862 28.
362 5810 456 5872 praesit
472 5812 510 5861 D:
526 5810 650 5872 praestitit
665 5810 688 5858 V
702 5837 728 5846 -
743 5811 900 5872 pecuniaque
916 5809 1015 5874 aliquot
1026 5813 1055 5872 (t)
1073 5810 1152 5861 codd.
1166 5811 1263 5861 dett·
1277 5814 1311 5861 ad
1327 5825 1380 5862 om.
1393 5811 1428 5872 V;
1446 5812 1582 5862 4444444444)
1598 5811 1633 5861 ad

303 5897 357 5935 rem
373 5883 391 5934 4)
411 5911 439 5922 -
456 5878 478 5934 44
494 5885 641 5946 quo--ad
656 5897 710 5935 rem
725 5885 860 5936 militarem
876 5898 930 5937 om.
949 5888 960 5938 t
979 5912 1005 5922 -
1023 5886 1064 5937 29.
1081 5887 1248 5952 pecuniasque
1263 5900 1318 5938 om.
1335 5901 1360 5955 3.
