3800 7350
644 1209 1252 1297 cu.xx1v-xxv-.§s.oo-7r.
1545 1196 1609 1267 777

283 1410 389 1466 causa,
404 1389 500 1453 etiam
515 1394 638 1451 tacente
654 1406 714 1461 me,
731 1386 816 1468 cogit
831 1386 954 1449 animos
969 1393 1155 1468 mentesque
1169 1389 1361 1447 convertere.
1382 1381 1484 1445 XXV.
1499 1377 1610 1443 Omni·

281 1484 395 1548 busin
419 1483 531 1553 rebus,
563 1481 698 1554 iudices,
716 1501 812 1566 ¹quae
839 1480 999 1563 graviores
1028 1478 1226 1561 maioresque
1252 1485 1343 1552 sunt,
1371 1474 1448 1559 quid
1471 1474 1608 1558 quisque

281 1577 433 1652 voluerit,
456 1575 619 1657 cogitarit,
642 1574 820 1648 admiserit,
842 1593 908 1636 non
931 1594 972 1636 ex
994 1573 1141 1647 77777707,
1164 1573 1276 1636 sodex
1296 1571 1437 1634 moribus
1451 1569 1532 1642 eius,
1553 1566 1608 1648 qui

282 1671 443 1752 arguitur,
466 1676 514 1731 est
536 1667 784 1752 ponderandum.
818 1670 930 1752 Neque
946 1668 1031 1730 enim
1046 1675 1151 1749 potest
1164 1667 1332 1750 quisquam
1347 1674 1489 1729 nostrum
1503 1660 1608 1726 subito

280 1764 377 1847 fingi,
398 1782 504 1847 neque
526 1764 713 1845 cuiusquam
735 1770 866 1845 repente
887 1762 953 1826 vita
975 1761 1087 1824 mutari
1102 1767 1157 1824 aut
1170 1770 1281 1824 natura
1295 1758 1446 1823 converti.
1473 1752 1525 1819 70.
1542 1753 1633 1818 Cir-e

282 1857 467 1940 cumspicite
488 1857 652 1940 paulisper
673 1857 830 1919 mentibus
851 1858 983 1929 vestris,
1004 1862 1041 1918 ut
1062 1855 1123 1918 alia
1143 1856 1318 1928 mittamus,
1338 1853 1436 1917 hosce
1449 1853 1537 1934 ipsos
1551 1848 1609 1911 bo-

282 1954 400 2026 mines,
430 1951 487 2034 qui
517 1950 592 2013 huic
621 1948 732 2013 affines
763 1951 874 2014 sceleri
895 1949 1035 2012 luerunt.
1075 1948 1208 2011 Catilina
1230 1955 1340 2010 contra
1361 1966 1427 2009 rem
1448 1942 1608 2028 publicam

281 2044 472 2109 coniuravit.
507 2045 603 2107 Cuius
625 2064 717 2107 aures
740 2063 891 2127 umquam
912 2043 991 2106 hacc
1010 2050 1199 2125 respuerunt
1213 2048 1360 2104 conatum
1375 2059 1445 2103 csse
1458 2038 1609 2101 audacter

281 2139 442 2202 hominem
464 2158 482 2201 a
503 2138 641 2221 pueritia
664 2157 728 2200 non
751 2138 853 2200 solum
877 2137 1120 2219 intemperantia
1143 2144 1175 2199 et
1195 2135 1330 2208 scelere,
1353 2134 1408 2196 sed
1426 2133 1519 2196 etiam
1534 2149 1609 2194 con·

281 2232 450 2298 suetudine
473 2239 505 2295 et
526 2232 632 2295 studio
656 2234 688 2294 in
712 2232 798 2294 omni
819 2228 955 2312 flagitio,
979 2239 1106 2313 stupro,
1127 2230 1224 2293 caede
1237 2230 1418 2294 versatum?
1442 2226 1522 2302 Quis
1537 2242 1647 2287 eumso

282 2332 392 2390 contra
413 2326 546 2409 patriam
569 2332 762 2409 pugnantem
787 2325 907 2407 perisse
930 2325 1077 2398 miratur,
1107 2344 1204 2408 quem
1225 2344 1350 2407 semper
1371 2341 1481 2386 omnes
1502 2320 1543 2384 ad
1567 2318 1610 2381 ci·

281 2420 345 2484 sile
368 2419 570 2483 latrocinium
593 2427 702 2483 natum
725 2423 938 2504 putaverunt?
975 2418 1054 2494 Quis
1076 2418 1201 2482 Lentuli
1223 2419 1391 2481 societates
1405 2437 1477 2480 cum
1498 2413 1611 2477 indici·

280 2515 358 2588 bus,
381 2514 453 2598 quis
474 2514 629 2578 insaniam
652 2514 839 2586 libidinum,
862 2513 935 2595 quis
957 2532 1137 2596 perversam
1151 2522 1253 2597 ,atque
1275 2512 1402 2597 impiam
1423 2510 1609 2593 religionem

281 2609 480 2683 recordatur,
510 2609 565 2689 qui
591 2607 677 2671 illum
701 2617 755 2671 aut
777 2606 898 2670 nelarie
921 2607 1078 2690 cogitasse
1098 2613 1155 2671 aut
1175 2607 1271 2671 stulte
1293 2623 1438 2690 sperasse
1458 2603 1609 2671 7777777777

282 2702 362 2778 Quis
384 2701 423 2766 de
446 2703 480 2765 0.
503 2699 642 2785 Cethego
666 2708 762 2786 atque
785 2702 854 2765 eius
877 2703 910 2764 in
931 2700 1117 2784 Hispaniam
1139 2701 1337 2784 proiectione
1357 2722 1395 2766 77
1416 2700 1457 2765 77
1477 2697 1648 2766 rubescit

282 2795 322 2871 Q.
344 2796 464 2859 Metelli
486 2796 533 2858 Pii
555 2797 687 2878 cogitat,
720 2797 771 2859 cui
793 2816 856 2859 uon
878 2796 919 2858 ad
942 2795 1029 2859 illius
1050 2815 1186 2877 poenam
1207 2816 1314 2859 carcer
1332 2795 1517 2859 aedificatus
1538 2814 1609 2857 esse

280 2890 449 2953 videatur?
486 2885 537 2951 71.
560 2888 679 2953 Omitto
703 2898 841 2962 ceteros,
864 2910 905 2951 ne
925 2889 967 2952 sit
987 2888 1161 2963 infinitum
1184 2895 1304 2952 tantum
1318 2910 1338 2953 7
1351 2890 1440 2954 vobis
1461 2896 1552 2972 peto,
1574 2895 1611 2951 ut

282 2984 368 3047 taciti
391 2982 431 3047 de
454 2983 620 3058 omnibus,
649 3004 731 3067 quos
754 2985 936 3047 coniurasse
960 2984 1123 3065 cognitum
1145 2990 1209 3057 est,
1237 2984 1398 3065 cogitetis:
1426 2980 1609 3064 intelligetis

281 3096 379 3140 uuum
402 3096 562 3161 quemque
585 3098 693 3142 eorum
715 3078 802 3160 prius
824 3077 864 3140 ab
887 3097 944 3140 sua
966 3077 1031 3140 vita
1045 3096 1142 3160 quam
1158 3083 1261 3139 vestra
1275 3077 1456 3161 suspicione
1469 3096 1541 3140 esse
1554 3074 1610 3137 da·

282 3177 434 3235 mustum.
461 3172 570 3253 lpsum
586 3171 676 3234 illum
690 3172 888 3244 Autronium,
903 3172 1054 3253 quoniam
1070 3171 1140 3234 eius
1160 3190 1275 3233 nomen
1290 3170 1458 3233 finitimum
1473 3169 1647 3232 maximeso

283 3273 333 3328 est
352 3264 448 3327 huius
469 3265 611 3349 periculo
635 3272 667 3328 et
689 3265 830 3337 crimini,
852 3284 917 3326 non
940 3283 997 3326 sua
1020 3265 1084 3327 vita
1105 3284 1141 3327 ac
1164 3272 1277 3327 natura
1289 3264 1449 3328 convicit?
1480 3263 1611 3345 Semper

284 3358 398 3432 audax,
421 3359 579 3441 petulans,
594 3359 802 3433 libidinosus;
827 3379 921 3442 quem
937 3360 971 3420 in
986 3367 1164 3441 stuprorum
1177 3358 1415 3421 defensionibus
1430 3376 1493 3419 non
1507 3355 1611 3425 solum

283 3451 387 3515 verbis
409 3453 455 3515 uti
477 3453 720 3534 improbissimis
742 3451 870 3515 solitum
893 3471 962 3515 esse
985 3452 1119 3526 scimus,
1140 3473 1250 3516 verum
1265 3452 1359 3515 etiam
1374 3450 1489 3533 pugnis
1504 3459 1535 3513 et
1548 3451 1611 3513 cal·

285 3546 391 3617 cibum
424 3566 519 3629 quem
542 3546 711 3609 exturbare
741 3547 886 3609 homines
909 3564 949 3608 ex
971 3547 1242 3627 possessionibus,
1265 3545 1392 3609 caedem
1413 3544 1516 3609 iacere
1535 3544 1611 3607 vici·

286 3660 417 3716 uorum,
439 3640 578 3724 spoliare
599 3640 672 3704 iana
694 3641 870 3715 sociorum,
892 3641 924 3704 vi
946 3635 1116 3724 [conatum]
1134 3650 1165 3704 et
1178 3640 1275 3705 777777
1289 3639 1467 3705 disturbare
1481 3639 1648 3715 iudiciaae

285 3737 318 3799 in
339 3736 432 3800 bonis
454 3736 549 3798 rebus
572 3754 683 3798 omnes
705 3742 920 3810 contemnere,
947 3736 980 3797 in
1001 3735 1093 3798 malis
1114 3755 1255 3818 pugnare
1276 3744 1385 3799 contra
1406 3736 1525 3809 bonos,
1546 3755 1611 3797 non

285 3829 331 3893 rei
353 3828 499 3914 publicae
521 3829 651 3902 cedere,
674 3848 738 3892 non
759 3828 904 3893 fortunae
926 3829 990 3912 ipsi
1011 3830 1227 3893 succumbere.
1260 3831 1362 3893 Huius
1383 3829 1410 3893 si
1432 3848 1526 3893 causa
1547 3848 1611 3892 nou

284 3921 549 3987 manifestissimis
570 3923 665 3986 rebus
687 3930 865 3997 teneretur,
888 3929 994 3988 777777
1015 3943 1087 3986 eum
1109 3943 1212 3988 mores
1233 3923 1333 4006 ipsius
1352 3943 1389 3986 77
1402 3923 1467 3988 vita
1481 3922 1611 3988 convio-

349 4261 373 4310 t.
391 4260 457 4324 sopit
472 4261 569 4309 animos
585 4264 723 4321 7777777077
739 4258 888 4323 conuertere]
906 4260 946 4309 sic
963 4258 1016 4309 Eri.
1035 4259 1118 4310 solus:
1138 4259 1204 4323 cepit
1220 4260 1252 4318 Β;
1270 4260 1336 4323 cogit
1352 4260 1451 4309 7777777
1466 4260 1510 4309 TS
1527 4263 1555 4310 77
1571 4261 1609 4310 777

285 4333 327 4385 vel
338 4335 428 4385 7777777
439 4335 517 4386 codd.
531 4333 588 4385 rell.
601 4336 664 4385 noti.
679 4361 705 4370 -
724 4335 749 4385 2.
762 4336 854 4385 iudices
865 4346 919 4385 om.
933 4335 997 4384 Τ-
1009 4334 1034 4384 3.
1045 4336 1088 4395 oui
1105 4334 1283 4384 accasatseoel
1293 4335 1441 4398 7777777717
1455 4361 1482 4370 -
1496 4336 1520 4386 t.
1532 4337 1611 4398 pinpi

284 4409 349 4459 Τ-
369 4415 445 4471 atque
459 4415 556 4459 777777
572 4410 591 4459 Β
611 4434 639 4444 —
657 4410 681 4459 o.
697 4410 827 4472 paulisper
843 4410 914 4459 mei:
929 4409 1068 4472 pcnilimer
1084 4411 1149 4460 0-
1163 4411 1292 4459 mittamus
1308 4410 1342 4458 T:
1361 4410 1504 4460 7777777777
1519 4411 1611 4461 110·-

283 4484 308 4534 8.
325 4498 446 4548 emptam
461 4485 522 4536 baec
538 4486 573 4535 T:
600 4485 645 4533 boc
661 4497 774 4545 conquam
790 4487 824 4547 Β,
847 4497 968 4546 anquam
983 4484 1029 4534 777
1044 4485 1094 4534 170
1113 4511 1140 4520 -
1167 4485 1287 4535 audacter
1303 4485 1336 4534 Τ;
1363 4497 1417 4536 om.
1437 4487 1485 4537 ll0
1504 4512 1531 4523 -
1550 4486 1575 4535 9.
1593 4499 1612 4535 a

281 4560 393 4622 pueritia
410 4558 488 4609 codd.
509 4560 579 4609 noti:
598 4571 676 4620 usqae
693 4572 710 4607 0
724 4559 835 4621 pueritia
846 4560 866 4610 0
879 4588 906 4597 -
926 4561 1128 4623 intemperantia]
1147 4561 1198 4610 «Er
1214 4562 1267 4611 vita
1283 4561 1398 4612 hominis
1414 4559 1511 4624 probet
1522 4573 1611 4612 mores

284 4636 389 4692 orator3
407 4633 453 4697 qui
471 4631 596 4684 Catilinae
613 4645 629 4682 7
645 4645 730 4696 puero
747 4635 836 4694 erant,
855 4635 923 4684 aucti
941 4637 1004 4685 sunt
1021 4634 1212 4686 consuetudine
1230 4636 1257 4685 et
1273 4634 1376 4696 studio,
1394 4635 1465 4686 unde
1483 4649 1613 4699 reponen-

284 4711 366 4760 dum:
384 4724 435 4760 707
450 4709 530 4759 soloen
546 4710 572 4758 in
590 4709 807 4771 intemperantia.»
825 4709 982 4774 Spengelius
1000 4711 1024 4761 iu
1041 4710 1219 4760 8777777777ἰηί
1231 4710 1356 4774 Philolopo
1366 4711 1401 4772 11,
1414 4723 1441 4775 p.
1453 4711 1511 4762 297.
1530 4712 1612 4776 Equi-

284 4787 347 4837 dem
365 4784 479 4850 erplico:
500 4797 552 4834 non
570 4782 656 4835 solum
674 4785 859 4848 intemperanti
876 4799 924 4836 sua
942 4788 1034 4835 natura
1051 4785 1217 4846 etscelesta,
1235 4785 1283 4836 sed
1296 4787 1376 4837 etiam
1387 4789 1438 4837 etc.
1453 4813 1480 4825 -
1501 4788 1542 4838 to.
1553 4802 1612 4838 oer-

283 4859 375 4924 sotasn]
391 4865 536 4923 7777777777
551 4859 605 4910 Ε77.
633 4859 671 4910 07.
690 4861 812 4922 Seyfferti
831 4862 907 4926 epist.
925 4874 952 4925 p.
973 4862 1012 4911 ⁴2.
1036 4888 1070 4897 -
1091 4862 1131 4909 tt.
1152 4861 1246 4923 perisse
1266 4863 1335 4912 mei:
1359 4863 1463 4923 77777777
1481 4863 1501 4913 0
1522 4892 1555 4900 —
1578 4864 1613 4912 od

283 4935 355 4986 777777
368 4935 537 4997 patrocinissns
553 4939 638 4984 707777
654 4935 674 4983 Τ
690 4962 724 4970 -
749 4934 789 4985 tl.
807 4940 854 4984 ont
869 4936 966 4997 7770777
980 4936 1101 5000 cogitasse
1116 4940 1162 4985 ant
1182 4936 1255 4984 777777
1275 4949 1386 4999 speram
1401 4937 1470 4987 Eri:
1496 4943 1542 4987 aot
1561 4939 1611 5000 777.

283 5011 405 5075 cogitasse
425 5013 469 5058 out
487 5009 559 5058 stistte
580 5010 702 5072 cogitasse
718 5010 750 5068 T;
768 5010 864 5072 nefarie
879 5015 956 5072 atque
971 5010 1043 5060 stulte
1058 5011 1178 5074 cogitasse
1194 5011 1227 5070 B,
1254 5016 1299 5060 out
1314 5013 1411 5075 nefarie
1427 5018 1472 5062 out
1486 5013 1558 5063 stulte
1573 5027 1613 5063 70-

283 5085 456 5149 977777717-
478 5083 721 5145 tempanianu
741 5113 767 5122 -
787 5086 827 5134 ss.
846 5084 982 5147 intettipitts
998 5086 1043 5134 TS
1059 5113 1091 5121 —
1110 5085 1149 5134 79.
1169 5087 1354 5147 eommTBs,
1373 5085 1433 5137 elii:
1450 5087 1550 5137 iltossssn
1567 5088 1610 5137 ed.

284 5159 361 5218 itta,
380 5158 400 5207 0
415 5183 440 5192 -
460 5157 493 5206 ab
508 5171 556 5208 sno
566 5160 599 5209 T:
618 5172 636 5208 a
652 5173 699 5208 suo
717 5160 764 5209 lto
777 5185 803 5194 -
822 5164 906 5209 vestra
923 5161 958 5209 l:
982 5173 1000 5208 o
1016 5165 1102 5208 nostra
1114 5159 1173 5209 cod.
1187 5162 1261 5210 Parc.
1276 5160 1360 5225 (prob.
1372 5161 1504 5224 Seytierto
1515 5175 1541 5226 p.
1553 5162 1611 5225 707;

283 5237 370 5285 nostro
392 5233 496 5283 170-
520 5235 653 5296 suspitione
673 5247 724 5285 esse
743 5235 907 5296 dampnatum
928 5234 948 5282 Τ
971 5260 998 5269 -
1024 5235 1064 5284 2⁰.
1086 5235 1198 5285 manime
1216 5236 1351 5299 finitimum
1371 5243 1405 5287 est
1424 5238 1481 5286 lsnic
1497 5251 1525 5299 p.
1543 5237 1562 5286 B
1579 5264 1612 5273 -

283 5309 325 5359 st.
344 5320 391 5357 sua
405 5307 459 5357 otta
474 5321 506 5358 ac
521 5315 616 5359 777777
633 5311 666 5360 Τ;
684 5323 731 5359 suo
746 5315 843 5360 natnra
859 5311 892 5370 B,
910 5322 958 5358 sno
973 5311 1033 5359 naec
1048 5310 1102 5359 cita
1116 5309 1194 5360 codd.
1208 5309 1331 5373 Palatini,
1350 5312 1393 5362 ed.
1408 5313 1485 5373 etam
1503 5326 1551 5362 saa
1566 5313 1613 5362 lac

284 5383 336 5448 (oc)
350 5383 405 5432 uita
421 5382 436 5431 3
454 5383 570 5443 Oxonn.;
588 5397 636 5433 aaa
651 5385 825 5435 consuetudine
841 5397 872 5434 oc
887 5384 940 5433 vita
952 5385 982 5440 S,
999 5397 1047 5433 sna
1056 5390 1116 5434 onte
1125 5391 1183 5434 octo
1195 5387 1248 5436 uita
1262 5387 1323 5437 cod.
1336 5388 1395 5438 077.
1408 5387 1510 5452 steph..
1522 5388 1611 5447 Rern..

284 5461 345 5510 0-
365 5458 514 5508 nonar:
532 5459 655 5508 convincit
671 5459 721 5509 lto
740 5485 767 5494 —
786 5461 827 5510 22.
846 5463 960 5520 stuprum
976 5459 996 5507 Τ
1012 5485 1045 5495 -
1066 5458 1107 5509 23.
1125 5460 1231 5523 inprob.
1249 5463 1287 5511 oti
1302 5463 1322 5511 B
1346 5491 1373 5500 -
1390 5464 1485 5528 cenni]
1502 5477 1575 5526 77777
1592 5465 1612 5514 Β

286 5560 315 5570 -
332 5531 373 5584 il.
391 5545 464 5594 qnnn
480 5544 534 5582 om.
553 5534 572 5582 u
589 5560 622 5569 —
645 5547 678 5583 77
694 5535 728 5583 T:
746 5548 759 5584 7
775 5535 825 5585 lto
841 5562 875 5571 -
901 5536 941 5585 77.
960 5535 986 5584 vi
1001 5540 1122 5585 70777777
1137 5542 1161 5587 et
1176 5539 1255 5587 annis
1271 5537 1351 5589 codd.
1371 5536 1503 5604 plerique,
1527 5538 1576 5590 777
1592 5538 1611 5589 Β

282 5608 309 5657 oi
326 5613 349 5658 77
365 5608 444 5657 mnis
459 5612 591 5667 7077777,
609 5610 629 5658 Τ
644 5613 670 5658 ni
686 5614 710 5659 77
725 5614 843 5660 conatam
859 5616 882 5661 77
899 5610 991 5670 nmis,
1013 5609 1062 5660 sed
1079 5609 1113 5659 its
1131 5613 1162 5660 ut
1177 5613 1251 5676 prius
1267 5618 1291 5662 et
1306 5626 1322 5662 7
1339 5611 1445 5664 librario
1462 5614 1520 5677 ipso
1538 5611 1613 5663 dele-

285 5685 341 5734 tum
358 5681 405 5742 777;
423 5682 449 5731 oi
465 5688 557 5733 707777
573 5689 596 5734 et
612 5685 691 5734 annis
707 5684 836 5736 lOroun.
846 5701 860 5746 ;.
870 5690 988 5735 70707777
1005 5685 1186 5736 inducendum
1204 5700 1265 5738 esse
1276 5687 1342 5738 vidit
1356 5687 1514 5748 Lambinus;
1531 5687 1557 5736 oi
1573 5701 1614 5736 co-

284 5759 347 5808 actis
362 5761 385 5806 77
401 5758 507 5807 amatis
523 5759 591 5809 coni.
610 5757 697 5809 Orelli.
718 5785 745 5795 -
764 5760 805 5810 26.
824 5761 903 5811 omnis
918 5756 1090 5822 7077777777
1108 5761 1128 5810 Τ
1144 5788 1177 5798 -
1193 5762 1234 5812 28.
1246 5776 1303 5812 7777
1314 5775 1367 5813 om.
1380 5763 1401 5813 B
1414 5789 1442 5798 -
1459 5762 1614 5813 cnoneeret

285 5833 342 5892 ΤΒ,
355 5831 414 5882 707.
429 5832 458 5883 0.
472 5833 574 5897 steph,
591 5835 735 5888 torona:
754 5835 924 5886 convincerent
934 5836 952 5884 S
961 5835 990 5885 0.
1009 5835 1048 5886 07.
1062 5848 1086 5887 7.
1096 5836 1128 5885 22
1141 5835 1196 5886 init.
1210 5836 1297 5888 17777.
1311 5838 1427 5888 Gramm.
1440 5835 1485 5886 lat.
1498 5836 1514 5900 5
1525 5835 1611 5898 stab

286 5908 313 5960 et
328 5906 398 5958 adde
416 5907 471 5958 077.
490 5907 523 5959 77
540 5909 605 5975 imp.
624 5909 673 5960 00.
691 5910 783 5975 Pomp.
801 5909 816 5974 fi
833 5909 875 5962 37.
893 5910 955 5962 Τ70.
972 5911 1040 5961 Anu.
1058 5912 1082 5974 1,
1099 5911 1140 5961 76.
1159 5911 1194 5973 11,
1212 5911 1253 5962 76.
