3800 7350
301 1178 384 1246 t37t
731 1178 882 1244 ORATIO
903 1176 1128 1244 PHILIPPICA
1149 1178 1219 1242 ΧΠ.

304 1353 338 1417 C.
360 1355 474 1427 Pausa,
504 1348 579 1412 illae
607 1349 839 1413 cohortationes
860 1347 1092 1432 pulcherrimae
1114 1357 1204 1423 tuae,
1236 1346 1351 1431 quibus
1374 1368 1393 1411 a
1414 1356 1445 1411 te
1468 1345 1629 1415 excitatus

304 1453 446 1518 senatus,
476 1440 687 1506 inllarnmutus
715 1443 851 1526 populus
880 1445 1041 1507 Romanus
1069 1463 1135 1506 non
1157 1443 1259 1507 solnm
1281 1441 1420 1516 audiuit,
1449 1440 1628 1505 sedetiam

304 1539 413 1601 didicit
434 1537 513 1601 nibil
536 1556 605 1600 esse
627 1538 748 1599 bomini
769 1538 909 1602 Romano
931 1537 1057 1600 foedius
1079 1537 1253 1600 servitute?
1297 1529 1347 1596 to.
1370 1535 1535 1597 idcircone
1551 1554 1629 1617 saga

303 1632 509 1713 sumpsimus,
531 1650 618 1693 arma
639 1632 795 1711 cepImus,
816 1632 1009 1695 iuventutem
1032 1650 1156 1694 omnem
1177 1649 1217 1692 ex
1232 1636 1297 1692 tota
1312 1629 1401 1692 ltalia
1416 1628 1627 1700 excussimus,

280 1733 338 1790 out
359 1724 498 1786 exercitu
519 1723 743 1786 florentissimo
766 1733 797 1788 et
818 1726 956 1787 maximo
979 1725 1073 1806 legali
1095 1724 1134 1786 ad
1156 1742 1266 1805 pacem
1286 1722 1506 1787 mitterentur?
1529 1724 1555 1785 si
1574 1742 1628 1785 nc·

303 1818 495 1899 cipieudam,
524 1836 581 1878 cur
601 1835 667 1878 nou
689 1821 855 1898 rogamur‘t
884 1817 911 1878 si
934 1816 1169 1899 postulandam,
1200 1815 1275 1899 quid
1298 1816 1468 1880 timemus?
1501 1817 1537 1877 In
1566 1815 1627 1878 lrac

303 1910 541 1993 egolegatioue
563 1910 622 1972 sim
644 1908 758 1971 autad
788 1909 820 1971 id
843 1910 1007 1973 consilium
1030 1910 1219 1985 admiscear,
1248 1910 1281 1972 iu
1306 1930 1432 1992 quone
1455 1912 1482 1973 si
1503 1908 1627 1972 dissen-

303 2024 374 2067 sero
398 2003 524 2087 quidem
546 2022 566 2065 a
587 2003 699 2065 ceteris
723 2001 858 2064 sciturus
880 2003 1018 2085 populus
1040 2004 1199 2066 Romanus
1214 2005 1279 2068 siti
1302 2005 1347 2067 lta
1366 2001 1418 2067 Iret
1431 2012 1483 2076 ut,
1506 2002 1627 2085 siquid

302 2097 467 2160 remissurn
491 2103 545 2159 aut
566 2114 750 2158 concessum
773 2095 830 2169 sit,
851 2116 922 2158 meo
938 2115 1064 2179 semper
1080 2096 1223 2178 periculo
1237 2105 1348 2178 peccet
1361 2096 1532 2170 Antonius,
1554 2115 1628 2157 cum

267 2192 333 2255 roei
356 2189 506 2273 peccandi
529 2196 666 2272 potestas
688 2207 707 2251 a
728 2209 777 2250 me
799 2207 948 2252 concessa
969 2188 1122 2253 videatur.

388 2277 439 2343 t7.
463 2280 556 2355 Quod
588 2282 614 2344 si
642 2282 787 2345 habenda
814 2302 885 2345 cum
914 2286 956 2346 lt.
978 2284 1106 2346 Antonii
1137 2284 1301 2347 latrociqu
1329 2284 1416 2367 pacis
1444 2285 1525 2347 ratio
1547 2282 1628 2357 luit,

305 2396 376 2440 mea
398 2385 504 2438 tamen
525 2394 660 2457 persona
681 2376 720 2438 ad
742 2377 832 2438 istam
854 2393 964 2458 pacem
987 2377 1215 2440 conciliandam
1232 2376 1360 2439 minime
1375 2377 1435 2440 luit
1448 2377 1627 2460 deligenda.

305 2471 372 2551 Ego
402 2489 574 2552 numquam
605 2468 725 2550 legatos
752 2469 923 2532 mittendos
954 2471 1081 2545 censui3
1112 2490 1170 2553 ego
1198 2480 1271 2534 aute
1292 2471 1427 2533 reditum
1450 2471 1627 2552 legatorum

305 2583 402 2625 ausus
424 2582 493 2624 sum
516 2562 640 2636 dicere,
662 2564 774 2624 Pacem
795 2562 894 2644 ipsam
917 2564 945 2627 si
967 2564 1130 2638 all‘erreut,
1153 2566 1303 2647 quoniam
1318 2564 1375 2627 sub
1390 2564 1518 2626 nomine
1539 2562 1628 2644 pacis

269 2655 423 2721 tabellum
446 2654 570 2728 lateret,
599 2653 842 2738 repudiandam
873 2675 932 2737 ego
954 2649 1103 2739 princeps
1125 2677 1288 2739 sagorum3
1311 2676 1369 2740 ego
1392 2675 1516 2739 semper
1536 2655 1628 2717 illum

305 2748 462 2832 appellari
490 2748 632 2822 bostem,
659 2768 731 2810 cum
752 2748 807 2810 alii
829 2748 1060 2824 adversarium,
1089 2768 1214 2833 semper
1233 2749 1294 2813 boc
1315 2750 1448 2823 bellurn,
1476 2770 1548 2812 cum
1571 2747 1628 2811 alii

305 2840 483 2904 tumultum.
515 2842 580 2903 Nec
601 2841 679 2904 baec
700 2841 732 2904 in
756 2850 866 2904 serintu
888 2843 1007 2918 solum3
1040 2845 1152 2908 eadem
1173 2844 1212 2906 ed
1235 2844 1389 2927 populum
1404 2837 1538 2924 'semper
1557 2842 1629 2923 egi:

305 2952 411 3016 neque
426 2933 527 2995 solum
543 2935 575 2996 in
591 2935 704 3018 ipsum,
727 2935 783 2997 sed
799 2935 832 2996 iu
848 2937 916 2998 eius
936 2937 1039 3000 socios
1055 2935 1230 3000 facinorum
1247 2943 1278 2998 et
1292 2936 1462 3008 ministros,
1483 2945 1517 3000 et
1537 2956 1630 3020 prae·

305 3034 410 3089 sentes
432 3036 465 3089 ot
487 3047 542 3089 eos
564 3028 620 3110 qui
647 3047 710 3090 uua
737 3037 824 3100 sunt,
853 3028 887 3090 iu
908 3036 1005 3091 totam
1029 3028 1170 3113 denique
1193 3032 1234 3092 lt.
1256 3030 1383 3091 Antonii
1406 3030 1533 3092 domum
1556 3045 1630 3091 sum

267 3140 431 3201 snsemper
450 3121 602 3182 invectus.
647 3115 696 3183 l8.
719 3121 828 3203 ltaque
849 3131 885 3183 ut
906 3123 1026 3185 alacres
1048 3132 1080 3186 et
1100 3122 1175 3185 laeti
1197 3142 1254 3204 spe
1273 3124 1361 3204 pacis
1376 3124 1479 3185 oblata
1494 3124 1581 3184 inter
1595 3139 1630 3183 se

305 3214 394 3297 impii
416 3214 518 3286 cives,
547 3213 638 3296 quasi
661 3214 825 3287 vicissent,
854 3215 1105 3297 gratulabantur,
1137 3216 1181 3278 sic
1211 3236 1260 3277 me
1288 3214 1432 3297 iniquum
1454 3214 1630 3287 eierabaut,

305 3306 345 3369 de
368 3326 417 3368 me
440 3307 667 3388 querebantur:
690 3305 875 3371 diffidebant
896 3309 989 3371 etiam
1011 3308 1161 3384 Servili03
1183 3308 1391 3371 meminerant
1409 3308 1477 3371 eius
1500 3316 1630 3371 seuten-

305 3400 356 3463 tiis
378 3398 535 3463 confixum
557 3402 747 3464 Antonium:
769 3403 803 3463 Ι..
827 3401 1013 3475 Caesarem,
1034 3401 1144 3466 sortem
1168 3402 1296 3484 quidem
1317 3402 1407 3464 illum
1430 3409 1460 3463 et
1481 3410 1630 3465 conatuu-

305 3502 367 3557 tem
390 3502 586 3568 senatorem,
607 3496 796 3557 avunculum
820 3502 940 3570 tamen,
964 3495 1115 3559 Calenum
1137 3504 1390 3578 procuratorem,
1412 3496 1557 3557 Pisonem
1581 3493 1629 3557 fa·

370 3835 393 3882 t.
412 3832 457 3881 illo
472 3831 505 3880 V¹
524 3858 550 3867 —
569 3832 594 3880 2.
612 3845 635 3882 r.
652 3846 707 3893 pa
727 3860 753 3868 -
772 3831 796 3883 l.
815 3834 937 3895 coepimus
953 3834 965 3882 t
980 3860 1013 3870 -
1029 3832 1181 3881 remisimus
1197 3832 1233 3880 V:
1246 3830 1390 3882 'euciuimue
1407 3832 1437 3880 D.
1456 3829 1520 3881 Illud
1539 3830 1629 3881 llrmat

306 3908 417 3964 Nonius,
437 3909 481 3970 qui
499 3906 575 3956 alleri
591 3920 617 3970 p.
631 3907 692 3957 299:
712 3908 1079 3958 imrmtutem--eucmsimus
1095 3932 1123 3943 -
1142 3909 1166 3957 5.
1184 3906 1260 3955 utV:
1279 3911 1301 3955 et
1319 3908 1342 3964 t;
1361 3911 1389 3954 ut
1405 3906 1435 3955 dc
1451 3904 1483 3964 b;
1502 3910 1525 3954 et
1541 3906 1573 3954 de
1587 3917 1629 3967 og

308 4008 331 4020 -
353 3988 381 4030 ut
396 3982 473 4044 legati
488 3984 547 4043 agt
567 4008 593 4017 -
612 3983 766 4030 mitterentur
782 3983 816 4030 ud
830 3985 945 4043 pocomi
963 4008 990 4017 -
1008 3982 1319 4046 sicco--rogomursi
1336 3979 1481 4044 om.bgt;
1500 3981 1628 4029 ai--ro-

304 4070 396 4121 pumur
412 4069 465 4107 om.
478 4068 493 4104 a
508 4082 534 4091 -
553 4056 699 4116 accipiendo
715 4069 762 4104 cur
776 4070 827 4105 nou
842 4057 1034 4120 rogamusv-
1055 4058 1079 4106 6.
1094 4058 1146 4118 quit
1161 4057 1196 4113 V:
1216 4057 1276 4118 quid
1291 4057 1404 4104 timemus
1421 4069 1474 4104 om.
1488 4057 1499 4103 t
1517 4081 1544 4092 -
1563 4055 1629 4103 truec

303 4144 349 4195 ego
365 4131 511 4193 teputiouem
527 4131 603 4178 at-
622 4130 646 4179 Ἰ.
664 4131 699 4179 tm
715 4130 777 4178 V·
797 4137 842 4180 out
858 4145 911 4180 om.
929 4133 939 4180 t
955 4157 989 4168 -
1005 4131 1144 4181 admisceor
1160 4133 1187 4180 iu
1203 4145 1252 4193 quo
1269 4132 1294 4180 i:
1312 4129 1474 4180 admiscearis
1490 4128 1626 4189 iuquaD:

303 4207 384 4255 udmir
400 4206 485 4254 ceteris
496 4203 591 4254 mediis
602 4216 655 4253 om.
670 4204 731 4252 V-
749 4219 781 4255 m
796 4206 818 4254 si
828 4207 962 4255 &umero
979 4206 1000 4253 i:
1019 4219 1050 4254 ue
1066 4208 1120 4269 (uec
1131 4207 1154 4266 a)
1172 4207 1193 4255 ri
1209 4207 1243 4254 ad
1261 4207 1303 4267 (ud
1317 4218 1406 4267 pacem
1421 4202 1526 4268 supliu.
1540 4205 1564 4266 g)
1582 4216 1629 4252 oe-

302 4279 442 4342 cipieudum
457 4292 503 4327 cur
518 4291 568 4327 uon
584 4291 706 4341 rogamur
718 4280 832 4342 (rogetur
843 4282 861 4342 t)
872 4283 1008 4330 dissensero
1019 4280 1055 4337 D:
1074 4279 1107 4330 ol.
1121 4279 1192 4329 adv.
1205 4282 1230 4331 5.
1243 4306 1269 4316 -
1292 4281 1316 4330 8.
1334 4281 1453 4329 siciturm
1469 4278 1505 4336 V;
1523 4280 1629 4327 aitrau-ue

304 4355 380 4417 bgt:
398 4367 423 4402 re
438 4354 520 4402 iturum
535 4365 550 4401 a
568 4379 595 4388 -
613 4355 699 4415 populi
715 4355 815 4403 romani
832 4354 893 4402 V—
911 4353 947 4418 ut]
966 4360 1011 4403 out
1027 4357 1038 4403 t
1055 4381 1082 4390 -
1102 4355 1154 4415 quit
1170 4354 1334 4403 remisoumv
1349 4381 1375 4390 -
1396 4354 1420 4402 9.
1439 4355 1556 4402 concessit
1572 4367 1627 4403 meo

305 4427 368 4478 b-
387 4440 482 4488 semper
498 4440 551 4476 om.
570 4430 629 4490 agi
647 4454 674 4465 -
690 4435 758 4490 pacet
774 4430 797 4478 V
815 4456 841 4465 -
869 4431 909 4480 tr.
927 4443 1015 4478 murco
1032 4429 1068 4488 V;
1087 4431 1121 4479 Μ.
1141 4442 1195 4478 orn.
1214 4430 1235 4478 D
1256 4455 1282 4466 ·-
1301 4429 1341 4479 ii.
1361 4429 1498 4491 delegando
1515 4427 1546 4487 b:
1565 4429 1627 4477 diti-

304 4504 423 4567 gmciua
443 4528 471 4538 -
495 4501 533 4551 43.
552 4504 659 4551 reditum
680 4503 754 4567 tegat.
774 4505 808 4553 V:
832 4504 906 4569 tegat.
924 4506 1031 4554 reditum
1048 4505 1150 4566 (reditum
1166 4506 1183 4565 t)
1207 4505 1258 4553 D0
1275 4530 1308 4540 -
1328 4502 1368 4554 tt.
1387 4503 1514 4565 adferrent
1530 4502 1576 4550 Va
1596 4528 1623 4537 —

304 4575 503 4640 quoniume:
529 4579 728 4639 quodngt-
750 4579 1048 4642 termenandum:
1071 4578 1374 4643 r.p.repudiuudumD
1399 4605 1427 4615 -
1450 4577 1627 4641 augorV¹-

305 4653 346 4702 td.
366 4665 424 4714 app.
442 4651 533 4701 bostem
550 4653 608 4701 dum
624 4653 660 4710 V:
678 4653 769 4703 bostem
785 4667 844 4716 opp.
862 4668 919 4704 mern
935 4655 1026 4716 DQ-
1047 4653 1086 4703 47.
1105 4667 1137 4703 ue
1151 4653 1211 4702 hoec
1227 4655 1287 4715 agi
1304 4680 1336 4690 —
1354 4653 1393 4702 48.
1407 4652 1562 4712 uequeVD:
1580 4665 1627 4701 uec

308 4725 342 4776 i0
360 4752 387 4760 -
405 4725 454 4788 sed]
472 4730 507 4774 est
523 4725 554 4774 V¹
570 4753 597 4764 -
615 4727 714 4789 (mium
731 4727 762 4778 V¹
775 4754 801 4765 -·
821 4735 845 4778 et
859 4730 986 4778 ministros
1003 4729 1059 4777 Vt:
1078 4732 1101 4776 et
1117 4740 1170 4777 om.
1184 4727 1252 4792 abg
1271 4755 1298 4764 -
1313 4728 1451 4790 proesemir
1466 4727 1529 4775 V-
1550 4727 1628 4775 teu

305 4813 359 4850 orn.
378 4799 399 4847 V
417 4800 470 4859 laed
485 4801 511 4848 iu
528 4813 568 4850 eor
584 4799 610 4862 b)
630 4828 657 4837 -
679 4804 760 4853 uiaret
780 4805 866 4852 outoni
883 4803 905 4851 V
924 4830 950 4839 -
973 4805 1014 4853 20.
1033 4803 1069 4864 ut]
1089 4803 1146 4851 iun
1168 4826 1195 4838 -
1218 4804 1259 4854 tt.
1277 4804 1389 4866 iniquom
1404 4802 1439 4850 V:
1458 4801 1586 4850 inimicam
1602 4801 1626 4850 I)

306 4900 333 4910 -
346 4873 475 4924 eierubuut
490 4875 525 4923 V:
544 4875 675 4925 eiurubout
691 4890 720 4940 g:
738 4878 761 4926 ei
777 4877 895 4927 iurabant
912 4876 976 4926 abt
990 4904 1015 4912 -
1035 4877 1075 4927 23.
1092 4876 1190 4940 sortem]
1206 4877 1248 4939 sor
1264 4880 1275 4926 t
1291 4903 1319 4913 -
1336 4878 1426 4941 {ortem
1442 4875 1513 4924 ilium
1526 4875 1627 4937 quidem

303 4949 476 5014 probabiliter
492 4950 616 5001 Muretus.
641 4952 680 5002 Cl.
698 4952 731 5003 dc
749 4954 871 5003 universo
889 4953 940 5002 boc
957 4965 1006 5001 usu
1024 4951 1143 5013 Madvtgii
1161 4963 1272 5013 gramm.
1291 4952 1346 5000 Lat.
1365 4951 1448 5013 stilo,
1461 4951 1488 5001 b.
1507 4953 1564 5002 Non
1576 4963 1627 5000 er·

304 5026 412 5074 cusator
428 5022 542 5075 insoleus
560 5025 702 5076 verborum
721 5025 857 5077 collocatio
874 5026 938 5076 locis
955 5039 994 5075 or.
1012 5024 1076 5077 Pbil.
1096 5027 1130 5084 lt,
1149 5025 1163 5088 3
1181 5025 1196 5073 6
1214 5027 1240 5074 et
1257 5022 1271 5084 ἓ
1289 5023 1332 5083 39,
1351 5025 1385 5074 de
1403 5024 1499 5088 quibus
1515 5041 1539 5077 v.
1554 5039 1626 5090 quae

303 5100 406 5149 monuit
424 5098 569 5162 Madvigius
590 5102 615 5150 iu
637 5102 731 5165 opusc.
751 5103 785 5163 ll,
809 5116 834 5167 p.
854 5102 901 5151 3⁴5
920 5103 988 5159 not..
1012 5112 1173 5163 quamquem
1190 5099 1337 5162 posteriore
1353 5097 1412 5148 loco
1429 5102 1498 5151 baud
1515 5105 1573 5151 scio
1589 5115 1625 5153 au

303 5176 401 5226 rectius
419 5188 451 5225 ex
467 5173 505 5224 bl
520 5182 592 5225 erunt
608 5176 652 5225 itio
668 5179 765 5239 quidem
781 5183 867 5226 cosma
880 5177 957 5237 plenu
973 5188 1049 5224 curae
1065 5173 1237 5223 scribendum
1255 5174 1302 5230 stt;
1321 5173 1369 5222 sed
1386 5172 1463 5237 plene
1480 5174 1571 5226 simitis
1583 5180 1627 5226 est

303 5248 377 5302 locus
395 5265 432 5300 or.
446 5252 492 5310 VI,
511 5251 525 5314 S
543 5252 554 5300 t
575 5252 656 5300 minus
672 5252 770 5312 quidem
785 5253 830 5302 itlu
846 5264 928 5300 seuere
945 5263 1021 5311 quum
1037 5249 1130 5309 decuit,
1148 5263 1198 5297 uon
1215 5253 1297 5297 tumen
1313 5249 1412 5297 ornuiuo
1429 5250 1555 5310 dissolute,
1574 5251 1625 5299 etsi

303 5325 337 5376 de
355 5327 407 5376 hoc
424 5338 531 5389 quoque
548 5324 668 5375 dubitare
686 5324 786 5386 licebIt,
805 5326 865 5388 quia
883 5324 1026 5375 verborum
1043 5325 1069 5371 in
1080 5323 1103 5371 V
1114 5323 1335 5386 transpositorum
1352 5323 1421 5373 baud
1440 5323 1475 5372 ite
1492 5335 1549 5371 rara
1563 5326 1627 5372 sunt

304 5398 434 5465 exemplo.
464 5401 629 5464 Quapropter
651 5400 676 5449 in
694 5413 732 5449 or.
752 5401 785 5461 x,
805 5400 820 5464 g
838 5400 870 5449 20
888 5397 1028 5449 maluimus
1045 5410 1107 5447 curn
1124 5399 1147 5446 l)
1164 5397 1282 5447 scribere
1299 5411 1393 5461 mogus
1408 5411 1453 5447 uos
1469 5398 1566 5460 quidem
1582 5411 1628 5459 rpe

303 5475 423 5525 libertatis
439 5488 543 5524 cumam
559 5476 719 5535 suscepimus,
738 5475 779 5523 sed
795 5478 846 5525 cet.
859 5487 940 5537 quam
952 5486 1013 5523 curn
1026 5472 1047 5520 V
1058 5484 1153 5536 mdpno
1169 5474 1267 5534 quidem
1282 5487 1327 5522 uos
1337 5475 1399 5533 oet,
1416 5474 1494 5531 Item,
1512 5474 1541 5520 ul
1552 5472 1626 5522 bunc

303 5563 410 5613 quoque
428 5563 506 5601 usum
524 5551 664 5612 cognatum
681 5551 833 5612 tangamus,
852 5550 877 5598 in
895 5563 933 5598 or.
948 5549 993 5608 tx,
1012 5545 1054 5610 55
1071 5549 1177 5597 dolerem
1194 5549 1305 5608 equidem
1317 5560 1396 5612 quam
1408 5547 1626 5608 doleremqm'dem

305 5637 366 5674 cum
383 5625 417 5684 V,
439 5627 469 5674 ut
487 5625 566 5674 etium
589 5625 615 5673 io
632 5637 670 5672 or.
689 5624 757 5683 thl,
776 5624 790 5687 5
808 5624 834 5673 31
858 5623 971 5672 maxime
991 5622 1102 5684 equidem
1123 5623 1208 5673 vetlem
1225 5636 1314 5673 verius
1331 5623 1435 5671 videtur
1450 5635 1530 5684 quam
1549 5619 1624 5683 quod

304 5698 387 5749 habet
402 5700 424 5748 V
439 5699 551 5750 maxime
567 5698 673 5760 quidem.
706 5698 757 5747 Sed
779 5699 806 5748 in
823 5695 879 5747 aliis
896 5696 960 5748 locis
976 5697 999 5745 V
1015 5696 1087 5748 solus
1103 5711 1195 5748 veram
1213 5699 1371 5763 scripturam
1389 5698 1514 5755 servavit,
1538 5698 1569 5746 ut
1585 5696 1621 5757 ll,

305 5770 377 5833 §88-
400 5772 755 5836 V1‚5ru.vtt,§t⁰.-
778 5777 953 5822 etom.a-
978 5778 1113 5823 cuduntur
1136 5772 1204 5820 V·
1228 5771 1528 5823 simmamv-
1551 5771 1623 5820 Piro-

304 5844 368 5908 uem]
385 5860 440 5897 uem
456 5848 486 5896 V.
