3800 7350
318 1169 401 1238 4396
727 1173 878 1238 ORATIO
900 1172 1126 1239 PHILIPPICA
1146 1174 1233 1238 XIII.
1322 1195 1325 1204 ·

321 1345 495 1409 pietatem
518 1342 676 1416 violare,
705 1342 868 1424 piissimi
888 1341 1060 1406 hominis.
1097 1344 1168 1406 Tibi
1190 1363 1262 1406 enm
1284 1343 1406 1427 Lepido
1428 1342 1583 1409 societas
1608 1348 1665 1404 aut

320 1462 392 1505 cum
414 1437 493 1513 ullo,
523 1456 588 1500 non
610 1436 712 1499 dicam
732 1435 816 1499 bono
839 1436 919 1511 ciri,
953 1436 1034 1500 siout
1055 1437 1109 1499 ille
1132 1442 1199 1512 est,
1231 1438 1287 1501 sod
1308 1439 1440 1503 bomine
1463 1438 1582 1503 sano?
1600 1503 1606 1514 ‚
1625 1435 1661 1497 ld

320 1536 386 1617 agis
424 1539 460 1595 ut
494 1530 649 1614 Lepidum
688 1536 743 1592 aut
773 1530 906 1613 impium
938 1535 992 1592 aut
1023 1531 1169 1593 Insanum
1204 1531 1377 1596 existimari
1410 1534 1506 1598 velis.
1567 1526 1658 1593 Nibil
1692 1568 1694 1572 -

318 1629 390 1710 agis
406 1659 448 1673 —
470 1644 659 1709 quamquam
684 1622 840 1687 affirmare
868 1623 908 1687 de
937 1624 1035 1688 altero
1062 1622 1190 1689 difficile
1211 1633 1260 1689 est
1280 1659 1322 1673 —
1342 1628 1383 1691 de
1405 1625 1534 1711 Lepido
1558 1642 1657 1708 prae·

294 1720 440 1793 esertim,
462 1737 557 1802 quem
579 1736 637 1799 ogo
660 1724 797 1779 metuam
819 1737 1010 1801 numquam,
1039 1718 1121 1782 bene
1141 1719 1289 1803 sperabo,
1319 1720 1393 1784 dnm
1416 1719 1543 1784 licebit.
1591 1718 1654 1781 lie·

316 1831 429 1876 vocare
457 1820 488 1875 te
515 1831 533 1874 a
557 1808 664 1873 furore
687 1809 824 1892 Lepidus
853 1811 971 1888 voluit,
1010 1831 1074 1875 non
1107 1814 1233 1877 adiutor
1259 1833 1328 1877 esse
1356 1813 1555 1878 dementiae.
1601 1814 1650 1875 Tu

315 1925 410 1990 porro
432 1925 472 1967 ne
493 1905 563 1987 pios
585 1903 727 1986 quidem,
755 1905 811 1968 sed
840 1906 1045 1988 piissimos
1068 1907 1212 1991 quaeris,
1239 1914 1285 1982 ct,
1309 1908 1396 1992 quod
1417 1909 1557 1973 verbum
1580 1927 1649 1970 om·

315 2001 391 2063 nino
419 1998 540 2062 nullum
570 2000 603 2061 in
632 1997 739 2081 lingua
758 1998 870 2062 Latina
900 2007 964 2077 est,
991 2000 1023 2063 id
1055 2008 1186 2085 propter
1213 2009 1299 2065 tuam
1320 2002 1460 2066 divinam
1489 2002 1647 2086 pietatem

314 2113 431 2156 norum
454 2092 587 2155 inducis.
630 2087 680 2153 ii.
703 2094 775 2155 Neo
805 2092 981 2158 Plancum
1008 2096 1184 2177 prodere,
1211 2096 1435 2180 participem
1458 2095 1647 2160 consilio-

277 2205 402 2253 iorum.
445 2184 593 2249 Plancum
622 2185 830 2268 participeml
859 2187 948 2251 onius
977 2188 1190 2254 memorabilis
1218 2210 1254 2254 ao
1283 2190 1390 2254 divina
1409 2192 1512 2255 virtus
1536 2190 1645 2254 lucem

314 2284 404 2347 affert
425 2280 636 2363 reipublicae
657 2313 701 2326 ·-
728 2280 790 2343 nisi
811 2278 894 2343 forte
915 2300 986 2344 eum
1009 2282 1150 2346 subsidio
1173 2283 1229 2346 tibi
1251 2283 1359 2347 venire
1380 2285 1548 2348 arbitraris
1569 2303 1645 2347 enm

311 2376 491 2441 fortissimis
515 2374 709 2457 legionibus,
739 2374 878 2437 maximo
900 2375 1043 2457 equitatu
1063 2376 1271 2460 peditatuque
1292 2378 1454 2441 Gallomm
1476 2398 1539 2441 -t
1570 2376 1646 2459 qui·

314 2492 392 2555 que,
420 2469 482 2534 nisi
509 2476 582 2533 ante
609 2469 675 2531 eius
704 2467 874 2532 adrentum
902 2469 947 2531 rei
977 2469 1123 2551 publicae
1145 2490 1266 2553 poenas
1287 2471 1428 2547 dederis,
1455 2472 1511 2536 ille
1543 2470 1644 2534 buius

312 2566 386 2628 belli
417 2564 497 2628 ieret
527 2563 745 2647 principatum.
787 2562 986 2647 Quamquam
1015 2565 1098 2627 enim
1125 2566 1226 2647 prima
1254 2566 1411 2648 praesidia
1437 2566 1571 2630 utiliora
1592 2565 1644 2629 rei

277 2659 456 2743 republicae
478 2665 565 2732 sunt,
586 2666 691 2720 mmen
712 2664 853 2720 extrema
874 2665 946 2721 sunt
967 2659 1112 2741 gratiora.
1154 2660 1227 2721 XX.
1242 2655 1293 2723 is.
1309 2660 1371 2724 Sed
1385 2662 1448 2724 iam
1463 2680 1497 2724 sc
1515 2660 1646 2743 colligit

313 2760 344 2816 et
364 2752 404 2817 ad
426 2759 599 2815 extremum
621 2751 733 2835 incipit
754 2750 982 2835 philosophari.
1014 2754 1050 2816 Si
1072 2772 1126 2817 me
1147 2753 1262 2817 rectis
1284 2750 1459 2818 sensibus
1482 2760 1644 2818 euntem

312 2846 348 2909 di
369 2845 615 2920 immortales,
641 2853 681 2909 ut
706 2864 829 2930 spero,
855 2846 1086 2922 adiuverint,
1112 2847 1233 2910 rivam
1259 2847 1436 2912 libenter.
1481 2848 1550 2911 Sin
1578 2868 1645 2911 au·

310 2950 382 3006 tem
404 2962 458 3006 me
480 2940 583 3004 aliud
606 2938 724 3003 fatum
747 2947 879 3015 manet,
901 2941 1094 3025 praecipio
1117 2941 1253 3024 gaudia
1278 2942 1556 3025 suppliciorum
1578 2960 1644 3005 ve-

310 3043 478 3100 strorum.
521 3036 687 3119 Namque
714 3034 744 3097 si
770 3034 859 3098 victi
884 3035 1100 3120 Pompeiani
1126 3043 1198 3099 tam
1220 3035 1432 3100 insolentes
1455 3043 1559 3111 sunt,
1581 3036 1643 3100 vi-

271 3137 431 3195 seotores
464 3129 594 3213 quales
624 3128 742 3193 futuri
774 3129 862 3203 sint,
896 3149 962 3193 ros
993 3130 1118 3212 potius
1153 3132 1409 3214 experiemini.
1451 3130 1641 3213 Praecipias

308 3223 382 3287 licet
408 3222 538 3306 gaudia:
564 3242 629 3285 non
656 3223 740 3286 enirn
765 3222 821 3285 tibi
844 3243 914 3287 cum
937 3224 1152 3306 Pompeianis,
1174 3224 1231 3286 sed
1252 3244 1323 3288 cum
1344 3225 1492 3304 uniuersa
1515 3245 1553 3289 re
1575 3244 1641 3308 pu·

307 3318 389 3382 blica
419 3317 539 3380 bellum
571 3322 629 3379 est.
674 3316 791 3380 Omnes
824 3324 855 3381 te
881 3317 913 3380 di
939 3316 1101 3393 homines,
1135 3318 1247 3380 summi
1275 3319 1371 3382 medii
1396 3316 1512 3393 infimi,
1546 3320 1638 3383 cives

305 3411 478 3494 peregrini,
500 3411 560 3474 viri
581 3410 745 3485 mulieres,
766 3411 859 3474 liberi
881 3413 963 3475 servi
986 3411 1133 3475 oderunt.
1170 3413 1332 3476 Sensimus
1353 3412 1415 3476 boe
1428 3432 1533 3498 nuper
1549 3413 1637 3477 falso

306 3506 432 3581 nuntio,
459 3525 533 3568 vero
555 3504 740 3589 propediem
762 3504 943 3568 sentiemus.
989 3505 1078 3581 Quae
1101 3505 1127 3567 si
1149 3511 1253 3569 tecum
1275 3508 1344 3589 ipse
1365 3505 1557 3582 recolueris,
1580 3526 1637 3569 ae·

266 3600 413 3682 sequiora
440 3599 546 3662 animo
575 3605 607 3661 et
635 3600 752 3662 maiore
775 3598 993 3661 consolatione
1014 3599 1161 3662 moriere.
1203 3595 1254 3661 ii.
1275 3600 1456 3685 Denique
1478 3618 1635 3664 summa

302 3693 451 3758 iudicii
476 3695 554 3758 mei
575 3700 734 3777 spectat
754 3692 847 3769 buc,
868 3699 908 3756 ut
929 3713 1103 3757 meorum
1125 3692 1303 3757 iniurias
1323 3693 1431 3758 ferre
1452 3695 1632 3776 possim,

303 3788 337 3851 si
357 3794 426 3852 aut
447 3788 635 3851 oblivisci
655 3787 788 3851 velint
814 3787 896 3870 ipsi
917 3785 1086 3863 fecisse,
1112 3795 1183 3850 ant
1202 3787 1351 3850 ulcisci
1373 3789 1509 3871 parati
1533 3795 1634 3852 sunt

301 3901 377 3945 una
404 3882 613 3945 nobiseum
646 3880 833 3944 Caesaris
861 3888 1035 3944 mortem.
1078 3881 1145 3944 Hac
1165 3882 1296 3945 Antonii
1317 3882 1475 3946 sententia
1497 3883 1630 3965 cognita

301 3974 557 4039 dubitaturumne
584 3976 621 4038 A.
643 3975 779 4040 Hirtium
805 3981 860 4038 aut
891 3975 925 4039 C.
947 3975 1095 4050 Pansam,
1125 3975 1287 4051 consules,
1317 3977 1451 4059 putatis,
1483 3977 1565 4060 quin
1587 3974 1631 4041 ad

364 4305 388 4352 4.
405 4301 552 4353 depromi
571 4327 599 4337 —
617 4301 709 4351 acies
725 4299 770 4350 bii
790 4328 817 4337 —
835 4313 897 4350 suno
914 4301 957 4350 ti:
976 4301 1027 4352 eolo
1044 4300 1128 4351 ab-
1147 4301 1171 4352 3.
1190 4299 1356 4352 4404444444
1372 4303 1384 4353 4
1401 4329 1428 4339 -
1448 4301 1629 4369 imnum

298 4392 314 4427 a
333 4405 360 4415 -
379 4379 409 4428 ds
425 4376 509 4437 aliquo
527 4376 535 4424 i
553 4401 580 4411 —
599 4376 624 4425 5.
638 4374 696 4425 4444
713 4387 766 4425 orn.
785 4376 808 4434 t,
828 4373 903 4425 malis
914 4374 1012 4425 bouum.
1036 4375 1187 4427 Verborum
1204 4376 1399 4428 distinctionem
1416 4381 1532 4431 correxit
1548 4381 1628 4432 blad-

297 4452 381 4516 vigius
397 4453 423 4501 in
439 4451 581 4501 1444440444.
598 4451 625 4500 44
642 4450 692 4500 Cic.
710 4449 766 4499 libr.
780 4449 869 4512 pbilos.
888 4450 912 4509 l,
930 4462 958 4514 p.
977 4451 1039 4511 494,
1060 4454 1121 4501 ante
1138 4464 1221 4515 quem
1237 4451 1335 4502 iuerat:
1357 4453 1420 4502 44444
1434 4454 1506 4519 opie;
1532 4470 1627 4519 quain-

298 4537 375 4586 qeom
397 4526 526 4590 emersere
543 4525 573 4574 de
588 4523 667 4574 elisro
683 4524 736 4586 diff.
754 4528 802 4585 esi,
826 4524 856 4573 de
871 4523 962 4585 Lepido
980 4527 1143 4586 prooemiis,
1166 4539 1238 4588 44444
1254 4526 1306 4576 cet.
1325 4552 1353 4562 -
1376 4527 1401 4577 6.
1419 4533 1443 4579 te
1458 4543 1476 4579 u
1490 4531 1581 4594 satore
1597 4533 1624 4583 i:

298 4605 355 4649 oie
373 4600 493 4661 (edua)
510 4597 963 4663 termemat3suroremateb—
982 4600 1006 4649 l.
1025 4600 1174 4662 qucrisati
1193 4627 1219 4637 —
1238 4601 1263 4652 8.
1279 4598 1376 4651 iuius
1391 4602 1410 4652 t.
1434 4601 1517 4655 Aliter
1532 4604 1625 4660 locum

296 4674 391 4739 legisse
409 4675 514 4727 videtur
530 4673 671 4737 Pompeius
687 4673 713 4720 in
731 4673 888 4723 commento
905 4674 968 4724 artis
984 4675 1092 4737 Donati,
1111 4676 1156 4740 qui
1172 4689 1200 4740 p.
1220 4675 1262 4725 434
1283 4674 1326 4725 ed.
1345 4674 1419 4727 lind.
1437 4678 1506 4730 baec
1522 4681 1623 4734 babet:

296 4751 369 4799 «Pius
382 4750 506 4812 piissimus
521 4748 590 4798 duos
607 4745 688 4796 habet
704 4746 816 4809 gradus,
834 4747 977 4811 positivum
994 4751 1021 4799 et
1037 4750 1234 4815 superlativum.
1262 4751 1430 4814 Quamquam
1447 4755 1474 4805 et
1489 4755 1543 4808 hoc
1555 4760 1625 4822 piis-

294 4825 371 4879 simus
386 4824 516 4888 vituperat
533 4824 626 4874 cicero
643 4822 669 4871 in
681 4820 839 4886 Philippicis.
857 4823 941 4872 Dicit:
959 4825 1015 4873 Neo
1029 4830 1108 4886 potest
1122 4826 1247 4887 piiseismu
1262 4826 1311 4875 dici
1323 4838 1372 4888 per
1386 4839 1472 4878 444444
1487 4837 1622 4885 satiem

294 4897 439 4950 insultabat
455 4899 579 4949 Antonio:
600 4897 644 4958 Tu,
662 4897 710 4958 ait,
728 4903 796 4947 utere
813 4898 924 4962 (4444444)
940 4911 1037 4962 semper
1051 4901 1096 4950 boc
1111 4901 1185 4951 verbo
1200 4901 1332 4963 piissimus.
1351 4903 1450 4954 Tamen
1462 4905 1559 4971 Caper,
1578 4906 1622 4959 ille

295 4975 421 5038 magister
437 4975 545 5037 Augusti
563 4973 697 5034 caesaris,
721 4971 851 5023 laboravit
869 4974 1103 5026 vehementissime
1122 4975 1200 5026 etde
1223 4973 1341 5040 epistulis
1363 4976 1498 5030 Ciceronis
1515 4979 1624 5046 collegit

295 5050 363 5100 haec
378 5048 470 5111 verba,
489 5047 534 5098 ubl
552 5047 653 5098 dixerat
668 5048 726 5112 ipse
738 5047 829 5098 Cicero
845 5047 977 5109 pibsimue.
996 5050 1077 5111 Scias,
1096 5051 1221 5113 qnoniam
1231 5048 1406 5101 ‘amaritudine
1417 5054 1552 5106 rhetorica
1569 5055 1623 5107 boc

296 5124 320 5173 ei
338 5123 480 5185 obiecerat,
499 5124 528 5172 ut
545 5121 660 5172 diceret:
678 5136 728 5172 444
742 5127 821 5184 potest
832 5135 881 5185 per
896 5137 982 5175 44444
998 5130 1119 5176 naturum
1135 5127 1185 5176 dici
1197 5126 1348 5189 piissimus.»
1365 5152 1398 5163 -
1414 5128 1526 5179 (44444444
1541 5132 1624 5181 om.t

297 5223 324 5233 -
338 5198 533 5248 depositionem
548 5198 583 5247 Pl.
600 5198 749 5261 participem
760 5212 813 5249 om.
827 5212 842 5249 a
856 5227 881 5238 -
903 5201 942 5251 ii.
956 5201 1038 5263 adfert
1055 5214 1111 5250 a-
1130 5213 1186 5252 eum
1198 5214 1252 5251 om.
1268 5201 1316 5250 4-
1334 5200 1375 5252 42.
1391 5203 1505 5264 peneum
1521 5205 1578 5255 mei
1591 5231 1620 5242 -

295 5274 412 5337 4444444
432 5302 459 5312 -
482 5275 522 5324 43.
542 5275 676 5324 4444444444
696 5276 748 5326 4444
767 5276 776 5325 4
794 5302 823 5312 -
846 5276 887 5326 ille
907 5273 1004 5326 delevit
1023 5275 1126 5326 Ernesti
1144 5287 1205 5325 cum
1223 5275 1266 5326 ed.
1285 5274 1397 5337 Grypb.;
1416 5278 1443 5327 at
1458 5290 1484 5328 v.
1502 5277 1620 5345 iladvig.

295 5347 330 5398 ad
348 5349 401 5399 Cic.
420 5349 453 5399 de
477 5349 541 5398 tiuu.
559 5362 586 5413 p.
604 5348 652 5399 442
670 5362 711 5413 sq.
732 5378 760 5387 -
784 5349 823 5401 44.
842 5352 1048 5414 Quemquam„
1059 5352 1175 5415 44444444
1192 5363 1245 5401 om.
1263 5353 1275 5400 t
1292 5377 1319 5387 -
1343 5352 1384 5401 ie.
1401 5353 1444 5404 sed
1459 5353 1537 5404 444444
1553 5366 1570 5404 4
1589 5381 1619 5392 -

295 5423 335 5472 40.
350 5425 499 5486 prophetare
516 5425 523 5472 i
543 5448 570 5460 -
590 5425 629 5473 44.
649 5425 683 5473 dii
701 5425 753 5475 mei
771 5451 798 5461 -
818 5427 878 5477 4444.
897 5441 912 5477 4
930 5453 958 5463 -
978 5427 1125 5478 4444444444
1142 5426 1184 5477 44)
1203 5453 1232 5464 -
1250 5427 1272 5476 si
1287 5433 1370 5480 44444
1385 5427 1411 5486 4;
1429 5427 1469 5477 eis
1484 5432 1622 5479 4444444--

293 5501 378 5548 monet
395 5497 475 5548 babet
491 5497 590 5548 Nouius
606 5510 633 5561 p.
647 5497 694 5548 349
711 5499 745 5549 bl.
762 5527 788 5557 -,
807 5501 847 5550 48,
864 5514 904 5551 me
920 5502 989 5551 44440
1005 5502 1065 5553 abi
1083 5504 1110 5553 et
1126 5502 1226 5553 Nouius
1244 5503 1315 5566 (aliut
1331 5504 1369 5565 al:
1386 5515 1427 5554 me
1442 5503 1513 5554 44444
1528 5507 1576 5554 out
1592 5505 1618 5564 t;

293 5573 364 5622 aliud
380 5585 419 5622 me
436 5574 455 5622 0
474 5599 501 5607 -
525 5578 666 5622 nostrorum
683 5575 694 5623 t
712 5600 739 5610 —
764 5575 803 5625 40.
822 5589 883 5625 nam
899 5577 908 5626 i
926 5603 953 5613 -
977 5584 1034 5628 4444
1054 5578 1182 5629 insolentes
1198 5576 1230 5638 b;
1253 5584 1310 5630 suot
1326 5591 1379 5629 om.
1397 5579 1407 5628 i
1424 5602 1452 5614 —
1476 5577 1518 5628 20.
1535 5578 1620 5641 simei

292 5646 383 5697 suntb
403 5673 431 5683 -
447 5660 492 5697 nos
507 5648 518 5696 t
533 5673 567 5683 -
582 5648 622 5697 24.
641 5647 683 5697 libi
700 5650 765 5698 enim
781 5652 793 5699 t
811 5679 837 5687 -
855 5651 896 5701 22.
916 5652 952 5700 eii
968 5653 1021 5703 mei
1038 5655 1096 5704 et0
1114 5681 1142 5692 -
1161 5653 1268 5718 insipient
1283 5654 1295 5704 t
1313 5680 1340 5690 -
1357 5651 1398 5703 23.
1416 5652 1541 5703 8444444444
1556 5653 1569 5702 4
1587 5677 1616 5688 -

292 5721 333 5773 ti.
352 5722 485 5772 recolueris
499 5721 532 5771 b:
550 5721 637 5772 coleris
653 5725 679 5783 t;
697 5723 785 5773 recolis
800 5726 860 5774 ai0
875 5751 902 5762 -
920 5726 962 5776 25.
980 5729 1094 5794 umnec]
1111 5729 1231 5798 meruerip
1245 5728 1257 5778 4
1275 5755 1302 5766 -
1320 5729 1361 5780 26.
1376 5726 1493 5793 iniustus]
1508 5726 1618 5777 insidio-

292 5808 333 5846 sus
353 5810 368 5846 a
388 5824 415 5834 -
434 5797 475 5848 24.
492 5797 578 5847 444444
598 5796 616 5845 b
640 5824 668 5832 -
690 5803 747 5848 4444
769 5799 838 5848 mei:
860 5799 909 5849 sint
931 5802 1065 5864 omnesi‘i)
1083 5800 1143 5852 libri
1163 5801 1275 5854 Ferrarii
1291 5803 1318 5854 et
1334 5803 1354 5854 0
1372 5825 1401 5840 ·-
1425 5801 1467 5854 29.
1484 5799 1618 5853 04444444-

291 5883 380 5924 mmet
395 5871 425 5923 A.
443 5871 552 5923 Hirtius
567 5877 612 5924 444
628 5871 707 5924 abt:
724 5872 910 5927 4444444444
924 5874 955 5926 A.
972 5875 1082 5927 4444444444
1096 5878 1144 5929 40.
