3800 7350
329 1145 410 1217 tt08
719 1155 870 1222 ORATIO
891 1157 969 1223 PRO
992 1158 1054 1223 GN.
1074 1158 1246 1225 PLANCIO

329 1346 363 1389 es
387 1348 404 1390 e
426 1324 594 1409 municipio
622 1325 839 1409 antiquissimo
861 1327 1055 1403 Tusculano,
1084 1350 1124 1393 ex
1147 1349 1212 1413 quo
1235 1337 1307 1392 sunt
1327 1329 1480 1413 plurimae
1501 1330 1639 1397 familiae

328 1421 521 1493 consulares,
543 1420 575 1482 in
597 1419 711 1501 quibus
734 1428 782 1484 est
796 1423 890 1485 etiam
906 1423 1062 1485 luventia:
1085 1430 1132 1486 tot
1146 1443 1187 1486 ex
1201 1423 1332 1506 reliquis
1347 1425 1522 1507 municipiis
1538 1425 1640 1487 omni·

326 1512 385 1575 bus
407 1532 471 1576 nou
493 1520 581 1577 sunt:
610 1512 662 1575 bic
684 1522 731 1577 est
752 1535 769 1577 e
792 1516 988 1597 praefectura
1014 1516 1149 1591 Atinati,
1177 1536 1242 1579 non
1264 1525 1326 1580 tam
1347 1517 1467 1599 prisca,
1489 1538 1554 1581 non
1575 1526 1640 1581 tam

325 1605 496 1679 honorata,
524 1626 589 1669 non
614 1614 677 1670 tam
699 1608 887 1671 suburbana.
926 1608 1086 1683 Quantum
1107 1611 1258 1673 interesse
1279 1612 1327 1674 vis
1349 1611 1388 1673 ad
1410 1612 1563 1675 rationem
1583 1632 1641 1695 pe·

301 1698 436 1767 stendit
464 1700 725 1785 Primumutrum
746 1702 844 1784 magis
866 1701 971 1765 favere
998 1710 1088 1784 putas
1111 1704 1251 1766 Atinates
1273 1723 1312 1766 an
1335 1705 1530 1768 Tusculanos
1553 1706 1641 1769 suis‘t

324 1793 424 1858 Alteri
445 1826 486 1839 -
507 1795 587 1858 scire
609 1795 693 1858 enim
713 1794 775 1858 boc
795 1803 924 1880 propter
936 1796 1127 1859 vicinitatem
1148 1796 1238 1859 facile
1256 1816 1387 1880 possum
1404 1829 1447 1844 -
1461 1817 1531 1860 cum
1545 1796 1641 1860 buius
1754 1861 1755 1864 ,

325 1887 516 1952 ornatissimi
538 1896 632 1972 atque
654 1889 762 1972 optimi
784 1890 860 1964 viri,
884 1889 939 1953 Cn.
960 1890 1136 1964 Saturnini,
1158 1899 1278 1972 patrem
1292 1889 1437 1963 aedilem,
1459 1911 1530 1953 cum
1550 1910 1642 1974 prae·

325 1988 424 2046 torem
444 1982 607 2057 viderunt,
629 1981 715 2066 quod
736 1983 855 2065 primus
878 1983 931 2046 ille
954 2003 1018 2046 non
1041 1982 1134 2047 modo
1156 1985 1188 2047 in
1204 2004 1273 2047 cam
1286 1983 1453 2057 familiam,
1476 1984 1641 2048 sedetiam

323 2076 358 2138 in
386 2074 613 2158 praefecturam
640 2075 726 2138 illam
755 2077 863 2139 sellam
892 2078 1032 2139 curulem
1057 2077 1230 2152 attulisset,
1260 2077 1436 2140 mirandum
1458 2077 1491 2140 in
1512 2076 1641 2140 modum

286 2168 428 2236 tolaetati
450 2177 542 2233 sunt:
564 2171 743 2233 alteros-
765 2169 876 2244 credo,
905 2171 980 2253 quia
1000 2169 1148 2233 refertum
1171 2178 1218 2233 est
1240 2171 1446 2252 municipium
1469 2169 1641 2234 consulari-

323 2262 400 2337 bus,
421 2282 495 2326 nam
516 2263 688 2328 malevolos
709 2283 774 2327 non
796 2284 866 2327 csse
888 2272 974 2327 certo
996 2264 1117 2326 scio-
1130 2284 1302 2347 numquam
1316 2263 1460 2327 intellexi
1473 2263 1640 2327 vehemen-

323 2358 387 2422 tius
414 2378 542 2421 suorum
569 2357 763 2441 municipum
783 2357 905 2421 bonore
926 2357 1046 2421 laetari.
1089 2355 1140 2420 20.
1162 2358 1321 2421 Habemus
1341 2357 1404 2421 boc
1425 2378 1500 2421 nos:
1523 2357 1641 2420 babent

323 2459 432 2515 nostra
453 2451 633 2534 municipia.
667 2450 753 2526 Quid
776 2471 833 2532 ego
856 2451 895 2513 de
916 2471 984 2525 me,
1006 2451 1046 2514 de
1067 2450 1162 2514 fratre
1184 2471 1255 2514 meo
1274 2450 1410 2534 loquar?
1433 2451 1641 2535 quornmbo·

322 2546 453 2610 noribus
474 2545 541 2628 agri
569 2544 630 2625 ipsi
652 2563 750 2627 prope
774 2545 876 2608 dicam
897 2552 1085 2628 montesque
1107 2544 1260 2608 favebant.
1297 2547 1378 2608 Num
1400 2544 1529 2628 quando
1551 2544 1641 2610 vides

286 2655 314 2703 44
323 2641 534 2704 Tusculanum
562 2637 700 2720 aliquem
728 2638 767 2701 de
794 2639 836 2701 bl.
859 2640 977 2702 Catone
999 2639 1054 2701 illo
1076 2640 1109 2703 in
1130 2640 1216 2702 omni
1238 2640 1351 2703 virtute
1373 2639 1532 2722 principe,
1566 2660 1641 2703 num

324 2731 364 2795 de
385 2733 433 2795 Ti.
456 2731 653 2795 Coruncanio
675 2732 833 2816 municipe
854 2752 931 2807 suo,
961 2753 1036 2796 num
1059 2732 1099 2796 de
1120 2741 1168 2797 tot
1187 2733 1306 2797 Fulviis
1329 2733 1479 2815 gloriari?
1510 2734 1641 2798 verbum

322 2844 416 2889 nemo
437 2824 521 2889 facit
553 2825 594 2888 At
613 2825 648 2887 in
670 2844 899 2909 quemcumque
920 2826 1102 2909 Arpinatem
1125 2826 1282 2899 incideris,
1304 2826 1399 2888 ctiam
1418 2827 1559 2902 sinclis,
1582 2829 1642 2891 erit

322 2927 427 2983 tamen
455 2919 514 2983 tibi
540 2918 672 2983 fortasse
700 2919 795 2982 etiam
822 2919 974 2983 danobis
997 2919 1134 3003 aliquid,
1164 2919 1219 2982 sed
1242 2925 1325 2982 certe
1348 2920 1387 2982 de
1410 2916 1443 2981 C.
1465 2921 1563 2984 biario
1585 2941 1641 2984 au·

323 3013 485 3078 diendum.
525 3013 662 3075 Primum
690 3012 786 3095 igitur
812 3012 864 3085 bic
889 3013 999 3080 babuit
1026 3012 1131 3076 studia
1152 3034 1280 3077 suorum
1301 3012 1461 3087 ardentia,
1490 3021 1524 3077 tu
1545 3021 1641 3089 tanta,

260 3161 263 3166 .
286 3115 443 3192 soquenta
462 3107 495 3169 in
516 3105 697 3169 bominibus
717 3107 780 3169 iam
803 3106 947 3170 saturatis
968 3106 1141 3170 bonoribus
1156 3127 1225 3171 esse
1241 3114 1419 3190 potuerunt.
1452 3101 1503 3169 bl.
1518 3107 1641 3170 Deinde

323 3201 370 3263 tui
391 3199 567 3282 municipes
589 3206 661 3263 sunt
682 3198 729 3261 illi
752 3199 880 3283 quidem
900 3200 1147 3283 splendidissimi
1161 3201 1323 3274 homines,
1345 3200 1401 3264 sed
1416 3208 1521 3263 tamem
1535 3201 1640 3282 pauci,

324 3295 351 3359 si
374 3293 502 3378 quidem
524 3313 596 3357 cum
616 3292 790 3356 Atinatibus
812 3293 1026 3357 conferantur:
1054 3293 1148 3358 buius
1170 3294 1367 3376 praefectura
1387 3295 1482 3377 plena
1503 3295 1640 3358 virorum

324 3387 584 3461 fortissimorum,
606 3388 652 3449 sic
672 3395 708 3450 ut
728 3386 816 3450 nulla
837 3394 902 3450 tota
923 3386 1014 3449 ltalia
1027 3386 1223 3469 frequentior
1237 3387 1299 3452 dici
1319 3388 1436 3470 possit:
1459 3407 1554 3472 quam
1569 3389 1641 3472 qui·

325 3481 398 3545 dem
419 3501 503 3544 nunc
522 3478 755 3543 multitudinem
775 3480 909 3555 videtis,
931 3478 1068 3554 iudices,
1089 3480 1123 3542 in
1145 3480 1292 3562 squalore
1315 3488 1346 3544 et
1365 3480 1450 3543 luctu
1466 3481 1639 3566 supplicem

288 3575 425 3643 uronis.
461 3575 502 3636 lli
523 3580 571 3636 tot
592 3576 714 3657 equites
735 3575 882 3649 Romani,
910 3581 957 3638 tot
978 3573 1094 3636 tribuni
1115 3574 1226 3637 aerarii
1247 3607 1289 3621 -
1310 3594 1382 3637 nam
1405 3575 1531 3657 plebem
1552 3596 1571 3640 a
1592 3576 1641 3638 in-

325 3667 408 3732 dicio
430 3665 622 3742 dimisimus,
643 3687 725 3750 quae
747 3674 859 3732 cuncta
879 3667 1015 3732 comitiis
1036 3667 1153 3744 adfuit,
1174 3704 1217 3714 —
1238 3668 1316 3753 quid
1338 3671 1477 3746 roboris,
1499 3669 1575 3755 quid
1594 3669 1641 3733 di·

326 3763 454 3845 quitatis
489 3760 585 3824 buius
618 3760 765 3843 petitioni
792 3763 985 3825 attulerunt?
1020 3765 1090 3826 Non
1119 3764 1202 3826 enim
1230 3763 1346 3826 tribum
1376 3764 1570 3840 Teretinam,
1600 3764 1639 3827 de

229 3915 237 3926 .
326 3878 389 3942 qua
410 3857 513 3922 dicam
533 3856 595 3920 alio
618 3856 703 3930 loco,
725 3856 781 3920 sed
802 3856 1004 3938 dignitatem,
1035 3858 1090 3921 scd
1113 3859 1277 3923 oculorum
1298 3859 1491 3933 coniectum,
1513 3858 1569 3922 sed
1591 3879 1641 3921 so·

324 3951 423 4015 lidam
445 3958 477 4014 et
497 3951 656 4014 robustam
677 3958 711 4013 et
730 3950 890 4014 assiduam
910 3949 1120 4035 frequentiam
1140 3953 1368 4036 praebuerunt:
1389 3958 1497 4015 nostra
1510 3951 1642 4015 munici-

287 4047 379 4129 eopia
399 4044 621 4109 coniunctione
644 4044 739 4108 etiam
760 4043 928 4109 vicinitatis
943 4046 1145 4110 vehementer
1157 4053 1333 4109 moventur.
1376 4046 1431 4107 lx.
1449 4041 1500 4108 22.
1518 4043 1640 4120 Omnia,

326 4160 406 4224 qnae
428 4139 499 4204 dico
522 4139 561 4201 de
583 4138 726 4213 Plancio,
748 4138 821 4201 dico
844 4146 991 4220 expertus
1013 4139 1046 4202 in
1069 4139 1176 4203 nobis:
1199 4161 1308 4203 sumus
1330 4140 1413 4202 enim
1434 4137 1559 4204 finitimi
1574 4138 1640 4201 Ati-

325 4235 459 4298 natibus.
488 4231 658 4296 Laudauda
679 4240 728 4295 est
746 4233 797 4296 vel
820 4232 910 4295 etiam
931 4232 1064 4296 amanda
1087 4234 1231 4298 vicinitas
1247 4235 1385 4298 retinens
1400 4241 1538 4297 veterem
1552 4232 1640 4295 illum

325 4327 420 4392 officii
441 4348 577 4401 morem,
605 4346 671 4389 non
691 4324 846 4390 infuscata
867 4326 1103 4403 malevolentia,
1132 4350 1196 4391 uon
1217 4337 1343 4393 assueta
1366 4327 1555 4403 mendaciis,
1577 4347 1641 4390 non

324 4420 451 4498 fucosa,
478 4443 543 4486 non
562 4420 675 4497 fallax,
701 4442 765 4484 non
787 4421 908 4484 erudita
930 4419 1060 4484 artificio
1083 4423 1293 4487 simulationis
1314 4422 1366 4487 vel
1387 4422 1567 4486 suburbano
1589 4421 1641 4485 vel

289 4515 421 4583 suetiam
442 4516 573 4581 urbano.
605 4518 704 4580 Nemo
718 4515 852 4599 Arpinas
873 4534 938 4579 non
953 4515 1081 4579 Plancio
1104 4515 1238 4590 studuit,
1261 4536 1355 4580 nemo
1371 4518 1525 4593 Soranus,
1547 4534 1639 4580 nemo
1749 4578 1752 4582 .

392 4881 416 4931 4.
435 4881 525 4931 eTE:
544 4891 577 4930 44
593 4880 612 4930 0
630 4904 658 4914 —
677 4879 996 4942 444444444444144444444
1011 4879 1046 4931 T:
1070 4879 1195 4943 4444444444
1210 4881 1393 4946 4444444444
1408 4881 1444 4942 Ε;
1459 4880 1642 4947 4444444444-

325 4955 562 5006 4444444444440-
581 4955 606 5005 4.
625 4954 814 5004 4444444-
836 4955 1052 5006 4444444444-
1078 4956 1191 5006 444Εε
1214 4957 1264 5007 40
1287 4983 1313 4993 -
1337 4957 1361 5007 3.
1379 4962 1414 5008 ost
1434 4957 1643 5022 coprocfecturc

323 5044 372 5092 pro
391 5045 425 5079 ,4.
443 5030 534 5080 4444444
550 5029 569 5079 Ε
586 5055 619 5065 -
636 5029 660 5079 tl.
679 5028 782 5077 44444444
798 5028 884 5078 ΤΕ-
902 5029 927 5079 7.
945 5028 1029 5078 obtimi
1045 5028 1107 5081 E·
1127 5031 1167 5082 40.
1185 5030 1253 5096 quia]
1272 5045 1323 5094 quo
1340 5032 1400 5082 T·
1419 5033 1642 5083 44.4444--4444

326 5103 408 5154 babet
424 5104 486 5152 V·
503 5105 639 5155 4444444444
654 5105 693 5166 V3
711 5103 842 5154 malleolos
857 5105 946 5155 ΤΕ-
966 5105 1005 5155 44.
1023 5118 1125 5155 44444444
1140 5105 1293 5168 4444444444
1309 5106 1345 5155 E:
1363 5108 1643 5170 mammantctptms

326 5179 362 5238 'l'3
382 5177 549 5245 [municipum]
566 5193 668 5230 auorum
685 5180 705 5230 0
723 5205 750 5215 -
768 5180 860 5230 4444444
876 5191 930 5230 om.
948 5180 968 5230 T
987 5207 1014 5216 -
1036 5179 1077 5232 43.
1094 5179 1373 5243 4444444--44444444
1390 5180 1471 5232 habet
1487 5183 1509 5232 V
1526 5208 1554 5219 ·-
1571 5182 1642 5234 4444-

326 5253 371 5303 bus
386 5254 408 5303 V
426 5278 453 5288 -
472 5253 512 5306 44.
530 5255 669 5317 tpsiprope
685 5254 767 5304 dicam
782 5254 878 5306 VTE:
901 5267 980 5317 propo
995 5255 1077 5304 dicam
1091 5256 1139 5317 ipat
1155 5256 1175 5306 0
1194 5281 1221 5291 -
1239 5261 1397 5319 moatosquoe
1412 5257 1448 5317 V;
1465 5258 1641 5322 mamper:

325 5328 537 5391 —looobootV:
555 5328 804 5389 foomotTEO-
824 5330 864 5379 45.
882 5329 1121 5380 aenaeum·
1139 5330 1180 5381 46.
1197 5329 1325 5393 1444444444ς
1341 5332 1499 5396 [4444444-
1515 5332 1641 5384 4444·-

326 5403 1639 5470 oodteodambabetv-Atv:odTE-tuqoemcomqoqeitaottquauv-tnetden'sv:

325 5479 439 5530 4444444444
455 5477 503 5529 ΤΕ
522 5505 550 5516 -
567 5479 643 5529 attam
658 5478 680 5528 44
695 5478 759 5528 oolla
774 5479 902 5530 omv-
920 5477 1153 5542 44444144ὸί44-
1171 5480 1211 5531 48.
1230 5480 1458 5532 4444444444.4’-
1476 5484 1582 5548 ottqotd,
1598 5487 1641 5538 444

325 5558 391 5606 carto
411 5553 507 5604 VTE:
534 5552 643 5614 aliquid,
668 5550 765 5615 aliquid
783 5554 889 5604 certoO
913 5580 940 5590 -
965 5554 1006 5604 44.
1025 5554 1061 5603 4444
1082 5555 1359 5618 municipes-domos
1375 5558 1453 5618 pauci
1472 5558 1637 5612 444444-

326 5629 367 5680 43.
384 5628 444 5693 fort.
462 5632 496 5680 444
512 5627 709 5681 Mommsenius.
729 5654 756 5664 -
777 5643 853 5691 quom
868 5629 1157 5692 44444444--4444444444
1172 5628 1239 5679 vobis
1254 5628 1374 5680 babetV
1392 5657 1419 5668 —
1440 5633 1482 5684 44.
1500 5635 1587 5686 444444
1602 5636 1634 5695 Et

325 5704 432 5755 444441·
449 5729 476 5739 -
495 5703 536 5755 46.
554 5703 702 5766 4444444-
719 5704 760 5755 47.
774 5704 892 5767 peticioni
908 5705 928 5755 T
944 5730 972 5741 -
991 5706 1120 5756 tereticam
1135 5705 1170 5755 E:
1196 5705 1323 5756 4444444444
1339 5705 1374 5764 Τ;
1398 5706 1588 5760 4444444440
1608 5736 1635 5747 -

326 5779 368 5830 44.
385 5784 472 5830 nocuo
486 5779 548 5830 TE:
566 5779 622 5828 lom
636 5778 753 5828 4444440
767 5805 794 5816 -
808 5779 849 5830 34.
860 5779 931 5830 444444
941 5778 997 5843 (sic)
1009 5779 1074 5845 offici
1089 5774 1140 5830 4444
1155 5777 1205 5844 (vel
1219 5773 1278 5843 44444)
1289 5780 1322 5842 Τ;
1340 5780 1410 5832 444444
1425 5782 1501 5847 officit
1515 5785 1638 5836 4444444444

326 5852 488 5908 wunnerus.
502 5881 528 5894 -
548 5853 590 5906 444.
606 5851 831 5906 mussitare
845 5880 872 5894 ·-
890 5854 1064 5907 4444444444-
1081 5853 1391 5920 4444444444444444-
1409 5855 1636 5923 tumemus.
