3800 7350
665 1170 739 1234 cn.
761 1170 970 1234 xiv-xvi.
997 1167 1044 1251 ss
1065 1166 1213 1233 ss-ao.
1521 1163 1602 1231 roso

282 1341 471 1404 citeriorem.
508 1337 571 1414 Qui
593 1338 786 1412 ulteriorem,
817 1341 923 1402 omnia
952 1337 1022 1412 illa,
1051 1339 1090 1402 de
1112 1339 1226 1421 quibus
1247 1338 1383 1402 disserui
1402 1338 1498 1420 paulo
1520 1345 1603 1412 ante,

281 1435 458 1517 perturbat,
480 1432 573 1494 simul
596 1432 733 1494 ostendit
754 1453 823 1496 eam
841 1434 863 1512 †
885 1433 1003 1496 sentire
1025 1431 1143 1514 legem,
1166 1453 1260 1516 quam
1282 1453 1354 1496 esse
1376 1432 1476 1515 legem
1498 1440 1603 1514 neget,

283 1536 328 1601 et,
357 1546 440 1612 qnae
462 1545 534 1607 pars
555 1526 735 1607 provinciae
756 1527 813 1598 sit,
843 1528 894 1589 cui
916 1546 980 1590 uon
1002 1526 1104 1608 possit
1124 1525 1291 1599 intercedi,
1313 1545 1382 1589 eam
1404 1547 1439 1590 se
1461 1526 1605 1602 avellere,

283 1641 364 1704 quae
392 1619 590 1684 defensorem
617 1618 746 1691 babeat,
776 1639 840 1680 non
867 1627 1013 1700 tangere:
1042 1619 1136 1681 simul
1158 1627 1189 1681 et
1210 1618 1288 1681 illud
1312 1619 1408 1696 iacit,
1436 1629 1487 1696 ut,
1519 1619 1605 1703 quod

282 1713 329 1775 illi
350 1733 370 1776 a
391 1712 511 1796 populo
533 1712 641 1774 datum
664 1713 720 1785 sit,
743 1712 775 1772 id
799 1733 861 1774 nou
877 1713 991 1786 violet,
1014 1711 1100 1795 quod
1122 1720 1249 1775 senatus
1268 1712 1410 1789 dederit,
1432 1715 1464 1777 id
1480 1722 1631 1777 senators

283 1815 433 1890 properet
453 1804 586 1867 auferre.
618 1805 706 1867 Alter
726 1806 802 1870 belli
822 1805 935 1869 Gallici
959 1807 1113 1869 rationem
1128 1804 1238 1879 babet,
1259 1805 1401 1888 iungitur
1415 1804 1517 1869 officio
1533 1807 1606 1869 boni

283 1899 454 1964 senatoris:
482 1899 586 1981 legem
614 1918 709 1980 quam
733 1920 796 1962 nou
823 1908 928 1983 putat,
960 1920 1029 1962 eam
1052 1918 1181 1981 quoque
1203 1907 1325 1972 servat3
1354 1900 1502 1984 praefinit
1523 1902 1605 1964 enim

283 1993 457 2057 successori
485 1992 579 2056 diem.
623 1990 695 2067 Quo
725 1992 799 2054 mibi
830 1992 907 2055 nibil
931 1993 1055 2055 videtur
1075 1992 1211 2055 alieuius
1237 2013 1257 2056 a
1285 1993 1436 2074 dignitate
1467 1994 1607 2079 discipli·

284 2107 388 2169 naque
418 2086 571 2150 maiorum
601 2105 696 2168 quam
726 2095 777 2158 ut,
810 2087 865 2169 qui
891 2087 1002 2150 consul
1031 2086 1183 2148 Kalendis
1213 2087 1364 2150 ianuariis
1390 2087 1507 2150 babere
1533 2108 1607 2170 pro·

284 2182 418 2244 vinciam
447 2180 556 2252 debet,
587 2180 613 2242 is
644 2187 680 2241 ut
700 2198 769 2240 eam
799 2178 1006 2262 desponsam,
1036 2200 1101 2242 non
1129 2179 1286 2243 decretam
1312 2180 1427 2245 babere
1455 2183 1646 2246 rideatur.so

284 2273 335 2338 37.
357 2275 463 2338 Fuerit
484 2281 549 2337 toto
571 2274 604 2335 in
626 2272 792 2335 consulatu
816 2275 884 2336 sine
912 2274 1088 2355 provincia,
1117 2273 1169 2334 cui
1191 2272 1303 2347 inerit,
1332 2283 1501 2359 antequam
1524 2276 1608 2340 desi·

284 2377 397 2450 gnatus
420 2376 485 2441 est,
508 2368 635 2429 decreta
656 2365 841 2449 provincial
864 2367 1023 2428 Sortietur
1043 2387 1084 2429 an
1106 2371 1194 2428 noni
1217 2387 1288 2430 nam
1311 2375 1342 2431 et
1357 2389 1421 2434 non
1435 2370 1540 2434 sortiri
1555 2372 1608 2434 ab·

283 2462 414 2526 surdum
444 2470 493 2526 est
522 2471 553 2525 et
579 2462 663 2542 quod
694 2460 824 2523 sortitus
855 2460 898 2522 sis
924 2480 989 2522 non
1011 2459 1138 2523 babere.
1181 2459 1399 2526 Proficiscetur
1419 2463 1609 2546 paludatus?

284 2555 379 2632 Quor
402 2577 465 2640 quo
487 2556 653 2637 pervenire
676 2562 750 2617 ante
772 2562 889 2616 certam
905 2552 990 2615 diem
1012 2574 1075 2616 non
1099 2553 1218 2617 licebit.
1253 2555 1414 2630 ianuario,
1436 2558 1609 2621 Februario

283 2650 478 2733 provinciam
506 2669 571 2711 non
601 2647 746 2710 habebit:
777 2647 929 2710 liniendis
952 2649 982 2710 ei
1005 2647 1144 2729 denique
1167 2648 1287 2712 Martiis
1310 2658 1457 2714 nascetur
1477 2660 1648 2736 repentest

283 2743 456 2828 provincia.
489 2743 534 2804 Ac
558 2749 662 2805 tamen
684 2740 734 2802 bis
757 2741 921 2803 sententiis
944 2740 1016 2803 Piso
1039 2741 1072 2803 in
1094 2741 1256 2821 provincia
1277 2744 1483 2825 permanebit.
1520 2746 1609 2822 Quae

284 2857 356 2902 cum
383 2837 488 2920 gravia
522 2844 613 2908 sunt,
647 2843 713 2898 tum
743 2834 824 2896 nibil
849 2835 976 2916 gravius
1005 2834 1079 2909 illo,
1114 2834 1201 2918 quod
1230 2837 1356 2900 multari
1388 2838 1609 2922 imperatorem

284 2929 501 2994 deminutione
523 2928 704 3014 provinciae
727 2928 992 2992 contumeliosum
1013 2935 1078 3002 est,
1101 2949 1205 3011 neque
1228 2930 1466 2996 solumsummo
1483 2933 1609 3010 inviro,

284 3025 341 3090 sed
363 3026 457 3088 etiam
479 3023 632 3088 mediocri
654 3023 688 3085 in
708 3022 837 3084 bomine
859 3042 899 3084 ne
921 3022 1045 3086 accidat
1064 3022 1304 3106 providendum.

368 3118 453 3180 xvi.
475 3113 528 3178 38.
558 3117 627 3197 Ego
657 3136 712 3179 vos
742 3115 904 3196 intelligo,
935 3122 1041 3198 patres
1070 3117 1256 3200 conscripti,
1288 3118 1404 3181 multos
1429 3120 1647 3188 decrevissent

285 3211 418 3276 eximios
448 3210 587 3273 bonores
611 3210 644 3272 C.
668 3209 793 3272 Caesari
822 3219 854 3271 et
881 3228 982 3291 prope
1004 3207 1198 3289 singulares:
1231 3209 1276 3282 si,
1305 3210 1392 3293 quod
1414 3214 1457 3277 ita
1479 3217 1609 3280 meritus

285 3313 370 3379 erat,
398 3304 495 3385 grati,
524 3305 575 3366 sin
596 3306 708 3376 etiam,
736 3311 888 3384 utquam
912 3302 1190 3364 coniunctissimus
1210 3301 1285 3365 huic
1307 3303 1409 3368 ordini
1432 3317 1530 3382 esset,
1559 3329 1610 3373 sa·

284 3401 407 3484 pientes
428 3419 465 3462 ac
487 3397 588 3460 divini
609 3395 723 3460 inistis.
757 3396 920 3459 Neminem
943 3414 1091 3477 umquam
1114 3403 1163 3458 est
1182 3394 1235 3457 bic
1255 3397 1333 3459 ordo
1351 3399 1538 3482 complexus
1553 3401 1609 3466 bo·

285 3492 415 3556 neribus
436 3499 468 3554 et
487 3487 650 3553 beneficiis
672 3490 753 3562 suis,
777 3489 832 3571 qui
847 3487 944 3550 ullam
959 3486 1143 3568 dignitatem
1157 3489 1429 3569 praestabiliorem
1444 3514 1491 3568 ea,
1513 3515 1609 3578 quam

284 3605 420 3670 parvos
443 3592 528 3648 esset
547 3584 697 3665 adeptus,
719 3582 844 3664 putarit.
881 3583 980 3642 Nemo
1002 3600 1153 3663 umquam
1173 3581 1225 3644 hic
1246 3584 1350 3664 potuit
1366 3606 1436 3649 esse
1450 3589 1646 3671 prioreparte

286 3682 340 3763 qui
363 3679 508 3742 maluerit
529 3697 599 3740 esse
621 3675 793 3759 popularis.
817 3677 880 3739 Sed
897 3673 1041 3738 homines
1056 3684 1112 3738 aut
1133 3684 1262 3759 propter
1282 3677 1501 3763 indignitatem
1517 3702 1607 3746 suam

286 3771 381 3837 diffisi
412 3772 472 3855 ipsi
502 3770 563 3833 sibi
585 3777 641 3833 aut
661 3777 791 3852 propter
812 3768 1008 3852 reliquorum
1030 3769 1289 3833 obtrectationem
1310 3772 1350 3833 ab
1371 3773 1467 3839 buius
1488 3776 1609 3841 ordinis

287 3868 508 3931 coniunctione
529 3863 656 3946 depulsi
678 3883 772 3945 saepe
795 3884 836 3925 ex
858 3863 919 3925 hoc
940 3870 1033 3945 portu
1056 3882 1090 3924 se
1112 3863 1144 3924 in
1167 3863 1238 3927 illos
1253 3865 1367 3929 tinctus
1388 3889 1485 3952 prope
1500 3890 1609 3935 necm-

287 3959 370 4023 sario
392 3958 602 4022 contuleruut.
635 3956 698 4032 Qui
720 3957 746 4019 si
769 3957 886 4020 exilia
909 3956 1077 4019 iactatione
1093 3976 1249 4039 cursuque
1263 3960 1410 4041 populari
1425 3963 1506 4026 bene
1520 3970 1609 4048 gesta

287 4073 321 4116 ro
347 4052 474 4136 publiea
496 4050 636 4115 referunt
656 4049 840 4133 adspectum
863 4051 895 4111 in
918 4049 1037 4112 curiam
1060 4057 1154 4131 atque
1176 4049 1251 4114 buic
1272 4053 1484 4135 amplissimae
1506 4057 1646 4138 digni-so

287 4147 342 4209 tati
371 4167 441 4209 esse
470 4142 680 4207 commendati
709 4144 835 4216 volunt,
863 4164 928 4206 non
958 4141 1054 4205 modo
1083 4163 1148 4205 non
1175 4145 1351 4227 repellendi
1377 4156 1467 4222 sunt,
1498 4168 1606 4212 verum

287 4240 383 4303 etiarn
403 4237 583 4322 expetendi.
625 4232 677 4298 39.
699 4236 865 4301 ldonemur
885 4257 905 4300 a
924 4235 1097 4299 fortissimo
1118 4238 1187 4300 viro
1208 4246 1303 4321 atque
1319 4240 1437 4324 optimo
1459 4251 1532 4325 post
1549 4243 1608 4306 bo·

364 4560 367 4565 ν
1562 4554 1573 4585 Ι

354 4590 1175 4656 t.paotoro:pauit00-u.eamscmirste9msesssr¹;
1197 4594 1609 4659 mammeamqmem

289 4664 332 4727 1³¹3
350 4667 525 4718 amarescit-e
540 4665 616 4729 legem
632 4678 709 4728 quom
724 4666 854 4721 osred&
872 4667 1088 4717 commiscere
1103 4666 1192 4730 hams,
1211 4669 1395 4729 commo,
1414 4681 1609 4728 wmssrem

289 4744 379 4808 hm,
396 4754 473 4804 qam
488 4754 539 4791 esse
554 4740 699 4803 Madvigius
721 4736 747 4803 (1.
765 4739 783 4790 l.
801 4755 827 4804 p.
846 4740 873 4789 ll
894 4740 962 4805 κως
987 4755 1043 4791 m
1060 4756 1086 4792 se
1101 4742 1199 4793 sondro
1214 4742 1303 4809 lam·
1322 4754 1399 4804 Μ
1415 4758 1465 4799 etta
1480 4747 1606 4803 llalmius.

290 4815 1606 4882 Fort.ecmsssastirele,nemeaas[quomesrclost.-3.alt]slcP¹-possctP¹-eumnos:

289 4893 368 4947 osl’;
385 4890 776 4953 samono-‘mmsior-
795 4891 819 4941 8.
833 4891 1042 4953 Quollanutius:
1061 4894 1236 4954 quamdi-23
1255 4892 1394 4945 om.l’¹ln
1411 4896 1517 4963 lacuum
1534 4903 1610 4967 Alpal

290 4965 338 5015 bo
353 4992 379 5002 -
397 4965 503 5015 etiamn
517 4977 536 5013 n
551 4964 705 5028 dignimtsd.
718 4978 752 5015 m.
765 4978 842 5025 quma
859 4962 1016 5028 Madvigius:
1035 4967 1117 5016 minas
1134 4968 1216 5031 (prior
1231 4966 1333 5031 syllaba
1350 4971 1392 5019 eat
1407 4971 1435 5022 in
1450 4972 1609 5027 iineversus

290 5044 317 5090 et
337 5042 364 5090 in
385 5041 485 5091 maiore
506 5052 587 5103 quam
609 5039 722 5089 duarum
744 5039 892 5091 litterarum
908 5040 1000 5104 spatio)
1021 5054 1040 5090 o
1055 5043 1175 5106 dicebare
1190 5042 1369 5106 disciplinaque
1382 5046 1509 5098 mdom
1531 5050 1566 5112 (oi
1583 5053 1609 5102 in

290 5118 389 5177 rasum)
401 5128 478 5177 gnum
494 5116 527 5172 P,
545 5116 627 5165 mines
637 5127 655 5163 n
665 5115 785 5178 dmum
802 5117 898 5166 celeus
914 5116 1021 5166 omissis
1033 5118 1095 5176 GE;
1112 5119 1193 5182 onogia
1209 5130 1228 5166 n
1243 5119 1365 5182 dignitate
1379 5120 1558 5185 dizlplism
1572 5138 1607 5175 at.

290 5188 602 5250 diuidereqnombo—
622 5190 741 5240 llaec:
761 5203 814 5239 om.
834 5191 854 5239 0
873 5216 900 5226 -
920 5192 1222 5243 lmestcmseto-
1241 5194 1610 5262 damapmusctacmre

289 5265 373 5313 cincio
389 5264 523 5313 decretoO
542 5289 568 5300 -
586 5278 638 5313 noo
654 5267 753 5328 postet
770 5268 899 5315 omli-
919 5266 959 5316 ⁴³.
976 5269 1143 5329 proficiscitur
1157 5268 1177 5319 C
1192 5294 1218 5305 -
1238 5267 1277 5319 ti.
1292 5268 1364 5330 Quo?
1380 5269 1438 5335 qao]
1455 5275 1609 5335 guoqwdli

293 5338 522 5402 -lliliolesdisl
542 5338 665 5389 .ls'.P-
686 5341 1608 5401 locemus:muminiE;attcmsa0-ti.amom.c

293 5410 651 5463 -l8.demrasttiouci’¹-
676 5414 919 5465 itaeomc-
943 5417 1225 5481 atlanticum}-
1250 5418 1607 5483 mimidanensi-

291 5486 624 5539 2t.eclmloslroaorssc:
644 5488 1608 5559 marmuloso-mesosw-sisgutarsusiquodomtems:

292 5560 1610 5636 madmescsc;es0sm.ouoao—suod.ocr-aa‚grmmr¹zmmctmn

292 5637 335 5694 Ρη
352 5638 441 5699 gratis
458 5638 504 5688 Sis
519 5638 595 5689 aiom
610 5640 660 5690 GE
677 5666 704 5675 -
723 5640 764 5689 23.
782 5644 818 5689 eat
834 5654 914 5706 supra
929 5654 1039 5694 versum
1055 5640 1138 5693 babet
1153 5644 1187 5701 P3
1206 5643 1265 5696 tort.
1280 5644 1378 5697 excidit
1393 5646 1611 5710 postcomm

295 5736 323 5747 -
341 5711 518 5777 Molioni&
536 5713 708 5763 ciuiti-
727 5715 939 5777 &palmeti
958 5717 1173 5783 -tlcliotcl‘3
1192 5718 1420 5771 meaa-ao.
1438 5719 1610 5784 tussim

293 5783 461 5837 Schuetzius:
488 5788 663 5851 musac
683 5816 708 5825 -
736 5791 987 5854 mammea
1008 5820 1036 5831 -
1063 5794 1248 5857 septiniani>
1270 5821 1297 5832 -
1324 5795 1611 5848 simomaco

293 5860 356 5909 Po:
378 5863 1418 5935 commemi13;cowmdctiesss0-³a.scpssatatr¹-aaqur¹.
