3800 7350
268 1164 330 1231 936
688 1164 839 1230 ORATIO
861 1164 939 1229 PRO
961 1164 996 1228 P.
1018 1163 1159 1229 SESTIO

270 1355 365 1400 causa
385 1335 618 1398 duumviratum
640 1334 786 1417 gerebat,
812 1332 986 1417 Seplasiam
1008 1332 1187 1397 sublaturus
1207 1331 1378 1396 videretur.
1412 1331 1491 1394 Nam
1514 1329 1591 1413 quid

231 1431 234 1438 '
271 1449 330 1512 ego
357 1429 397 1493 de
423 1427 590 1511 supercilio
620 1427 739 1502 dicam,
772 1427 859 1511 quod
887 1434 954 1490 tum
982 1427 1164 1491 hominibus
1194 1446 1259 1489 non
1282 1424 1501 1509 supercilium,
1534 1422 1591 1488 sed

269 1524 383 1607 pignus
404 1523 451 1584 rei
471 1518 616 1603 publicae
637 1521 828 1584 videbatur?
860 1521 961 1583 Tanta
983 1528 1051 1583 erat
1072 1520 1207 1603 gravitas
1229 1520 1263 1582 in
1279 1517 1388 1593 oculo,
1410 1526 1498 1582 unta
1518 1537 1594 1581 con·

271 1615 381 1679 tractio
402 1614 531 1689 frontis,
552 1620 586 1677 ut
608 1613 663 1677 illo
687 1613 856 1697 supercilio
877 1633 978 1677 annus
1001 1613 1055 1677 ille
1076 1614 1135 1676 niti
1155 1602 1593 1697 tamquamfflbvideretur.

247 1706 321 1771 460.
342 1710 417 1772 Erat
436 1707 489 1770 bic
511 1707 653 1771 omnium
676 1727 798 1770 sermo:
829 1715 1022 1770 «esttamen
1043 1708 1089 1771 rei
1115 1706 1262 1790 publicae
1285 1726 1432 1789 magnum
1453 1705 1594 1769 firmum·

176 1781 184 1859 l
271 1823 333 1888 que
354 1801 547 1875 subsidium
576 1800 677 1863 babeo
700 1820 795 1883 quem
816 1820 973 1883 opponam
995 1800 1059 1864 labi
1080 1801 1127 1863 illi
1150 1808 1245 1883 atque
1275 1820 1394 1875 caeno;
1422 1798 1512 1862 vultu
1542 1817 1594 1861 me

168 1866 180 1982 ξ’
271 1896 342 1960 dius
362 1896 459 1959 fidius
481 1895 619 1977 collegae
641 1894 690 1957 sui
712 1894 874 1956 libidinem
895 1892 1121 1977 levitatemque
1141 1892 1281 1977 franget3
1309 1892 1439 1957 habebit
1466 1897 1595 1956 senatus

165 2025 167 2030 ·
271 1991 305 2053 in
324 1991 409 2052 hunc
430 2009 548 2052 annum
571 2007 665 2072 quem
688 1993 856 2072 aequatum
877 2007 943 2050 non
966 1988 1066 2050 deerit
1085 1993 1195 2051 auctor
1216 1995 1248 2050 et
1269 1987 1333 2050 dux
1355 1986 1477 2050 bonis.»
1516 1983 1595 2049 blibi

271 2083 410 2167 denique
429 2082 576 2147 homines
597 2082 766 2166 praecipue
790 2080 1044 2163 gratulabantur,
1068 2080 1154 2163 quod
1175 2079 1339 2143 habiturus
1361 2099 1464 2144 essem
1485 2083 1596 2141 contm

144 2213 149 2254 ,ι
235 2177 433 2240 iatribunum
461 2175 504 2260 pl.
530 2174 684 2238 furiosum
711 2181 744 2239 et
764 2176 916 2239 audacem
938 2194 1010 2238 cum
1030 2174 1164 2237 amicum
1186 2179 1219 2237 et
1238 2171 1385 2248 affinem,
1412 2171 1595 2237 tumetium
1661 2201 1664 2206 Δ

144 2277 147 2342 ξ
270 2270 385 2335 fortem
418 2276 450 2333 et
478 2288 605 2351 gravem
635 2269 809 2332 consulem.
852 2270 909 2331 lX.
929 2270 1034 2351 Atque
1064 2287 1172 2330 eorum
1193 2267 1273 2330 alter
1292 2265 1406 2330 fefellit
1425 2265 1595 2330 neminem.

145 2345 155 2418 l
274 2364 352 2440 Quis
383 2362 466 2426 enim
496 2362 618 2426 clavum
640 2362 719 2425 tanti
740 2362 864 2447 imperii
886 2369 994 2425 tenere
1017 2367 1049 2424 et
1070 2359 1281 2444 gubernacula
1302 2362 1347 2423 rei
1369 2359 1513 2443 publicae
1534 2365 1596 2421 tra·

273 2464 357 2521 ctare
378 2456 413 2520 in
434 2456 572 2520 maximo
593 2475 688 2518 cursu
710 2475 747 2518 ac
768 2455 915 2519 fluctibus
935 2474 1029 2538 posse
1047 2454 1251 2518 arbitraretur
1264 2452 1425 2517 bominem
1439 2471 1595 2515 emersum

273 2549 377 2613 subito
400 2568 440 2611 ex
462 2549 617 2612 diuturnis
631 2549 770 2612 tenebris
789 2549 960 2612 lustrorum
974 2568 1011 2610 ac
1026 2554 1223 2630 stuprorum,
1244 2549 1338 2622 vino,
1360 2547 1485 2629 ganeis,
1506 2546 1597 2609 leno·

237 2644 364 2708 tociniis
384 2641 614 2726 adulteriisque
635 2640 837 2705 conlectum?
865 2661 935 2703 cum
964 2641 990 2704 is
1013 2648 1137 2723 praeter
1158 2660 1246 2726 spem
1268 2642 1302 2704 in
1323 2639 1476 2704 altissimo
1498 2639 1597 2722 gradu

273 2736 386 2801 alienis
415 2735 529 2818 opibus
560 2736 682 2817 positus
705 2743 806 2810 esset,
835 2734 891 2818 qui
919 2755 983 2798 non
1005 2734 1099 2797 modo
1122 2741 1340 2818 tempestatem
1362 2732 1596 2818 impendentem

274 2829 387 2894 intueri
421 2828 631 2903 temulentus,
664 2828 719 2891 sed
750 2848 791 2892 ne
821 2828 923 2892 lucem
946 2828 1076 2912 quidem
1098 2828 1257 2892 insolitam
1280 2827 1443 2910 adspicere
1465 2826 1597 2909 passati

275 2919 327 2987 64.
347 2923 436 2986 Alter
464 2921 580 2985 multos
610 2921 704 3004 plane
733 2922 767 2984 in
796 2941 906 2985 omnes
937 2929 1042 3004 partes
1064 2921 1197 2997 fetenti,
1230 2928 1297 2997 erat
1326 2921 1412 2984 enim
1432 2919 1597 2983 hominum

162 2973 194 3101 ,Ρ
276 3017 425 3101 opinione
455 3014 620 3078 nobilitate
649 3017 736 3099 ipsa,
765 3014 881 3078 blanda
903 3015 1164 3089 conciliatricula,
1195 3013 1442 3079 commendatus.
1479 3011 1598 3076 Omnes

239 3110 352 3175 raboni
383 3127 509 3191 semper
536 3106 692 3172 nobilitati
718 3107 877 3181 favemus,
907 3116 939 3172 et
967 3110 1043 3192 quia
1071 3108 1147 3172 utile
1170 3114 1218 3172 est
1238 3110 1285 3172 rei
1305 3108 1452 3191 publicae
1474 3105 1599 3170 nobiles

276 3203 420 3268 homines
450 3220 520 3264 esse
550 3200 663 3284 dignos
692 3201 864 3265 maioribus
886 3201 970 3276 suis,
1001 3210 1033 3265 et
1054 3202 1130 3284 quia
1150 3200 1234 3265 valet
1255 3202 1340 3285 apud
1361 3221 1420 3266 nos
1441 3202 1598 3266 clarorum

276 3296 440 3361 bominum
466 3301 500 3357 et
525 3295 606 3357 bene
636 3295 676 3358 de
697 3315 731 3359 re
754 3294 880 3379 publiea
901 3296 1083 3359 meritorum
1104 3296 1254 3358 memoria
1275 3296 1371 3359 etiam
1392 3303 1599 3359 mortuoram.

279 3390 362 3466 Quia
383 3390 504 3452 tristem
525 3407 664 3472 semper,
687 3388 763 3473 quia
776 3388 982 3463 taciturnum,
1006 3390 1082 3474 quia
1098 3389 1319 3453 subhorridum
1333 3396 1430 3474 atque
1445 3388 1598 3452 incultum

278 3482 444 3557 videbant,
467 3488 500 3546 et
522 3481 609 3566 quod
632 3490 699 3545 erat
720 3501 758 3545 eo
781 3482 927 3555 nomine,
953 3490 988 3545 ut
1008 3483 1190 3564 ingenerata
1211 3481 1350 3546 familiae
1370 3482 1532 3565 frugalitas
1553 3482 1600 3545 vi·

242 3578 422 3651 sederetur,
443 3576 590 3640 favebant
611 3574 791 3658 gaudebant
812 3575 904 3637 etad
933 3575 1143 3658 integritatem
1165 3576 1319 3640 maiorum
1340 3595 1397 3658 spe
1419 3594 1477 3639 sua
1496 3573 1600 3639 bomi-

279 3692 351 3737 nem
381 3670 537 3735 vocabant
567 3669 699 3735 materni
729 3668 854 3751 generis
881 3667 983 3732 obliti.
1027 3665 1077 3733 66.
1099 3670 1166 3753 Ego
1195 3679 1301 3735 autem
1320 3703 1362 3717 -
1382 3689 1457 3733 vere
1487 3666 1600 3744 dicam,

279 3764 417 3838 iudices,
439 3797 480 3809 -
494 3771 615 3828 tantum
636 3782 707 3828 esse
728 3763 762 3826 in
775 3762 904 3827 bomine
920 3763 1064 3839 sceleris,
1085 3763 1246 3839 audaciae,
1268 3762 1479 3837 crudelitatis,
1501 3781 1601 3844 quan-

279 3866 346 3922 tum
367 3857 435 3942 ipse
457 3878 528 3921 cum
548 3878 582 3922 re
602 3856 730 3940 publiea
746 3856 847 3931 sensi,
869 3876 1041 3940 numquam
1056 3859 1183 3940 putavi:
1206 3878 1342 3942 nequam
1357 3877 1427 3922 esse
1440 3856 1601 3922 bominem

281 3960 313 4015 et
332 3951 432 4014 levem
455 3958 486 4013 et
505 3950 585 4014 falsa
605 3950 771 4034 opinione,
795 3969 901 4013 errore
922 3951 1083 4015 bominum
1107 3952 1146 4014 ab
1168 3951 1379 4015 adolescentia
1400 3950 1601 4016 commenda-

244 4052 348 4108 aotum
369 4044 515 4108 sciebam.
548 4044 674 4107 Etenim
695 4043 819 4106 animus
841 4044 908 4107 eius
932 4045 1035 4118 vultu,
1061 4045 1180 4129 flagitia
1200 4045 1373 4128 parietibus
1396 4045 1598 4128 tegebantur:

282 4139 338 4203 sed
357 4139 437 4201 baec
446 4137 629 4305 wem
651 4156 710 4201 nec
724 4136 869 4200 diuturna
884 4145 932 4200 est
946 4159 1050 4223 neque
1067 4139 1203 4203 obducta
1217 4139 1280 4214 ita,
1302 4147 1337 4203 ut
1351 4139 1484 4204 curiosis
1499 4138 1600 4203 oeulis

563 4247 684 4312 mlx
1090 4237 1126 4305 ΩΑ
1139 4274 1229 4309 uwvr
1252 4271 1360 4313 «64464-

348 4493 372 4542 4.
390 4491 498 4557 parebat]
522 4505 615 4557 panaro
631 4492 640 4540 i
657 4490 727 4552 teum
744 4490 788 4542 lin.
802 4515 827 4535 =
842 4492 890 4555 acl)
907 4495 927 4542 G
951 4518 979 4528 -
1005 4493 1137 4556 septarium
1158 4491 1291 4543 satiamur
1306 4495 1355 4545 PG
1378 4493 1435 4557 (aed
1451 4494 1478 4545 in
1493 4496 1514 4545 P
1531 4506 1600 4545 corr.

282 4568 431 4631 4464444444)
450 4593 478 4604 -
500 4569 598 4630 quidem
614 4569 679 4628 PG,
702 4568 751 4618 sed
767 4568 793 4618 in
812 4570 831 4618 P
848 4581 886 4618 aaa
908 4569 1059 4632 punctatae.
1080 4596 1107 4605 -
1126 4568 1150 4618 6.
1170 4569 1200 4618 de
1215 4581 1304 4630 aimaro
1319 4568 1362 4619 iiio
1378 4570 1441 4628 PG,
1467 4569 1497 4619 da
1512 4582 1601 4632 auper-

282 4645 339 4694 44444
360 4643 402 4692 ilio
424 4641 502 4692 codd.
520 4643 631 4701 Remu,
655 4644 682 4691 at
698 4655 723 4690 v.
742 4641 827 4692 Madv.
846 4656 872 4707 p.
891 4641 948 4693 464.
967 4671 1000 4681 -
1020 4643 1044 4694 4.
1063 4655 1144 4692 acore
1158 4642 1199 4691 ilie
1215 4641 1372 4693 Lambinus:
1401 4648 1494 4694 4444444
1508 4643 1550 4694 itia
1565 4645 1600 4703 P;
1671 4688 1674 4693 .

282 4722 409 4768 maumas
422 4716 464 4767 iiic
480 4719 515 4776 G;
531 4718 695 4780 maqistrctas
710 4716 751 4767 itta
768 4717 797 4767 G.
816 4719 842 4767 F.
861 4716 1029 4769 Hermannus
1046 4718 1071 4768 in
1089 4719 1175 4780 Propr.
1195 4716 1347 4782 Gattiaqami
1363 4731 1388 4768 a.
1402 4716 1466 4769 4848
1484 4719 1511 4768 44
1527 4718 1602 4768 simi-

282 4791 342 4842 liter
357 4793 418 4841 ante
435 4802 498 4840 eum
513 4791 668 4842 Schuetzius
686 4791 828 4842 amiciatur
847 4793 904 4852 itte3
929 4805 970 4842 rea
987 4793 1088 4855 publica
1105 4793 1125 4842 0
1143 4819 1171 4829 -
1189 4792 1236 4842 niti
1251 4798 1381 4854 tamquam
1395 4793 1521 4844 4464444444
1536 4794 1600 4852 Ρ6;

282 4873 412 4929 tamquam
426 4865 524 4916 saaca
542 4865 639 4916 caaimn
653 4866 700 4916 citi
716 4868 767 4918 oid.
785 4868 820 4927 0;
842 4869 906 4918 eada
927 4867 1060 4932 supplevit
1079 4867 1223 4931 Madvigius
1244 4882 1277 4919 ea
1297 4868 1399 4920 Valerio
1418 4866 1505 4920 Probo
1523 4867 1603 4933 (apud

282 4942 389 4995 Putsch.
408 4939 458 4991 col.
478 4940 537 4991 4464
558 4943 586 4992 et
602 4940 688 5004 4476),
711 4943 756 5007 qui
777 4943 865 5006 priore
886 4941 945 4992 loco
968 4956 1001 4992 ex
1019 4943 1073 4993 Cic.
1092 4942 1168 4993 atlert
1183 4947 1314 5006 tamquam
1329 4945 1405 5006 voda,
1432 4941 1514 4994 altaro
1530 4943 1604 4993 uultu

283 5018 327 5081 (ex
342 5016 414 5076 citit)
437 5019 566 5077 tanquam
583 5017 655 5065 coda.
686 5016 725 5067 Cl.
745 5018 824 5067 etiarn
847 5017 927 5079 sevit.
946 5029 973 5080 p.
991 5016 1031 5066 68.
1050 5045 1083 5055 -
1105 5019 1129 5068 a.
1148 5021 1204 5067 arat
1224 5020 1290 5069 PG:
1315 5023 1369 5069 erat
1388 5018 1491 5080 dmiquc
1506 5018 1553 5067 SO
1571 5043 1599 5053 -

283 5092 309 5143 6.
325 5089 389 5140 iabai
405 5091 439 5150 G;
462 5089 517 5140 4444
533 5093 552 5141 P
569 5091 658 5142 addita
675 5093 685 5141 i
701 5105 782 5157 super
798 5106 824 5152 4;
848 5092 954 5143 videtur
975 5092 1040 5143 labat
1056 5094 1129 5143 recta
1146 5092 1244 5154 torma,
1263 5095 1292 5143 ut
1306 5093 1383 5156 plebei
1399 5106 1432 5144 ex
1446 5092 1541 5155 piebem
1565 5091 1600 5142 cl.

283 5167 369 5217 Garat.
388 5164 422 5215 ad
439 5165 465 5215 b.
484 5162 501 5215 l.
526 5168 564 5216 Ac
580 5165 641 5218 vide
663 5181 696 5218 ne
718 5165 788 5217 aliud
805 5166 957 5232 exemplum
974 5167 1052 5219 buius
1068 5167 1169 5218 lormae
1186 5165 1382 5219 heterocliticae
1399 5166 1515 5231 supersit
1531 5165 1603 5230 apud

284 5241 387 5290 lueret.
406 5239 437 5300 V,
455 5238 512 5301 966,
534 5239 581 5290 ubi
603 5238 662 5291 loco
684 5241 734 5290 tabi
755 5241 839 5292 torma
861 5243 969 5306 quintae
991 5241 1172 5295 declinationis
1189 5243 1244 5293 taba
1259 5241 1423 5293 restituenda
1439 5240 1553 5291 videtur.
1572 5268 1600 5278 -

282 5316 610 5366 camoneamaGo-
630 5315 1343 5370 7.babebitPGeorr.exbobebat.-8.doit1’-
1362 5317 1424 5367 duc.
1442 5311 1603 5366 Booaiemibi

284 5390 305 5438 G
324 5413 351 5425 -
369 5389 409 5439 46.
427 5389 534 5453 mnam
550 5392 569 5440 Ρ
587 5417 615 5427 -
635 5392 675 5441 iti.
693 5392 715 5440 is
731 5393 750 5441 P
767 5404 836 5442 corr.
855 5405 887 5443 ex
904 5394 949 5444 bia.
964 5420 991 5430 -
1011 5396 1051 5445 46.
1068 5394 1237 5455 inpendentem
1253 5394 1302 5444 PG
1319 5391 1376 5455 (sed
1394 5394 1415 5442 G
1431 5389 1524 5442 intueri
1538 5391 1601 5453 inp.)

286 5487 314 5500 -
333 5464 374 5514 47.
392 5465 502 5526 aspicm
516 5465 567 5514 PG
585 5491 613 5501 -
632 5464 672 5515 te.
690 5465 717 5513 ia
732 5466 812 5515 amab
824 5467 909 5528 partia
924 5470 984 5518 P-
1004 5469 1043 5519 ta.
1062 5469 1175 5531 opinione
1192 5465 1264 5520 P¹G:
1282 5467 1393 5530 apiniani
1409 5468 1439 5516 Ρ1
1450 5466 1528 5528 (corr.
1541 5463 1600 5515 lori.

285 5550 321 5588 m.
336 5537 358 5599 il
375 5539 448 5589 eto.
478 5539 581 5602 Sequor
596 5551 667 5588 nunc
683 5540 798 5590 rationes
814 5541 886 5591 Bakii
908 5554 934 5606 p.
954 5541 986 5592 64
1002 5555 1043 5605 sq.
1065 5568 1090 5578 —
1118 5543 1160 5592 60.
1177 5544 1259 5594 aliteri
1272 5556 1302 5594 rc
1319 5555 1352 5604 .p.
1370 5543 1390 5592 P
1410 5566 1437 5577 —
1455 5540 1496 5589 64.
1515 5540 1603 5603 atquae

285 5612 519 5664 amatoribataPG
537 5639 564 5652 -
583 5618 645 5676 apat
661 5616 719 5664 P—
738 5615 779 5664 66.
798 5615 864 5678 boae]
881 5628 937 5665 aeae
954 5618 987 5673 P;
1005 5628 1080 5666 aenea
1096 5618 1224 5669 Peorr.i
1241 5617 1318 5668 unet
1334 5618 1395 5666 G-
1412 5613 1454 5665 64.
1469 5614 1602 5677 smaiiiaG

286 5713 313 5722 —
332 5689 373 5738 aa.
392 5689 545 5751 aatcn1boc
561 5689 647 5752 Gper
663 5688 903 5753 compendium·
922 5691 964 5741 68.
982 5704 1039 5740 mm
1052 5691 1145 5753 papate
1161 5693 1189 5742 lt.
1209 5705 1282 5757 susp.
1301 5689 1392 5741 Lamb.
1408 5716 1435 5726 —
1453 5692 1495 5742 69.
1514 5690 1602 5741 46444-

284 5763 378 5889 qmtilp
387 5765 407 5814 P
416 5788 444 5798 -
463 5762 504 5813 36.
516 5762 628 5888 tqquaat
639 5763 659 5812 G
670 5762 741 5886 grino
757 5765 856 5816 antuus
870 5765 898 5816 in
914 5763 1011 5819 eodem
1021 5766 1048 5820 iu
1059 5765 1172 5822 animun
1182 5767 1332 5821 correctum
1344 5765 1393 5830 est)
1410 5792 1436 5803 -
1455 5765 1496 5817 34.
1506 5769 1603 5830 444444-

286 5849 334 5887 cio
389 5861 416 5874 -
435 5849 513 5902 acque
585 5848 654 5888 :aec
692 5873 700 5891 .
