3800 7350
735 1703 780 1797 Μ.
805 1701 948 1796 TULLII
974 1698 1206 1796 CICERONIS

460 1920 592 2026 PRO
621 1938 680 2026 A.
709 1932 955 2026 LICINIO
983 1930 1236 2023 ARCHIA
1262 1928 1482 2019 Pomun

759 2163 911 2228 ORATIO
933 2161 988 2225 Ab
1009 2159 1180 2225 IUDICES.

868 2357 1074 2410 auconuovir

675 2536 735 2597 10.
753 2534 997 2597 andnemu
1020 2534 1272 2595 BAI'I'EBUS.

750 2948 933 3012 uounuuu
953 2949 1195 3011 EXPLICATIO.

307 3083 372 3136 d=
389 3080 456 3135 Cod.
475 3079 689 3146 Gemblncensia,
713 3091 784 3135 nunc
806 3082 984 3137 bruxellensis
1006 3097 1081 3137 num.
1099 3084 1179 3147 5352,
1203 3079 1319 3134 membr.
1337 3093 1393 3134 aec.
1410 3080 1465 3134 xil.
1482 3093 1500 3133 a
1516 3092 1561 3134 me
1577 3081 1638 3148 ipso

305 3234 327 3287 Ε
344 3252 371 3273 =
388 3158 647 3298 OOIIer'fumnsn,
671 3247 742 3286 nunc
759 3233 950 3298 beroliuensie,
969 3235 1040 3300 apud
1057 3233 1225 3287 Wundernm
1242 3232 1304 3299 (vid.
1322 3246 1404 3301 supra
1419 3247 1447 3302 p.
1466 3233 1536 3300 bib.)
1556 3246 1636 3301 pagg.

388 3309 421 3360 76
436 3320 499 3373 sqq.
517 3312 545 3360 et
561 3308 722 3362 Freundium
738 3323 765 3375 p.
784 3309 811 3362 ll
833 3324 875 3374 sq.

306 3386 326 3437 P
345 3402 371 3422 =
388 3384 517 3437 lectiones
534 3399 549 3436 a
566 3384 596 3437 P.
613 3384 723 3437 Pithoeo
740 3384 775 3436 ad
791 3388 925 3451 margines
942 3384 1056 3451 exempli
1073 3386 1195 3437 edItionie
1212 3384 1401 3437 Lambinianae
1418 3398 1444 3437 a.
1461 3384 1542 3448 tout,
1564 3383 1638 3450 quod

387 3461 523 3586 ffltusin
538 3458 700 3513 bibliotheca
717 3459 950 3526 heidelbergensi,
974 3462 1134 3527 adscriptae.
1160 3463 1223 3513 Post
1239 3461 1382 3513 Graevium
1397 3462 1496 3514 iterum
1512 3460 1639 3526 excripsit

305 3612 323 3662 S
345 3628 372 3649 =
389 3610 548 3663 scholiastes
570 3609 760 3664 Ambrosianus
786 3623 829 3678 ap.
853 3613 918 3677 ling.
940 3613 1037 3665 binium
1061 3612 1140 3664 Clau.
1158 3612 1239 3663 Aucti.
1260 3625 1274 3663 e
1295 3612 1373 3663 Votic.
1391 3611 1462 3663 codd.
1480 3570 1538 3665 edit.
1557 3612 1586 3664 Τ.
1603 3612 1635 3662 Il.

387 3701 414 3753 p.
426 3688 474 3739 237
486 3700 558 3752 equ,
575 3687 619 3738 ed.
637 3689 743 3738 nostrae
760 3701 787 3753 p.
806 3687 854 3738 353
871 3702 931 3753 sqq.

305 3763 325 3813 B
343 3780 369 3801 =
388 3762 453 3814 cod.
471 3762 633 3814 Barbarinus
653 3763 726 3827 prior
742 3764 883 3814 Garatonii.

387 3845 510 3914 Rebquas
527 3848 603 3899 notas
620 3845 680 3899 vide
698 3860 779 3913 supra
796 3859 823 3913 p.
841 3847 899 3899 bl'l.

390 4142 415 4207 1.
438 4137 468 4204 l.
491 4142 525 4204 Si
547 4140 625 4224 qnid
648 4142 750 4204 estin
771 4139 979 4224 memgenr‘i,
1000 4138 1138 4215 iudices,
1162 4140 1249 4225 qnod
1272 4140 1485 4224 uaniloquum
1507 4143 1549 4206 sit
1567 4144 1637 4208 exi·

307 4257 422 4320 guum,
443 4243 499 4299 aut
520 4237 547 4298 ei
570 4253 635 4320 qua
656 4234 842 4298 exercitatio
864 4234 1005 4309 dicendi,
1027 4235 1062 4296 in
1084 4253 1150 4318 qua
1170 4255 1220 4298 me
1242 4255 1309 4298 non
1331 4233 1449 4298 infitior
1468 4236 1639 4302 mediocri-

307 4339 356 4395 ter
377 4350 447 4395 ease
467 4337 644 4405 versatum,
673 4335 728 4392 aut
749 4329 776 4392 si
799 4328 929 4392 huiusce
951 4328 998 4391 rei
1020 4328 1102 4392 ratio
1124 4329 1230 4412 aliqua
1252 4329 1292 4391 ab
1315 4329 1503 4411 optimarum
1524 4332 1639 4396 artium

307 4424 422 4489 studiis
443 4444 481 4488 ac
502 4423 672 4507 disciplina
692 4421 851 4506 prolecta,
880 4442 898 4485 a
925 4442 988 4505 qna
1017 4442 1076 4504 ego
1099 4422 1221 4485 nullum
1244 4418 1396 4485 confiteor
1416 4426 1527 4489 aetatis
1548 4444 1639 4490 meae

283 4526 432 4601 otempna
454 4515 670 4590 abhorruisse,
694 4535 801 4580 aarum
823 4535 927 4578 rernm
955 4515 1095 4578 omnium
1117 4515 1169 4577 vel
1190 4515 1225 4578 in
1245 4515 1355 4598 primis
1375 4514 1427 4580 bie
1442 4517 1482 4580 A.
1497 4520 1639 4584 LicInius

305 4612 442 4675 fruetum
472 4629 491 4674 a
517 4629 568 4672 me
597 4616 740 4693 repetere
768 4628 866 4693 prope
895 4628 953 4671 sno
981 4610 1049 4671 inre
1078 4608 1183 4672 debet.
1217 4610 1296 4672 llam
1319 4607 1426 4694 quoad
1452 4611 1639 4695 longissime

307 4711 412 4788 potest
433 4723 524 4767 mens
545 4722 618 4766 mea
638 4703 799 4785 respicere
821 4701 957 4784 spatium
985 4703 1146 4785 praeteriti
1168 4703 1320 4786 temporie
1342 4709 1375 4766 et
1395 4704 1552 4786 pueritiae
1573 4724 1639 4769 me·

307 4797 439 4861 moriam
460 4796 620 4860 recordari
641 4796 803 4871 ultimam,
826 4795 899 4857 indo
920 4815 1024 4878 nsque
1046 4804 1193 4881 repetens
1214 4796 1301 4861 huno
1314 4795 1409 4860 video
1423 4797 1501 4862 mibi
1523 4798 1640 4883 princi-

307 4908 380 4973 pem
402 4897 436 4953 et
456 4891 497 4954 ad
519 4889 753 4972 suscipiendam
777 4895 809 4952 et
831 4888 873 4952 ad
893 4889 1132 4971 ingrediendam
1154 4892 1312 4956 rationem
1332 4890 1446 4954 horum
1460 4892 1639 4956 studiorum

269 5003 299 5053 to
308 4984 480 5048 exstitisse.
517 4983 614 5058 Quod
641 4986 669 5048 si
694 4983 773 5047 haec
795 5003 875 5056 vox,
904 4982 998 5045 huius
1020 4982 1148 5048 hortatu
1169 4985 1412 5070 praeceptisque
1434 4985 1641 5061 conformata.

308 5078 472 5142 nonnullis
493 5077 666 5161 aliquando
689 5077 784 5142 saluti
805 5076 882 5151 luit,
912 5097 932 5140 a
954 5096 1019 5160 quo
1041 5077 1075 5141 id
1096 5079 1291 5161 accepimus,
1314 5098 1378 5162 qno
1400 5080 1515 5143 ceteris
1536 5079 1641 5163 opitu-

307 5172 367 5235 lari
389 5178 421 5235 et
441 5171 521 5235 alios
543 5192 668 5236 servare
690 5192 875 5257 possemus,
896 5169 972 5233 huic
994 5172 1136 5254 prolecto
1159 5173 1236 5256 ipsi,
1259 5180 1412 5257 quantum
1428 5181 1477 5238 est
1496 5172 1592 5238 eitum
1606 5172 1642 5236 in

309 5266 418 5341 nobis,
448 5272 481 5329 et
511 5285 605 5349 opem
627 5274 659 5329 et
680 5267 814 5332 sulutem
835 5267 918 5330 Ieme
940 5266 1103 5330 debemus.
1146 5264 1179 5332 2.
1199 5268 1246 5333 Aa
1266 5286 1307 5331 ne
1331 5267 1404 5352 quis
1425 5285 1445 5332 a
1466 5264 1642 5331 nobishoc

311 5539 667 5664 οωέκὲῧιὲρῖἑοέῗποω.
693 5539 873 5591 miciacensis
885 5539 1008 5602 proaulo
1025 5541 1123 5591 archita
1135 5544 1212 5604 poeto
1222 5540 1257 5602 E;
1274 5538 1335 5591 Plio
1350 5537 1435 5590 luto
1450 5538 1570 5592 LICINIO
1584 5537 1642 5592 aa·

376 5688 401 5739 l.
418 5689 447 5739 Si
462 5689 523 5752 quid
538 5695 574 5740 est
588 5689 683 5754 ioponii
697 5689 726 5739 io
740 5703 793 5752 me,
821 5691 887 5752 quod
911 5692 988 5741 aestio
1004 5702 1082 5752 quom
1097 5690 1129 5741 sit
1144 5691 1265 5755 mpsim
1280 5689 1363 5741 babet
1380 5687 1554 5751 QuintiIianua
1569 5690 1590 5741 1.
1609 5688 1640 5741 0.

310 5762 397 5889 {m
405 5763 461 5892 ⁴2ss
463 5763 489 5827 3,
502 5764 542 5816 97.
558 5791 586 5802 -
604 5766 630 5817 d.
648 5763 765 5830 Iloioieo]
783 5765 881 5818 liciaius
897 5767 986 5816 archia
1002 5779 1035 5819 ox
1048 5765 1208 5830 glossemate
1219 5767 1241 5817 G
1253 5790 1282 5804 -
1301 5765 1326 5818 6.
1340 5765 1457 5829 poterell
1475 5792 1503 5806 ·-
1522 5766 1564 5820 li.
1578 5777 1642 5831 poe-
