3800 7350
297 1261 359 1330 854
584 1266 735 1333 ORleO
759 1267 842 1333 CUbl
862 1265 1023 1332 POPULO
1045 1266 1218 1333 GRATIAS
1239 1264 1336 1331 EGIT

298 1441 385 1504 nulla
405 1440 590 1522 cognatione
611 1438 784 1513 munitum,
807 1437 963 1514 consules,
984 1445 1159 1521 praetores,
1179 1434 1297 1501 tribuni
1311 1436 1367 1519 pl.,
1381 1442 1522 1511 senatus,
1536 1434 1630 1501 Italia

298 1542 409 1597 cuncta
432 1551 596 1616 sempera
617 1532 707 1595 vobis
730 1532 984 1614 deprecatacst,
1007 1531 1147 1615 denique
1165 1550 1293 1606 omnes,
1315 1530 1372 1614 qui
1394 1530 1508 1594 vestris
1529 1530 1630 1594 mexi-

297 1628 357 1691 mis
377 1623 540 1692 beneficiis
561 1626 798 1709 honoribusque
821 1634 895 1689 sunt
916 1626 1037 1698 ornati,
1058 1624 1206 1708 producti
1228 1623 1269 1687 ad
1290 1643 1349 1689 vos
1371 1622 1543 1689 abeodem
1562 1644 1630 1689 non

297 1720 399 1784 solnm
420 1719 461 1783 ad
482 1738 532 1782 me
554 1718 806 1783 conservandum
828 1739 885 1782 vos
907 1718 1063 1783 cohortati
1085 1724 1176 1792 sunt,
1207 1717 1264 1781 sed
1292 1717 1389 1782 etiarn
1415 1737 1523 1787 aarum
1544 1738 1631 1783 maa·

275 1820 545 1896 rerumgestarum
568 1820 729 1887 auctores,
758 1818 870 1885 testes,
901 1812 1083 1875 laudatores
1104 1810 1242 1875 suerum.
1285 1812 1354 1895 Vll.
1377 1811 1522 1889 ouomm
1541 1812 1631 1896 prin-

297 1928 372 1992 ceps
395 1907 436 1970 ad
457 1905 671 1971 cohortandos
685 1925 744 1970 vos
767 1913 799 1968 et
819 1906 859 1969 ad
881 1906 1040 1989 rogandos
1060 1905 1121 1969 fuit
1135 1906 1191 1970 Cn.
1206 1906 1392 1989 Pompeius,
1414 1906 1464 1970 vir
1477 1906 1630 1980 omnium,

298 2004 466 2085 quisunt,
493 2000 637 2075 fuerunt,
667 2006 777 2074 erunt,
806 2000 940 2074 virtute,
963 2000 1134 2082 sapientia,
1156 1998 1256 2081 gloria
1278 2000 1442 2084 princeps:
1473 1999 1531 2084 qui
1552 1998 1632 2063 milri

297 2116 380 2159 unus
400 2097 457 2159 uni
477 2094 600 2179 privato
621 2094 725 2158 amico
747 2093 858 2156 eadem
877 2094 984 2156 omnia
998 2090 1102 2167 dedit,
1126 2112 1209 2176 quae
1222 2091 1392 2157 universae
1405 2093 1453 2157 rei
1468 2092 1631 2177 publicae,

299 2189 449 2263 salutem,
472 2189 587 2263 otium,
610 2186 805 2270 dignitatem.
851 2185 948 2249 Cuius
971 2186 1074 2249 oratio
1095 2185 1173 2262 fuit,
1195 2206 1288 2271 quem
1308 2186 1351 2250 ad
1366 2187 1496 2251 modum
1510 2185 1630 2270 accepi,

263 2282 468 2364 eotripertita:
498 2281 634 2363 primum
662 2300 719 2343 vos
741 2275 872 2354 docuit,
893 2281 972 2344 meis
994 2279 1136 2343 consiliis
1158 2300 1225 2343 rem
1247 2280 1502 2364 publicamesse
1524 2299 1631 2345 serr*

299 2383 377 2449 tam,
398 2393 589 2457 causamque
610 2393 713 2438 meam
734 2393 805 2437 cum
828 2374 988 2436 communi
1010 2372 1112 2437 salute
1134 2373 1316 2448 coniunxit,
1339 2374 1550 2459 hortatusque
1571 2381 1630 2450 eat,

299 2476 336 2529 ut
363 2466 583 2533 auctoritatem
613 2475 758 2541 senatus,
791 2474 908 2530 statum
940 2467 1104 2543 civitatis,
1143 2467 1288 2531 fortunae
1311 2468 1391 2532 civis
1411 2468 1495 2533 bene
1517 2468 1626 2532 meriti

300 2558 530 2624 defenderetis:
552 2567 617 2625 tum
639 2580 689 2624 me
710 2561 745 2624 in
767 2562 945 2645 perorando
967 2561 1078 2645 posuit
1100 2557 1181 2646 [sos]
1204 2562 1310 2645 rogari
1330 2582 1349 2625 a
1370 2567 1499 2636 senatu,
1523 2560 1631 2645 rogari
1663 2592 1668 2602 ·

299 2655 340 2717 ub
361 2654 520 2739 equitibus
541 2655 711 2729 Romanis,
732 2656 836 2738 rogari
858 2656 898 2719 ab
922 2655 1013 2719 ltalia
1033 2663 1162 2719 cuncta:
1184 2655 1301 2719 deinde
1314 2656 1384 2738 ipse
1398 2656 1439 2720 ad
1453 2662 1631 2720 extremum

263 2768 291 2814 so
300 2769 357 2831 pro
380 2765 450 2812 mea
471 2767 527 2812 vos
550 2748 651 2813 salute
675 2767 741 2812 non
755 2749 880 2832 rogarit
894 2749 1007 2823 solum,
1029 2769 1138 2813 rerum
1154 2749 1251 2814 etiam
1265 2749 1451 2814 obsecravit.
1482 2744 1535 2813 ⁴7.
1550 2748 1633 2812 lluio

300 2861 359 2924 ego
380 2841 517 2919 bomini,
540 2841 697 2917 Quirites,
730 2850 852 2906 tantum
874 2843 991 2918 debeo,
1014 2851 1169 2928 quantum
1190 2843 1351 2907 bominem
1371 2842 1493 2908 bomini
1513 2840 1632 2907 ἀώθη

300 2936 355 2999 vix
374 2935 423 3000 tas
445 2943 504 2999 est
538 2935 641 3000 Huius
663 2935 814 3011 consilia,
837 2937 870 2999 P.
885 2936 1013 3000 Lentuli
1035 2937 1243 3011 sententiam,
1265 2945 1393 3001 senatus
1412 2936 1632 3001 auctoritatem

302 3048 359 3093 vos
380 3030 481 3093 secuti
502 3031 535 3094 in
560 3048 597 3092 eo
619 3048 669 3092 me
692 3030 780 3104 loco,
812 3030 846 3092 in
868 3050 934 3114 quo
956 3031 1068 3095 vestris
1089 3029 1253 3095 beneficiis
1275 3030 1414 3105 fueram,
1434 3030 1538 3094 isdem
1558 3048 1632 3094 een-

302 3121 410 3196 turiis‚
441 3122 554 3207 quibus
577 3122 795 3197 oollocarads,
821 3124 1017 3207 reposuistis.
1052 3123 1174 3189 Eodem
1199 3131 1340 3207 tempore
1362 3124 1496 3189 audistis
1517 3123 1633 3189 eodem

265 3235 345 3283 soen
373 3215 444 3279 loco
472 3235 612 3280 summos
633 3218 736 3292 viros,
766 3218 985 3307 ornatissimos
1014 3225 1109 3303 atque
1129 3218 1341 3301 amplissimos
1363 3218 1526 3294 bomines,
1546 3218 1634 3302 pain·

304 3310 389 3391 cipes
416 3308 568 3384 civitatis,
598 3330 709 3373 omnes
739 3312 938 3386 consulares,
968 3331 1078 3375 omnes
1106 3312 1284 3395 praetorios
1306 3312 1418 3375 eadem
1442 3312 1565 3387 dicere,
1596 3319 1634 3376 ut

304 3404 443 3465 omnium
480 3403 659 3467 testimonio
695 3424 753 3487 per
789 3424 839 3467 me
876 3426 977 3469 unum
1015 3426 1081 3469 rem
1117 3405 1276 3489 publicam
1309 3412 1528 3469 conservatam
1560 3425 1632 3469 esse

305 3503 471 3560 constaret.
516 3496 626 3581 ltaque
648 3517 719 3560 oum
741 3498 775 3560 P.
797 3498 967 3574 Servilius,
995 3500 1199 3583 gravissimus
1223 3499 1325 3562 viret
1347 3498 1566 3563 ornatissimus
1588 3519 1634 3561 aa·

304 3588 369 3663 vis,
399 3589 549 3664 dixisset,
580 3610 679 3674 opera
708 3611 779 3655 mea
806 3593 1053 3675 rempublicam
1075 3592 1267 3656 incolumem
1287 3590 1522 3675 magistratibus
1543 3591 1634 3655 dein·

267 3703 378 3767 ssceps
406 3685 569 3760 traditm,
597 3685 750 3749 dixerunt
776 3687 810 3749 in
837 3688 971 3750 eandem
1000 3688 1190 3751 sententiam
1211 3687 1316 3751 ceteri.
1351 3687 1414 3750 Sed
1435 3685 1571 3750 audistis
1590 3705 1633 3751 eo

304 3784 447 3859 tempore
467 3778 636 3843 clarissimi
657 3780 717 3843 riri
738 3798 804 3842 non
826 3779 930 3844 solum
952 3783 1189 3856 auctoritatem,
1210 3779 1268 3845 sed
1290 3781 1385 3845 etiem
1406 3779 1633 3855 testimoninm,

304 3870 340 3934 L.
363 3870 474 3936 Gellii:
503 3872 559 3957 qui
586 3873 663 3956 quia
692 3890 783 3938 suam
811 3874 945 3938 classem
969 3881 1156 3939 attentatam
1177 3893 1292 3957 magno
1314 3895 1386 3938 cum
1407 3895 1467 3938 suo
1489 3875 1634 3959 periculo

369 4163 394 4211 2.
413 4173 509 4224 seraper
525 4174 579 4212 om.
598 4162 616 4211 S
633 4162 788 4226 etsuagg.
808 4189 835 4199 -
854 4165 940 4215 deiude
956 4164 1046 4216 EV·
1068 4163 1092 4214 3.
1109 4163 1290 4227 honoribusque
1305 4165 1338 4215 P:
1356 4163 1559 4215 tomiibssmm
1574 4160 1634 4215 reli.

305 4238 332 4285 ct
348 4237 426 4300 sugg.
445 4262 472 4272 -
497 4235 530 4285 cb
551 4237 635 4287 eodem
655 4233 826 4287 ediscens.
846 4239 922 4288 liiii:
950 4239 983 4289 ob
1002 4240 1090 4290 eodem
1111 4239 1202 4301 codd,
1221 4239 1269 4290 nisi
1286 4238 1358 4303 quod
1375 4237 1409 4289 eb
1426 4239 1444 4288 S
1460 4240 1489 4290 et
1504 4239 1532 4290 li
1552 4239 1633 4302 bau.

306 4309 382 4374 plane
400 4309 486 4361 abest.
509 4308 663 4374 intelligitur
679 4312 708 4361 P.
721 4310 860 4373 Lentulus;
882 4312 916 4363 ci.
935 4326 962 4378 p.
982 4310 1040 4374 ali,
1059 4313 1090 4363 48
1108 4315 1135 4363 et
1152 4327 1191 4363 or.
1209 4326 1235 4377 p.
1255 4313 1322 4362 Sest.
1341 4311 1356 4375 5
1374 4311 1431 4363 407.
1450 4339 1478 4349 -
1496 4312 1522 4363 5.
1540 4311 1635 4362 laada-

305 4391 418 4446 torosqoe
435 4387 462 4435 ii
477 4386 597 4449 Legg.,-
617 4385 642 4435 7.
661 4387 705 4447 qui
721 4391 778 4436 sunt
792 4387 893 4449 mouet
909 4393 983 4437 ament
998 4390 1030 4438 P:
1050 4390 1094 4450 pot
1110 4395 1166 4439 mot
1177 4391 1221 4451 qui
1230 4389 1332 4451 summi
1344 4393 1417 4438 emet
1428 4390 1448 4439 G
1460 4390 1488 4439 et
1498 4390 1530 4439 ⁴0
1541 4388 1633 4454 terge,

306 4462 348 4523 qui
363 4466 420 4510 som
436 4461 595 4524 Μίνωα
611 4462 641 4519 S;
659 4474 718 4510 cam
735 4462 779 4524 qui
794 4467 851 4511 mot
866 4463 969 4525 suerunt
984 4465 1033 4514 en't
1050 4464 1117 4522 EV;
1134 4469 1208 4514 most
1223 4475 1277 4513 om.
1295 4462 1395 4526 aliquot
1409 4463 1504 4528 baffi
1521 4465 1567 4526 qui
1581 4465 1636 4528 ilse-

304 4541 365 4586 ront
381 4537 463 4587 oron.
482 4536 512 4586 ll.
538 4539 590 4586 Aut
611 4536 662 4585 hoo
685 4539 853 4601 exspectatur
871 4540 917 4587 aut
933 4538 1028 4589 saltem
1046 4540 1090 4601 qui
1105 4545 1162 4589 aaut
1177 4539 1290 4600 suerum,
1313 4540 1343 4588 ut
1358 4538 1465 4590 tertium
1481 4537 1544 4589 illud
1561 4545 1636 4591 meat

306 4614 334 4660 ut
351 4624 384 4660 ex
401 4609 575 4675 dittograpbia
592 4613 683 4661 natum
701 4609 854 4675 expellatur.
880 4612 1029 4664 adornatus
1046 4617 1088 4664 est
1104 4612 1178 4664 locus
1195 4627 1229 4663 ex
1239 4627 1282 4663 vv.
1294 4626 1321 4676 p.
1336 4612 1394 4674 833,
1407 4614 1436 4662 i:
1455 4614 1636 4679 mmirsnpee-

306 4686 380 4745 tium,
398 4684 508 4734 mnium
524 4686 694 4746 soeculormn,
712 4687 792 4735 omnis
806 4689 941 4737 cremorioe
956 4690 1030 4751 focile
1043 4689 1167 4751 princeps.
1183 4715 1210 4724 -
1227 4690 1287 4738 siri.
1304 4701 1358 4750 sap.
1376 4689 1460 4752 plorio
1471 4692 1589 4753 princeps
1599 4692 1632 4741 P:

305 4761 363 4810 virt.
378 4760 495 4822 princeps
509 4774 564 4822 sep.
582 4773 614 4809 oc
629 4761 713 4824 picria
729 4763 766 4819 G;
783 4762 897 4824 peinceps
913 4765 972 4813 oiri.
991 4777 1045 4826 sop.
1065 4777 1096 4813 oc
1119 4766 1151 4824 (et
1166 4765 1194 4825 E)
1211 4764 1295 4827 plotio
1310 4763 1376 4822 EV;
1393 4763 1452 4812 oirt.
1468 4774 1524 4825 sep.
1536 4777 1569 4814 uo
1578 4765 1635 4828 plo-

306 4835 349 4885 ric
362 4835 478 4896 princeps
493 4835 538 4884 SO
557 4859 586 4871 -
604 4835 629 4884 8.
648 4836 735 4886 mem
752 4836 838 4884 omnio
854 4838 873 4886 P
891 4862 919 4871 -
939 4837 963 4886 9.
983 4838 1064 4888 oratio
1080 4838 1143 4900 soit,
1170 4838 1377 4899 quemadmodum
1392 4838 1490 4899 occepi,
1508 4837 1636 4899 epm

307 4911 341 4959 P:
359 4909 441 4958 oratio
456 4909 494 4958 ito
510 4907 563 4957 mei
580 4906 636 4959 rell.
655 4912 683 4958 et
698 4910 792 4972 begg.;
811 4908 859 4959 sed
877 4913 920 4960 est
935 4913 961 4961 in
979 4913 1030 4962 EV
1046 4915 1105 4976 post
1121 4913 1267 4962 contempit:
1284 4912 1333 4975 psit
1348 4911 1556 4974 mmmmm
1570 4912 1637 4974 oepit

307 4984 383 5046 refert
399 4983 562 5045 tripartitum.
582 5008 609 5018 -
630 4983 670 5033 40.
687 4984 858 5046 oosprimwn
875 4987 936 5035 G-
955 4987 1037 5039 ,mos
1053 4989 1112 5037 P-
1131 4991 1304 5036 commutem
1320 4986 1411 5037 Ev-
1431 4985 1471 5036 ⁴3.
1489 4989 1542 5035 tesia
1557 4985 1636 5036 melo

309 5057 403 5109 codd:
421 5071 461 5108 ose
477 5070 531 5108 om.
551 5055 612 5107 edd.
634 5083 660 5094 -
685 5072 729 5108 oca
745 5071 798 5110 om.
818 5060 838 5110 E
855 5058 928 5110 solus
946 5074 979 5110 ex
996 5061 1074 5111 notis.
1101 5063 1191 5111 Potest
1207 5074 1271 5112 casn
1284 5074 1329 5111 eoa
1345 5062 1371 5111 in
1388 5058 1449 5110 eod.
1466 5060 1487 5111 E
1504 5061 1635 5111 omissum

309 5146 383 5194 esse,
402 5134 476 5183 cuius
493 5133 636 5182 auctoritas
652 5133 679 5183 in
696 5133 746 5183 hac
764 5135 882 5185 oratione
900 5136 1042 5198 perexigua
1057 5138 1113 5193 est;
1131 5148 1227 5186 verum
1244 5147 1306 5186 cum
1323 5138 1369 5185 ant
1383 5148 1423 5186 me
1438 5138 1485 5186 ant
1498 5148 1544 5186 ooa
1558 5135 1637 5186 adie-

308 5208 414 5258 cticium
430 5207 566 5269 videatur,
592 5208 708 5260 editores
724 5210 751 5260 in
768 5208 834 5261 falso
850 5208 909 5260 loco
926 5208 1133 5274 interpolationis
1150 5210 1244 5261 sedern
1261 5211 1423 5275 quaesivisse
1439 5210 1496 5262 lere
1511 5213 1633 5276 apparet.

308 5281 347 5332 Cl.
366 5281 447 5330 etiam
463 5279 588 5332 Wolfium
614 5282 647 5333 ad
673 5283 699 5332 b.
718 5281 745 5347 l.‚
765 5285 810 5348 qni
830 5285 883 5334 hoc
903 5282 999 5335 saltem
1023 5283 1149 5335 intellexit
1162 5297 1207 5334 eos
1221 5284 1249 5333 b.
1268 5283 1285 5333 l.
1302 5285 1496 5349 ineptissimum
1513 5298 1585 5338 osse.
1604 5311 1633 5322 -

308 5356 348 5407 il.
366 5358 452 5407 deiude
469 5357 563 5408 codd:
583 5360 687 5422 deestque
703 5359 746 5410 ed.
765 5362 836 5412 Crat.
851 5363 878 5412 et
894 5361 924 5409 0.
949 5360 1017 5410 Cum
1033 5361 1363 5424 sequaturodectremaan,
1382 5359 1635 5412 emendationenon

308 5443 375 5496 opus
393 5433 441 5482 est.
463 5459 489 5466 -
515 5433 767 5496 tpeeposaemoms
788 5463 815 5472 -
843 5436 884 5486 46.
902 5435 1030 5500 erpoEV
1053 5462 1080 5471 -
1104 5437 1147 5498 qui
1165 5438 1202 5486 .li.
1220 5436 1354 5486 tantumP
1373 5460 1400 5469 -
1425 5435 1466 5486 ti.
1484 5435 1633 5486 smmis:

309 5509 425 5560 emmau
440 5509 548 5559 PGEV
566 5536 593 5546 -
614 5509 653 5560 ⁴8.
671 5511 699 5560 to
715 5524 743 5560 eo
758 5524 797 5561 me
813 5509 1006 5561 becedam.
1026 5508 1406 5573 taitzmeom.oodd.;ego
1422 5509 1513 5562 malim
1528 5513 1591 5562 ante
1606 5511 1636 5562 is

308 5599 336 5635 eo
352 5583 461 5633 addere.
481 5609 508 5619 -
526 5584 553 5632 lo
569 5598 618 5646 pao
635 5585 693 5635 PS:
711 5598 760 5646 quo
777 5599 831 5638 om.
849 5588 870 5636 G
881 5586 933 5636 EV
946 5612 974 5621 -
994 5586 1115 5651 bneficiis
1129 5588 1263 5637 collocatae
1276 5587 1376 5649 merom
1392 5587 1461 5637 coni.
1479 5584 1633 5637 Lambinus.

309 5656 395 5724 (Orelli
412 5656 476 5709 lalso
494 5658 562 5708 banc
578 5657 720 5711 lectionem
737 5661 770 5711 ad
788 5674 904 5727 sequens
920 5662 1079 5711 ootlocorotis
1093 5661 1189 5724 aliem.)
1208 5688 1237 5698 -
1255 5662 1332 5713 bdem
1347 5662 1467 5715 PGEV:
1485 5660 1571 5712 were
1587 5661 1635 5711 so

311 5763 338 5772 -
358 5734 397 5784 ta.
414 5733 580 5785 eoobcorom
596 5736 615 5785 P
633 5761 660 5770 -
687 5736 728 5784 tt.
746 5737 885 5787 maome-is
900 5738 950 5788 PG
973 5764 1000 5773 -
1027 5738 1067 5787 ἥ.
1084 5750 1163 5787 ummo
1183 5740 1217 5788 P:
1242 5748 1297 5788 om.
1314 5736 1368 5786 mei
1385 5734 1441 5786 rell.
1461 5736 1489 5786 et
1504 5736 1584 5800 lagg.
1604 5761 1632 5771 ·-

309 5811 350 5860 sa.
368 5809 463 5859 trudito
479 5810 511 5869 P3
533 5811 669 5871 traditam,
693 5811 806 5874 doooeps
825 5811 944 5862 dammi
965 5812 1035 5862 coni.
1054 5811 1234 5863 Heumannus.
1255 5838 1283 5849 -
1293 5809 1328 5861 'io
1343 5811 1430 5861 ndem
1445 5811 1551 5862 eosdm
1567 5812 1587 5861 P
1604 5836 1633 5846 ·-

309 5884 489 5934 uidistiati-
506 5896 535 5935 eo
552 5885 676 5938 PGEV:
693 5886 855 5937 eodamset
871 5885 887 5934 9
904 5886 983 5953 lagg.
1002 5910 1032 5922 -
1053 5886 1095 5938 27.
1114 5887 1177 5939 Gelli
1193 5887 1298 5939 PEVS
1314 5912 1343 5924 ·-
1363 5889 1538 5952 aucupiam
1554 5884 1635 5938 PGE

311 5959 333 6009 V
350 5957 406 6024 ised
422 5959 443 6007 P
458 5957 520 6025 odi.)
