3800 7350
311 1175 393 1245 tert
738 1184 1196 1265 onauounuurrclu.

311 1353 477 1417 flaminem.
509 1352 587 1417 Mihi
607 1372 682 1416 sero
704 1352 784 1416 nihil
805 1355 936 1418 istorum
959 1354 1079 1437 placet:
1102 1354 1158 1418 sed
1180 1362 1231 1428 tu,
1253 1353 1309 1436 qui
1323 1361 1392 1417 acta
1408 1353 1550 1417 Caesaris
1572 1354 1630 1416 de·

309 1446 430 1523 lendis,
453 1447 530 1531 quid
550 1455 641 1528 potes
664 1446 769 1511 dicere
791 1469 847 1511 cur
870 1448 932 1512 alia
954 1447 1120 1523 defendas,
1149 1448 1210 1510 alia
1232 1468 1297 1511 non
1320 1447 1523 1511 cures‘ltnisi
1544 1444 1631 1508 forte

310 1540 356 1602 vis
383 1538 475 1605 lateri
502 1548 534 1604 te
556 1540 661 1603 omnia
682 1551 816 1624 quaestu
839 1551 908 1617 tuo,
936 1562 1001 1606 non
1032 1542 1117 1606 illius
1144 1542 1295 1625 dignitate
1322 1542 1435 1604 metiri.
1477 1538 1565 1615 Quid
1586 1539 1630 1600 ad

309 1634 387 1696 baec
414 1633 560 1698 tandeml
582 1666 624 1681 -
650 1643 801 1718 exspecto
830 1637 914 1700 enim
945 1636 1160 1719 eloquentiam
1182 1645 1283 1699 tuam:
1313 1634 1553 1698 disertissimum
1576 1652 1633 1693 co·

287 1723 405 1809 t'gnovi
431 1746 525 1791 avum
551 1737 656 1803 tuum,
684 1737 717 1793 at
744 1737 774 1795 te
804 1731 897 1793 etiam
930 1730 1117 1814 apertiorem
1145 1730 1179 1793 in
1202 1728 1353 1802 dieend0;
1383 1728 1435 1791 ille
1458 1746 1633 1809 numquam

310 1819 414 1884 nudus
437 1828 486 1886 est
506 1824 722 1898 contionatus,
753 1832 841 1887 tuum
868 1823 1007 1887 hominis
1034 1824 1185 1907 simplicis
1212 1832 1321 1906 pectus
1343 1820 1480 1884 vidimus
1501 1837 1560 1876 -:
1582 1838 1634 1881 re-

310 1913 522 1997 spondebisne
550 1917 590 1980 ad
617 1917 694 1981 baec
722 1926 777 1981 aut
805 1918 934 1981 omnino
962 1917 1086 1981 hiscere
1107 1916 1262 1980 audebis?
1293 1915 1409 1999 ecquid
1430 1916 1568 1998 reperies
1591 1934 1633 1977 ex

309 2016 373 2072 tam
395 2008 491 2093 longa
513 2011 656 2075 oratione
677 2031 763 2087 mea,
785 2013 835 2076 cui
857 2020 888 2075 te
910 2010 1102 2095 respondere
1123 2031 1217 2094 posse
1240 2008 1402 2075 confidas?

395 2104 503 2167 XLIV.
526 2099 597 2168 442.
620 2104 682 2168 Sed
703 2106 872 2189 praeterita
893 2105 1091 2170 omittamus:
1112 2106 1198 2170 hunc
1214 2125 1313 2169 unum
1329 2106 1429 2179 diem,
1451 2125 1560 2180 unum,
1583 2104 1632 2167 io·

275 2216 423 2282 tequam,
452 2199 640 2263 hodiernum
662 2199 763 2276 diem,
794 2200 855 2263 boc
877 2208 1027 2284 punctum
1049 2200 1218 2281 temporis,
1244 2219 1309 2284 quo
1331 2199 1463 2283 loquor,
1486 2197 1634 2273 deiende,

311 2292 338 2355 si
360 2300 460 2374 potes.
494 2291 557 2356 Cur
577 2301 765 2357 armatorum
788 2313 904 2359 corona
926 2302 1053 2358 senatus
1075 2302 1203 2377 saeptus
1225 2296 1298 2356 est‘l
1321 2313 1378 2357 cur
1398 2314 1448 2356 me
1471 2293 1517 2355 tui
1539 2292 1635 2356 satel-

311 2384 383 2448 lites
414 2406 484 2450 cum
513 2387 627 2470 gladiis
652 2389 805 2453 audiunt?
833 2408 890 2451 cur
910 2388 1019 2452 valvae
1041 2387 1233 2452 Concordiae
1255 2408 1320 2451 non
1342 2390 1471 2471 patenti
1500 2408 1556 2451 cur
1575 2386 1635 2450 lro-

313 2479 413 2544 mines
435 2482 576 2544 omnium
598 2483 738 2566 gentium
761 2485 896 2547 mammo
916 2482 1081 2556 barbaros,
1103 2483 1252 2564 ltyraeos,
1275 2502 1346 2545 cum
1365 2482 1486 2563 sagittis
1501 2481 1635 2544 deducis

312 2572 346 2634 in
366 2572 492 2637 lorum‘l
515 2575 664 2641 Praesidii
687 2578 736 2640 sui
758 2596 853 2641 causa
875 2575 1036 2641 sefacere
1058 2574 1142 2639 dicit
1179 2578 1247 2639 Non
1270 2576 1364 2658 igitur
1384 2575 1508 2639 miliens
1530 2577 1635 2659 perire

278 2672 361 2734 teest
387 2668 501 2732 melius
530 2690 626 2753 quam
657 2672 690 2734 in
721 2691 779 2734 sua
809 2672 933 2735 civitate
961 2669 1029 2733 sine
1058 2677 1248 2734 armatorum
1270 2669 1430 2753 praesidio
1454 2689 1517 2731 uon
1540 2690 1637 2753 posse

312 2760 441 2825 sivere‘l
474 2763 536 2826 Sed
565 2764 688 2827 nullum
717 2772 765 2829 est
785 2764 887 2840 istud,
915 2762 1124 2837 mihicrede,
1156 2761 1365 2846 praesidiumr
1400 2763 1527 2826 caritate
1549 2772 1581 2826 te
1603 2771 1638 2826 et

312 2853 535 2920 benevolentia
564 2857 679 2921 civium
702 2867 845 2941 saeptum
867 2865 992 2940 oportet
1013 2876 1100 2931 esse,
1132 2877 1197 2920 non
1218 2857 1325 2920 armis.
1368 2851 1440 2919 443.
1462 2857 1583 2940 Eripiet
1605 2865 1639 2920 et

314 2951 519 3033 extorquebit
539 2952 595 3016 tibi
616 2952 676 3016 ista
697 2953 832 3037 populus
854 2953 1031 3024 Romanus,
1052 2950 1173 3014 utinam
1192 2950 1287 3014 salvis
1302 2898 1411 3014 nobis!
1434 2950 1489 3013 sed
1505 2970 1637 3034 quoquo

314 3042 407 3107 modo
430 3045 595 3108 nobiseum
618 3048 735 3129 egeris,
758 3047 832 3109 dum
855 3045 923 3109 istis
938 3044 1079 3107 consiliis
1095 3045 1209 3119 uteris,
1231 3064 1295 3107 nou
1314 3052 1417 3127 potes,
1438 3043 1637 3119 mihicrede,

277 3156 383 3205 abesse
405 3139 582 3204 diuturnus.
621 3142 745 3204 Etenim
767 3140 828 3203 ista
849 3149 904 3203 tua
926 3139 1055 3201 minime
1076 3157 1168 3202 avara
1190 3137 1345 3213 coniunx,
1368 3158 1463 3221 quam
1485 3158 1543 3220 ego
1565 3138 1636 3200 sine

315 3232 506 3297 contumelia
527 3233 690 3310 describo,
712 3229 842 3297 nimium
864 3233 919 3296 diu
941 3234 1036 3296 debet
1057 3231 1175 3315 populo
1198 3232 1340 3294 Romano
1362 3232 1486 3298 tertiam
1509 3232 1638 3313 pensio-

314 3345 396 3387 nem.
434 3327 536 3392 Habet
563 3329 700 3413 populus
721 3330 878 3393 Romanus
900 3326 940 3390 ad
962 3348 1042 3411 qnos
1070 3325 1282 3408 gubernacula
1309 3327 1355 3388 rei
1382 3325 1527 3408 publicae
1549 3325 1637 3389 defe-

313 3425 378 3482 rat:
401 3422 455 3504 qui
478 3420 669 3507 ubicumque
690 3430 842 3486 terrarum
864 3428 954 3496 sunt,
976 3422 1019 3484 ibi
1038 3440 1132 3485 omne
1154 3422 1261 3483 estrei
1282 3418 1428 3502 publicae
1443 3420 1637 3503 praesidium

315 3513 365 3576 vel
386 3516 490 3596 potius
511 3517 581 3599 ipsa
602 3537 652 3580 res
674 3516 815 3600 publica,
838 3534 920 3599 quae
941 3534 976 3577 se
997 3514 1102 3577 adbuc
1123 3522 1244 3577 tantum
1265 3513 1359 3577 modo
1380 3512 1447 3576 ulta
1468 3520 1534 3587 est,
1555 3533 1638 3576 non·

278 3609 390 3677 tadum
412 3611 607 3696 reciperarit,
639 3610 741 3675 Habet
762 3609 891 3696 quidem
913 3613 997 3672 certe
1019 3628 1070 3671 res
1094 3608 1220 3692 publica
1241 3607 1456 3671 adolescentes
1477 3608 1639 3672 nobilissi-

315 3724 398 3779 mos,
419 3713 546 3787 paratos
561 3705 761 3770 defensores:
784 3725 880 3789 quam
895 3707 1005 3771 volent
1026 3706 1071 3769 illi
1091 3707 1206 3770 cedant
1220 3707 1285 3769 otio
1301 3706 1510 3777 consulentes,
1533 3710 1638 3766 nmen

314 3817 334 3860 a
357 3817 390 3860 re
417 3797 543 3879 publica
564 3799 825 3863 revocabuntur.»
841 3801 883 3864 Et
903 3822 1019 3865 nomen
1046 3801 1133 3883 pacis
1155 3798 1247 3862 dulce
1270 3806 1319 3862 est
1339 3805 1373 3862 et
1393 3800 1461 3882 ipsa
1480 3818 1532 3862 res
1554 3798 1639 3860 salu·

315 3891 407 3966 taris;
437 3891 492 3954 sed
519 3893 603 3956 inter
630 3912 739 3974 pacem
761 3902 794 3957 et
815 3894 998 3959 servitutem
1027 3893 1196 3977 plurimum
1218 3893 1359 3956 interest.
1397 3893 1463 3955 Pax
1485 3898 1533 3955 est
1554 3898 1639 3954 tran-

316 3983 415 4067 quilla
437 3983 579 4060 libertas,
610 3987 745 4050 servitus
767 3995 961 4070 postremum
983 3988 1133 4052 malorum
1156 3986 1312 4059 omnium,
1340 4006 1405 4048 non
1426 3985 1519 4049 modo
1542 3984 1638 4057 bello,

278 4075 371 4145 used
385 4084 486 4140 morte
502 4078 597 4142 etiam
613 4079 840 4163 repellendum.
876 4077 948 4144 lte.
966 4081 1060 4157 Quod
1078 4081 1104 4143 si
1119 4100 1154 4143 se
1176 4081 1262 4162 ipsos
1277 4079 1322 4141 illi
1338 4081 1438 4143 uestri
1453 4078 1637 4142 liberatores

316 4189 334 4234 e
349 4179 520 4254 conspectu
541 4181 651 4237 nostro
667 4174 876 4250 abstulerunt,
898 4182 931 4238 at
945 4175 1125 4259 exemplum
1139 4173 1213 4236 iacti
1228 4172 1433 4255 reliquemnt,
1462 4173 1528 4247 Illi,
1551 4170 1638 4256 quod

315 4284 409 4328 nemo
435 4265 569 4343 lecerat,
596 4266 747 4332 lecerunt.
795 4269 1003 4354 Tarquinium
1029 4271 1146 4333 Brutus
1173 4269 1257 4332 bello
1280 4277 1328 4332 est
1353 4277 1553 4351 persecutus,
1581 4267 1638 4350 qui

317 4367 383 4422 tum
399 4381 457 4423 rex
470 4360 547 4437 luit,
569 4381 639 4425 cum
655 4383 725 4426 esse
738 4364 854 4426 Romae
869 4363 1003 4438 licebat3
1026 4363 1080 4446 Sp.
1097 4363 1239 4437 Cassius,
1261 4363 1314 4447 Sp.
1330 4364 1472 4438 Maelius,
1493 4364 1535 4425 Μ.
1550 4363 1638 4425 blan-

324 4578 500 4598 ..wa—...-

381 4758 406 4807 2.
424 4757 451 4806 oi
468 4769 482 4806 a
499 4781 531 4792 -
552 4753 578 4805 4.
596 4759 697 4818 expecto
716 4755 770 4806 mei
790 4782 824 4792 -
846 4758 916 4803 tuom
937 4766 952 4802 a
975 4751 1036 4813 (sed
1052 4766 1102 4802 vox
1119 4752 1244 4816 punctata
1261 4749 1321 4802 ead.
1339 4751 1400 4812 ml:
1425 4764 1479 4801 om.
1497 4750 1591 4814 ngt
1609 4779 1640 4788 -

317 4833 341 4882 5.
358 4829 660 4894 pertimuit-naim
675 4843 812 4892 numquam
828 4831 839 4878 t
855 4855 888 4865 —
905 4828 929 4878 6.
942 4828 1101 4878 concionatus
1116 4829 1206 4878 40-
1221 4826 1338 4889 supplicis
1354 4838 1414 4874 n-
1431 4825 1455 4877 4.
1468 4828 1555 4890 ecquid
1571 4829 1638 4890 agl:

317 4908 400 4969 etquid
416 4906 465 4957 Vb
484 4934 511 4945 -
530 4906 654 4969 repperies
671 4908 681 4955 4
698 4931 725 4941 -
745 4905 769 4956 8.
786 4916 844 4955 meo
861 4905 899 4965 (eo
915 4915 956 4967 pr.
975 4902 1022 4965 m.)
1039 4915 1071 4951 eu
1086 4902 1136 4952 reite
1152 4901 1174 4951 V
1189 4928 1223 4938 —
1239 4901 1264 4951 9.
1280 4905 1413 4963 moetereo
1429 4901 1488 4949 t-
1505 4915 1583 4951 anun
1598 4903 1640 4950 io-

318 4996 394 5045 quom
410 4981 446 5031 V:
464 4982 529 5033 bunc
544 4995 623 5033 onom
638 4982 743 5044 inquom
753 4979 804 5030 DO
817 5004 844 5015 -
864 4979 905 5028 44.
923 4978 1015 5040 loquor
1031 4988 1090 5026 e-
1106 4977 1147 5026 42.
1165 4975 1240 5041 plutis
1250 4976 1272 5024 V
1284 5002 1317 5012 -
1335 4974 1375 5025 43.
1389 4975 1481 5024 itureos
1497 4977 1520 5033 t;
1539 4975 1642 5025 itirceos

320 5055 354 5115 b;
371 5058 516 5118 glomosV;
533 5059 625 5120 itureos
641 5069 725 5120 ag-
741 5055 843 5107 deduces
858 5056 915 5104 t-
931 5053 1077 5104 sesamae
1091 5052 1174 5113 fecem
1189 5051 1250 5100 V·
1269 5050 1366 5100 ooov:
1384 5049 1571 5099 concello-
1590 5051 1640 5099 mi-

318 5132 424 5182 iieosV:
442 5132 520 5182 milies
536 5135 572 5192 ὓς
590 5132 678 5182 miiiier
694 5132 755 5182 0-
771 5131 856 5193 perire
871 5140 954 5179 ome
972 5128 998 5177 in
1015 5125 1065 5177 lae.
1081 5153 1108 5163 -
1129 5128 1168 5176 te.
1187 5139 1212 5176 ee
1227 5122 1303 5175 V¹-
1320 5123 1360 5174 46.
1379 5124 1464 5175 uiden
1479 5122 1510 5173 Ψ
1529 5150 1556 5159 -
1575 5125 1642 5174 istud

318 5207 363 5257 Ψ;
381 5209 444 5258 istrw
460 5204 549 5259 V²D0
564 5235 591 5244 -
609 5213 632 5258 te
648 5212 671 5259 et
686 5206 724 5256 V:
743 5211 766 5257 te
782 5218 835 5256 om.
854 5205 950 5256 [40-
968 5204 1008 5254 l‘l.
1026 5205 1113 5266 septim
1129 5200 1200 5250 Ψ-
1220 5205 1243 5251 et
1258 5200 1281 5250 V
1297 5203 1324 5251 et
1339 5200 1358 5250 b
1376 5212 1460 5250 corn:
1479 5199 1638 5250 ombo-

319 5284 360 5333 ts.
377 5284 449 5333 oecis
464 5283 487 5333 V
506 5310 533 5321 -
553 5284 592 5334 tt).
610 5283 740 5334 nouorum
755 5283 778 5331 V
795 5308 822 5318 —
842 5281 939 5332 consilis
956 5280 1028 5328 v-
1044 5283 1116 5342 putee
1131 5275 1159 5325 b¹
1178 5304 1206 5313 -
1225 5288 1275 5326 esse
1290 5276 1350 5325 miti
1365 5276 1437 5325 crede
1453 5288 1483 5339 g;
1503 5288 1554 5326 erse
1570 5275 1642 5325 crede

318 5359 378 5407 milti
395 5371 425 5418 ες
443 5358 503 5408 mibi
519 5371 568 5408 esse
583 5358 655 5408 crede
671 5356 689 5406 4)
702 5384 727 5393 -
746 5357 786 5408 20.
802 5357 847 5406 b'et
862 5357 928 5407 enim
944 5359 955 5406 t
973 5382 1000 5392 —
1019 5355 1130 5406 coelicae
1146 5353 1183 5402 D:
1203 5352 1296 5402 coitate
1307 5352 1341 5411 V;
1362 5350 1524 5401 coniaco-
1544 5349 1585 5398 at.
1598 5348 1642 5397 diu

319 5435 386 5485 debet
403 5433 484 5484 Vbt:
503 5433 571 5484 debet
590 5434 634 5483 diii
649 5432 719 5496 ago
738 5459 766 5469 -
780 5433 888 5496 popolus
903 5445 1023 5482 romanus
1040 5431 1076 5489 V;
1095 5430 1132 5479 rei
1146 5442 1173 5490 ρ.
1192 5427 1264 5477 D-
1282 5428 1323 5477 22.
1339 5425 1436 5488 puotiee
1453 5425 1474 5473 V
1491 5451 1518 5459 -
1537 5423 1579 5473 23.
1598 5423 1642 5484 qui

318 5509 449 5571 uicemque
465 5509 487 5557 V
506 5535 533 5544 -
558 5508 602 5558 tibi
619 5508 637 5558 b
656 5535 683 5544 -
707 5521 778 5559 omne
798 5513 833 5559 est
856 5506 970 5571 Vebg:
994 5511 1030 5556 est
1044 5517 1116 5555 omos
1131 5503 1152 5553 0
1169 5502 1246 5566 (omni
1261 5516 1285 5552 r.
1300 5516 1327 5564 p.
1346 5506 1381 5552 est
1397 5501 1415 5560 4)
1435 5528 1461 5540 -
1482 5499 1523 5551 il.
1540 5498 1642 5561 publico

320 5597 373 5634 om.
393 5583 460 5631 V-
478 5583 532 5633 olto
549 5582 581 5633 b:
607 5585 663 5633 cito
678 5584 732 5643 Vt;
758 5582 826 5633 uicto
842 5595 857 5632 a
865 5596 883 5647 g
901 5609 928 5619 -
948 5583 1059 5645 poodrim
1074 5579 1225 5640 reciperauit
1240 5578 1264 5627 V
1283 5605 1308 5614 -
1334 5578 1375 5627 25.
1394 5572 1592 5626 odaimceotisV
1611 5599 1639 5608 -

320 5660 360 5709 at.
379 5673 397 5707 o
412 5672 440 5708 re
455 5657 694 5720 premcatonrurv
712 5685 739 5694 -
759 5659 831 5721 pacis
846 5656 969 5708 nomeob
991 5683 1016 5692 -
1039 5656 1080 5705 28.
1097 5658 1288 5716 poc--morte
1308 5666 1404 5715 quoque
1424 5651 1564 5713 repellendo
1586 5649 1641 5710 (sic)

321 5734 397 5782 allert
415 5733 529 5783 lsidorus
546 5733 631 5796 origg.
649 5733 686 5795 ll,
705 5733 746 5795 29,
766 5732 804 5782 43.
824 5757 852 5768 -
875 5732 915 5783 30.
934 5731 1010 5781 etiem
1025 5743 1078 5780 om.
1098 5743 1113 5778 a
1132 5752 1160 5765 -·
1182 5728 1216 5778 sie
1232 5729 1297 5789 ipsos
1312 5725 1343 5776 Ψ
1362 5753 1389 5763 -
1413 5725 1453 5776 34.
1472 5725 1644 5788 ieriquoeraioi

322 5807 344 5855 V
358 5834 385 5843 -
404 5806 444 5855 32.
465 5807 615 5869 Tarquinius
632 5810 642 5857 4
659 5833 688 5844 -
702 5820 835 5870 permisto
850 5808 862 5856 4
879 5835 907 5844 -
925 5804 966 5856 33.
984 5809 1044 5855 esset
1060 5806 1071 5853 t
1089 5829 1116 5840 -
1136 5805 1228 5853 ltomce
1238 5803 1371 5854 Muretus:
1388 5805 1484 5850 romote
1495 5798 1539 5858 V¹;
1557 5811 1644 5849 romae

323 5887 346 5934 te
362 5879 408 5945 Ψς
427 5885 518 5935 Romae
533 5896 617 5951 regem
633 5882 684 5935 Di)
702 5906 730 5919 -
750 5882 832 5933 liceret
848 5884 883 5945 gt
901 5908 928 5919 -
946 5880 1034 5945 Spurii
1050 5879 1161 5940 Cordus,
1178 5877 1284 5929 Maelius
1299 5877 1320 5926 0
1337 5878 1428 5927 contra
1446 5888 1529 5926 meos.
