3800 7350
311 1186 393 1260 litu
609 1230 615 1236 ·
729 1206 879 1272 otterru
900 1208 942 1271 IN
964 1208 999 1271 L.
1020 1207 1198 1273 PISONEM

309 1368 427 1434 Achaia
455 1372 621 1449 exhausta,
652 1376 814 1440 Thessalia
843 1386 973 1451 vexata,
1005 1377 1160 1441 laceratae
1181 1378 1340 1453 Athenae,
1369 1380 1573 1463 Dyrrachium
1596 1390 1628 1444 ct

310 1464 480 1545 Apollonia
509 1468 686 1544 exinanita,
725 1472 887 1534 Ambracia
919 1463 1057 1554 direpta,
1096 1472 1236 1535 Parthini
1265 1480 1297 1536 et
1329 1473 1492 1537 Bulienscs
1522 1474 1626 1546 illusi,

310 1557 426 1641 Epirus
448 1561 570 1636 excisa,
602 1564 709 1639 Locri,
732 1565 855 1638 Phocii,
877 1566 1002 1628 Boeotii
1024 1567 1143 1640 exusti,
1173 1567 1364 1641 Acarnania,
1395 1566 1626 1648 Amphilochia,

310 1651 473 1717 Perraebia
483 1655 755 1741 Athamanumque
771 1678 848 1740 gens
858 1659 1000 1733 vendita3
1016 1658 1198 1722 Macedonia
1211 1659 1389 1722 condonata
1401 1660 1551 1735 barbaris,
1567 1664 1627 1724 Ac·

284 1745 385 1811 stolia
401 1750 530 1822 amissa,
545 1750 683 1834 Dolopes
697 1750 885 1835 finitimique
902 1754 1042 1816 montani
1059 1752 1183 1836 oppidis
1198 1761 1294 1835 atque
1310 1754 1392 1835 agris
1408 1755 1625 1818 exterminati:

306 1842 390 1905 cives
405 1844 551 1917 Romani,
573 1845 628 1926 qui
650 1844 681 1906 iu
705 1846 742 1907 iis
764 1845 841 1908 locis
856 1846 1072 1928 negotiantur,
1096 1856 1127 1908 te
1150 1867 1248 1909 unum
1264 1847 1366 1909 solnm
1384 1868 1473 1911 suum
1491 1848 1627 1931 depecu-

306 1937 456 2011 latorem,
471 1945 670 2011 vexatorem,
686 1938 889 2019 praedonem,
905 1939 1028 2002 hostem
1043 1941 1168 2002 venisse
1183 1950 1357 2003 senserunt.
1385 1939 1435 2003 97.
1451 1942 1496 2005 Ad
1513 1943 1625 2006 horum

304 2032 442 2095 omnium
466 2031 582 2093 iudicia
604 2037 650 2094 tot
671 2040 766 2115 atquc
790 2039 876 2096 tanta
892 2031 1100 2095 domesticum
1115 2033 1266 2096 indicium
1282 2036 1415 2098 accessit
1438 2033 1625 2121 [sententiae

304 2124 515 2189 damnationis
538 2120 640 2207 tuae]:
669 2126 809 2188 occultus
831 2126 1003 2198 adventus,
1026 2126 1175 2189 furtivum
1199 2128 1258 2189 iter
1280 2148 1337 2209 per
1357 2128 1494 2203 ltaliam,
1517 2131 1627 2193 introi·

267 2228 354 2283 retus
375 2219 410 2281 iu
433 2220 542 2281 urbem
563 2219 707 2282 desertus
729 2219 768 2282 ab
790 2220 915 2293 amicis,
938 2220 1045 2282 nullae
1066 2220 1106 2282 ad
1122 2227 1265 2283 senatum
1282 2242 1299 2283 e
1314 2223 1478 2305 provincia
1493 2224 1626 2297 litterae,

303 2314 390 2379 nulla
420 2334 460 2377 ex
488 2313 579 2376 trinis
613 2313 739 2375 aestivis
770 2313 956 2394 gratulatio,
989 2313 1075 2375 nulla
1104 2313 1253 2395 triumphi
1275 2317 1408 2379 mentio:
1444 2336 1510 2379 non
1533 2318 1626 2381 modo

304 2406 382 2493 quid
404 2407 554 2490 gesseris,
578 2406 633 2469 sed
656 2425 696 2468 nc
718 2408 832 2490 quibus
853 2408 885 2469 in
909 2408 987 2470 locis
1009 2406 1137 2490 quidem
1159 2406 1274 2481 tueris,
1297 2408 1402 2472 dicere
1425 2409 1533 2473 audes.
1577 2413 1626 2473 Ex

303 2503 358 2565 illo
379 2500 465 2565 tonte
488 2510 520 2573 et
538 2501 710 2564 seminario
732 2501 962 2582 triumphorum
985 2521 1055 2562 cnm
1078 2500 1166 2563 arida
1193 2500 1270 2564 tolia
1291 2502 1418 2565 laureae
1440 2504 1626 2578 rettulisses,

304 2617 376 2661 cnm
396 2616 434 2659 ea
448 2595 569 2659 abiecta
583 2595 622 2658 ad
637 2603 760 2677 portam
775 2595 946 2679 reliquisti,
969 2603 1033 2656 tum
1056 2602 1091 2656 tn
1113 2595 1183 2677 ipse
1206 2594 1245 2658 de
1267 2603 1298 2658 te
1320 2595 1473 2660 iecisse
1495 2598 1625 2662 videri
1664 2631 1666 2636 v

268 2690 554 2775 repronuntiaviui.
598 2688 662 2765 Qui
694 2690 719 2751 si
750 2688 827 2752 nihil
862 2707 1004 2770 gesseras
1035 2687 1162 2769 dignum
1190 2689 1327 2763 bonore,
1361 2691 1415 2753 ubi
1441 2693 1626 2756 exercitus?

304 2783 359 2847 nbi
381 2786 544 2867 sumptus?
576 2783 631 2845 nbi
653 2783 840 2866 imperinm?
873 2783 927 2844 nbi
956 2781 1012 2843 illa
1033 2781 1190 2846 uberrima
1212 2784 1494 2867 supplicationibus
1516 2786 1627 2852 trium·

304 2878 440 2962 phisque
462 2878 645 2960 prouincia?
673 2878 722 2939 sin
745 2878 849 2939 autem
871 2876 990 2959 aliquid
1014 2896 1141 2956 sperare
1163 2877 1326 2951 volueras,
1356 2878 1383 2941 si
1406 2882 1561 2960 cogitaras
1583 2880 1626 2954 id,

305 2971 392 3055 qnod
414 2972 610 3054 imperatoris
632 2991 765 3044 nomen,
788 2970 875 3054 quod
898 2970 1028 3033 laureati
1051 2970 1169 3042 fasces,
1198 2971 1284 3053 quod
1307 2971 1361 3035 illa
1384 2980 1512 3056 tropaea
1533 2972 1627 3056 plena

305 3065 470 3129 dedecoris
502 3072 534 3127 et
560 3066 643 3128 riam
671 3073 701 3127 te
731 3072 972 3127 commentatum
1000 3083 1070 3126 esse
1100 3064 1278 3137 declarant,
1314 3066 1386 3147 quis
1414 3074 1445 3128 te
1476 3068 1626 3141 miserior,

267 3160 376 3244 aequis
406 3167 437 3222 te
470 3159 660 3230 damnatior,
699 3158 753 3241 qui
782 3177 886 3240 neque
914 3158 1051 3220 scribere
1079 3157 1119 3219 ad
1149 3165 1309 3233 senatum,
1346 3178 1364 3220 a
1393 3168 1424 3222 te
1453 3160 1532 3222 benc
1559 3180 1625 3222 rem

304 3252 460 3338 publicam
482 3272 552 3315 esse
573 3260 706 3334 gestam,
736 3270 840 3332 neque
863 3270 1011 3334 praesens
1034 3250 1137 3313 dicere
1160 3271 1254 3314 ausus
1283 3255 1338 3314 est
1381 3253 1461 3315 xci.
1495 3248 1546 3313 98.
1577 3255 1625 3315 An

305 3357 339 3411 tn
361 3348 453 3423 mibi,
476 3348 527 3410 cui
549 3365 674 3427 semper
695 3346 738 3407 ita
760 3364 945 3427 persuasum
967 3344 1079 3418 tuerit,
1102 3363 1167 3407 non
1186 3348 1324 3420 eventis,
1347 3346 1403 3408 sed
1418 3346 1507 3409 tactis
1522 3346 1627 3408 cuins·

305 3461 367 3526 que
389 3440 548 3505 fortunam
570 3438 753 3523 ponderari,
787 3458 891 3523 neque
919 3439 951 3500 in
983 3437 1106 3501 tabellis
1129 3458 1300 3520 pancorum
1323 3439 1479 3527 iudicum,
1500 3431 1571 3502 'sed
1593 3440 1626 3502 in

307 3535 471 3599 sententiis
494 3534 635 3598 omnium
659 3533 773 3596 cisium
795 3532 908 3595 tamam
931 3539 1070 3595 nostram
1092 3531 1311 3615 fortunamque
1333 3533 1483 3616 pendere,
1507 3528 1561 3619 [te]
1578 3534 1626 3596 in·

267 3628 488 3694 tedemnatum
503 3627 603 3691 videri
618 3635 729 3711 putas,
752 3646 847 3711 quem
868 3626 962 3700 socii,
985 3645 1080 3710 quem
1096 3625 1265 3701 foederati,
1288 3646 1381 3710 quem
1402 3626 1491 3690 liberi
1508 3627 1627 3712 populi,

307 3743 400 3809 quem
423 3723 637 3805 stipendiarii,
666 3743 760 3805 quem
782 3721 1011 3804 negotiatores,
1041 3729 1134 3803 quem
1155 3719 1333 3802 publicani,
1363 3740 1458 3804 quem
1480 3721 1627 3785 universa

307 3818 434 3891 civitas,
457 3838 550 3901 quem
572 3817 686 3899 legati,
709 3835 802 3901 quem
826 3815 944 3878 tribuni
967 3814 1132 3888 militares,
1156 3834 1250 3898 quem
1273 3815 1387 3898 reliqui
1409 3815 1538 3889 milites,
1571 3817 1626 3898 qni

305 3911 438 3984 ferrum,
461 3913 517 3995 qui
538 3912 666 3984 tamem,
690 3912 743 3995 qni
767 3911 909 3974 morbum
931 3911 1124 3992 effugerunt,
1146 3910 1232 3971 omni
1254 3908 1391 3972 cruciatu
1409 3908 1626 3990 dignissimum

307 4008 438 4088 putenti
473 4006 523 4067 cui
547 4025 610 4068 non
632 4004 715 4088 apud
738 4013 895 4079 senatum,
918 4024 982 4065 non
1010 4001 1094 4086 apud
1124 4001 1222 4064 ullum
1252 4003 1411 4076 ordinem,
1443 3998 1519 4086 [non
1541 4002 1624 4086 apud

268 4101 430 4185 coequites
445 4095 625 4182 Romanos]
649 4119 712 4162 nou
736 4100 767 4161 in
791 4100 878 4172 urbe,
901 4117 964 4160 non
988 4097 1019 4159 in
1035 4095 1124 4159 ltalia
1140 4096 1347 4161 maximorum
1363 4096 1517 4160 scelerum
1534 4096 1626 4160 venia

306 4195 371 4258 nlla
400 4192 451 4280 [ad
479 4190 719 4278 ignoscendum]
752 4193 820 4255 dari
850 4193 975 4276 possiti
1013 4190 1067 4275 qni
1099 4211 1133 4253 se
1169 4192 1235 4273 ipse
1267 4190 1386 4264 oderit,
1421 4192 1477 4274 qni
1506 4197 1627 4255 metuat

306 4307 433 4365 omnes,
466 4289 632 4375 quisnam
655 4308 779 4351 cansam
802 4286 920 4350 nemini
942 4285 1137 4348 committere
1160 4283 1292 4358 audeat,
1327 4286 1382 4367 qui
1405 4305 1439 4349 se
1461 4286 1528 4370 ipsc
1550 4305 1627 4350 con·

373 4559 396 4605 4.
414 4556 524 4606 lacerate
534 4558 566 4614 G,
584 4556 689 4606 incercti
706 4557 726 4606 E
743 4583 764 4591 -
786 4558 810 4605 ⁴2.
823 4555 998 4618 cppououicu
1013 4581 1038 4589 -
1056 4552 1182 4614 parthenii
1193 4554 1229 4608 (ῖς
1247 4552 1280 4602 ct.
1294 4553 1361 4603 Fasti
1374 4555 1498 4619 triumph.
1512 4569 1537 4618 p.
1552 4557 1626 4606 Cth

306 4630 349 4680 cd.
367 4632 432 4680 Bait.
451 4632 477 4682 c.
495 4633 594 4682 Asicius
610 4632 653 4681 Cn.
671 4633 691 4693 t.
709 4631 784 4681 Pollio
802 4645 850 4692 pro
869 4631 923 4681 Cos.
942 4643 975 4678 cn
995 4628 1132 4678 Parthineis
1151 4654 1177 4663 -
1202 4628 1326 4678 liuticenses
1342 4630 1374 4678 G:
1398 4629 1530 4679 Ballienses
1545 4632 1626 4681 EFM

306 4707 365 4762 8ος
384 4707 533 4758 Bullidenses
543 4708 625 4758 Ursini
643 4719 674 4756 ex
687 4708 762 4756 Caes.
776 4705 810 4754 de
828 4704 854 4753 h.
868 4706 919 4755 civ.
930 4706 972 4763 ttt,
987 4705 1027 4762 tr,
1046 4701 1092 4751 nbi
1109 4701 1186 4752 codd.
1200 4701 1277 4752 lectio
1294 4703 1429 4753 4444444444
1445 4705 1470 4754 tn
1488 4706 1628 4756 liuticenses

306 4782 459 4844 corrigenda
471 4781 587 4840 videtum
605 4794 662 4830 cum
672 4780 816 4830 Bulensibus
833 4782 873 4829 cst
888 4778 960 4843 apud
972 4777 1034 4829 Ptin.
1049 4779 1105 4827 Nat.
1118 4778 1179 4826 hist.
1193 4779 1234 4836 tV,
1247 4778 1271 4837 3,
1285 4778 1300 4842 S
1312 4779 1369 4827 8.-
1388 4778 1624 4831 asseculante.

307 4882 334 4892 -
354 4857 425 4907 boetii
441 4858 461 4909 C
482 4884 508 4892 -
526 4857 633 4906 ccuroiu
650 4857 722 4905 FGS
735 4882 762 4891 -
782 4855 806 4906 t.
821 4854 955 4917 pcrrbebio
971 4854 1095 4909 EFGM3
1112 4852 1239 4913 per-thebin
1255 4854 1286 4912 S;
1305 4852 1454 4902 Perrhaebia
1470 4854 1529 4902 0-
1549 4855 1627 4904 Atha·

305 4945 455 4992 mcuurrrque
466 4933 504 4981 bl:
524 4931 739 4993 uehementiusque
756 4931 774 4980 E
785 4932 801 4980 F
811 4933 830 4980 G
840 4932 857 4979 s
870 4956 896 4964 -
912 4930 935 4977 6.
955 4930 981 4977 ier
997 4929 1035 4976 tris
1051 4927 1116 4992 (hiis)
1129 4929 1147 4978 Ε
1157 4931 1176 4977 G
1187 4930 1210 4979 bl
1221 4931 1237 4978 S
1249 4953 1275 4964 -
1295 4942 1367 4979 suum
1383 4941 1436 4979 om.
1450 4930 1468 4978 F
1481 4955 1507 4964 —
1526 4930 1551 4980 8.
1570 4944 1627 4981 seu-

303 5007 394 5058 teetiue
410 5007 504 5056 44454
523 5007 656 5055 4444444444
672 5011 695 5055 44
712 5007 801 5064 hur,
820 5004 896 5069 prob.
909 5002 1038 5054 Wesenb.
1052 5005 1096 5066 qui
1114 5004 1146 5054 ad
1160 5005 1304 5054 Sestianam
1318 5018 1343 5068 p.
1357 5005 1388 5053 67
1400 5003 1527 5067 explicat:
1547 5021 1627 5071 epro-

304 5082 391 5147 prlum
409 5079 470 5129 illud
488 5080 626 5141 iudicium,
645 5079 716 5143 quod
734 5081 802 5130 inest
819 5081 842 5129 in
861 5083 905 5128 tua
922 5080 1005 5143 ipsius
1022 5080 1055 5129 de
1075 5082 1100 5129 te
1118 5079 1192 5142 quasi
1210 5079 1372 5129 damnatoria
1390 5081 1527 5138 sententia,
1546 5093 1626 5143 quam

304 5156 524 5222 pronunciavistt,
543 5168 604 5205 cunr
622 5153 724 5204 occulte
741 5153 895 5204 advenisti·
913 5156 1047 5204 sentcntiae
1063 5153 1205 5204 delendum
1224 5156 1316 5204 censet
1332 5154 1451 5212 Ernestir
1469 5160 1492 5203 et
1507 5157 1627 5204 sententio

304 5233 388 5281 domu
407 5231 474 5281 coni.
494 5229 585 5290 0rellt;
609 5242 658 5292 ego
680 5229 813 5279 seuteotiue
832 5230 917 5278 444444.
936 5234 994 5280 tuae
1011 5242 1073 5279 cum
1091 5229 1169 5279 Bakio
1193 5241 1219 5292 p.
1239 5229 1287 5278 343
1305 5232 1333 5278 44
1349 5227 1481 5292 glossema
1499 5228 1533 5278 ad
1549 5228 1623 5279 verb.

304 5306 405 5356 44444444
421 5305 553 5355 adiectum
571 5304 705 5355 tactust-
726 5305 765 5354 43.
778 5305 897 5355 laureati
911 5331 936 5339 -
959 5306 998 5354 444.
1014 5304 1207 5366 prouuuticoisti
1224 5303 1293 5353 Eu:
1309 5304 1442 5366 prouiuciu
1458 5304 1516 5353 uicti
1533 5305 1550 5353 F
1567 5306 1624 5354 eit}

304 5380 361 5444 (scd
380 5382 422 5431 hic
435 5381 570 5442 prouincia
585 5379 669 5443 [444444
684 5380 763 5441 44444);
779 5380 948 5442 pronuntiasti
965 5381 1007 5430 SO
1021 5404 1047 5416 -
1069 5380 1108 5429 46.
1122 5378 1252 5440 triumphis
1268 5378 1286 5426 F
1300 5404 1326 5414 —
1346 5377 1386 5426 47.
1399 5377 1502 5438 aliquod
1517 5379 1585 5427 FMS
1596 5403 1622 5412 -

303 5469 450 5518 4444444444
465 5456 487 5503 44
502 5456 572 5505 Balce
584 5453 729 5505 admodum
747 5454 926 5520 probabiliter.
942 5482 969 5490 —
988 5455 1009 5504 si
1026 5467 1078 5503 om.
1093 5456 1112 5504 C
1128 5481 1154 5490 —-
1172 5454 1214 5502 tt.
1227 5466 1304 5503 ausus
1314 5453 1347 5501 sis
1359 5449 1458 5501 malim
1472 5478 1499 5487 —
1513 5453 1553 5501 43.
1564 5466 1626 5514 poo-

304 5533 389 5581 dercri
406 5532 521 5582 l'sernns
543 5534 570 5581 et
588 5531 734 5581 Manutius:
758 5531 896 5593 ponderari
917 5530 999 5579 dicere
1019 5531 1096 5579 audes
1115 5529 1192 5580 codd.
1217 5554 1244 5564 -
1270 5541 1283 5579 e
1304 5526 1398 5577 todellis
1414 5542 1482 5578 --e
1503 5529 1626 5578 4444444444

305 5605 397 5656 bamb.
412 5631 439 5641 -
457 5605 633 5655 iudtelerrrstls
646 5631 673 5641 -
692 5605 733 5656 tt.
752 5611 775 5656 te
790 5604 921 5669 glossema
939 5617 999 5655 esse
1011 5603 1075 5653 vidit
1091 5604 1223 5653 Garatoni.
1239 5629 1264 5637 -
1284 5602 1324 5653 28.
1342 5601 1457 5652 mutum
1475 5604 1537 5654 EG:
1555 5617 1625 5653 mor-

305 5686 353 5732 tem
369 5683 447 5732 rus
464 5707 491 5717 -
510 5680 658 5745 effugiemut
675 5681 724 5731 EG
743 5708 768 5718 -
788 5682 830 5731 49.
845 5687 933 5744 putent
949 5683 1088 5732 Garatoni:
1104 5680 1195 5743 penu
1212 5681 1260 5731 CO
1277 5705 1303 5715 -
1322 5693 1372 5728 ooo
1389 5678 1457 5740 apud
1473 5690 1498 5727 u.
1512 5677 1623 5728 ordinem

305 5759 365 5820 post
386 5772 435 5806 444
451 5770 476 5807 c.
495 5769 532 5819 eq.
551 5757 594 5806 tto.
613 5754 765 5819 ponendum
782 5759 874 5806 censet
890 5757 1030 5812 Garatoni;
1054 5760 1081 5806 ut
1097 5761 1138 5808 est
1161 5757 1212 5808 hoc
1230 5754 1305 5806 colon
1322 5755 1409 5818 potius
1426 5750 1572 5814 glossema,
1596 5754 1625 5801 ut

306 5843 422 5895 sequens
438 5833 473 5882 cd
487 5832 660 5897 4444444444
677 5856 704 5866 -
726 5832 778 5893 lpse
793 5835 825 5894 P,
849 5836 878 5883 ut
893 5830 976 5885 votuit
991 5832 1106 5886 Ernesti:
1125 5833 1152 5896 ip
1168 5844 1230 5884 cum
1246 5828 1314 5883 lines
1332 5831 1366 5888 (ἢ
1387 5829 1468 5891 ipsum
1484 5825 1542 5877 rell.
1560 5828 1586 5876 et
1603 5827 1623 5875 0

309 5930 335 5944 -
354 5906 763 5976 assuescamus.
