3800 7350
626 1187 702 1267 cl».
724 1201 935 1266 rur-mv.
963 1200 1009 1284 §3
1028 1200 1178 1267 ιιι-ιι.
1470 1237 1473 1242 .
1511 1190 1573 1256 ors

251 1371 424 1435 eastisaima
445 1370 625 1454 putabatur,
648 1371 686 1446 Q.
710 1371 850 1446 Claudia,
872 1373 963 1435 euius
985 1374 1117 1456 priscam
1139 1373 1225 1437 illam
1247 1372 1444 1437 severitatem
1467 1366 1574 1453 [saen-

249 1460 327 1547 serr]
350 1464 481 1529 mirifice
503 1471 557 1526 tua
579 1484 670 1527 soror
686 1467 885 1529 existimatur
900 1467 1031 1529 imitata.
1061 1467 1148 1530 Nihil
1170 1475 1201 1530 te
1214 1468 1309 1549 igilur
1322 1486 1426 1549 neque
1441 1466 1574 1527 maiores
1669 1473 1671 1479 '

250 1558 311 1632 tal,
339 1560 499 1622 coniuncti
521 1579 592 1620 cum
614 1559 664 1621 lais
687 1560 907 1642 religionibus,
939 1582 1043 1643 neque
1066 1561 1275 1624 sacerdotium
1299 1562 1417 1644 ipsum,
1439 1580 1504 1643 quo
1527 1568 1575 1621 est

248 1651 329 1715 llaec
345 1658 417 1715 tota
438 1653 549 1735 religio
571 1654 761 1727 constituta,
784 1675 888 1736 neque
911 1656 1028 1718 curulis
1051 1654 1214 1727 aedilitas,
1237 1673 1319 1737 quae
1341 1655 1476 1716 maxime
1493 1652 1575 1714 hanc

249 1746 333 1808 tueri
353 1746 542 1829 religionem
564 1747 666 1820 solet,
689 1748 860 1829 permovit,
884 1769 948 1831 quo
972 1749 1075 1811 minus
1097 1748 1290 1810 castissimos
1312 1747 1405 1809 ludos
1420 1748 1506 1809 omni
1521 1749 1599 1808 lla-s

248 1839 328 1921 gilio
357 1840 535 1922 pollueres,
563 1839 719 1902 dedecore
748 1842 938 1913 maculares,
968 1841 1089 1904 scelere
1117 1840 1296 1922 obligares‘l
1340 1838 1391 1902 BB.
1414 1840 1477 1903 Sed
1498 1840 1575 1924 quid

248 1951 309 2015 ego
328 1931 361 1995 id
382 1932 544 1998 admiror?
573 1936 628 2017 qui
651 1942 780 2016 accepta
802 1937 937 2017 pecunia
959 1938 1179 1999 Pessinuntem
1201 1936 1320 2018 ipsum,
1344 1935 1453 1998 sedem
1476 1934 1576 1996 domi·

248 2026 421 2111 cilirrmque
440 2029 551 2092 Matris
572 2030 720 2102 deorum,
743 2030 875 2092 vastaris
898 2038 929 2091 et
950 2031 1114 2111 Brogitaro
1134 2028 1357 2111 Gallograeeo,
1380 2030 1503 2112 impuro
1520 2028 1576 2089 ho·

248 2120 326 2184 mini
354 2139 391 2183 rc
416 2121 555 2196 nolano,
583 2124 675 2186 cuius
703 2123 797 2204 legati
830 2132 860 2185 te
882 2124 1008 2187 tribuno
1028 2122 1174 2186 dividere
1196 2123 1230 2183 in
1252 2122 1330 2184 aede
1353 2122 1491 2185 Castoris
1512 2122 1574 2183 uris

248 2215 354 2297 operis
375 2236 522 2279 nummos
543 2216 707 2290 solebant,
742 2224 840 2279 totum
864 2217 954 2279 illum
977 2218 1081 2279 locum
1102 2216 1274 2299 fanumque
1294 2215 1495 2278 vendideris?
1524 2231 1612 2276 sa-so

248 2306 410 2374 oardotear
431 2310 471 2373 ab
493 2310 571 2392 ipsis
594 2312 657 2394 aris
679 2310 960 2393 pulvinaribusque
981 2310 1180 2372 detraxeris?
1202 2309 1309 2370 omnia
1330 2309 1399 2381 ille,
1423 2327 1505 2391 qaae
1522 2328 1576 2370 ve-

247 2408 365 2477 tustas,
387 2421 469 2487 quae
487 2404 628 2477 Persae,
648 2423 734 2486 quae
750 2404 841 2487 Syri,
865 2423 947 2487 quae
960 2424 1053 2486 reges
1068 2423 1190 2476 omnes,
1211 2404 1267 2485 qui
1282 2403 1441 2483 Burnpem
1456 2402 1576 2463 asiam-

248 2517 313 2581 que
339 2503 527 2571 nummus,
557 2518 682 2580 semper
711 2516 833 2559 summa
860 2497 1015 2579 religione
1043 2497 1226 2570 coluerunt,
1253 2495 1464 2577 perverterint
1493 2514 1575 2577 quae

247 2590 389 2674 deniqne
415 2592 515 2653 nostn·
546 2592 682 2654 maiores
705 2600 768 2654 tam
790 2598 898 2653 saneta
921 2591 1095 2664 duxerunt,
1125 2597 1176 2663 ut,
1207 2609 1277 2652 cum
1297 2589 1445 2652 oelertain
1466 2589 1574 2650 urbem

248 2694 346 2767 atque
363 2683 490 2747 ’ltaliam
512 2683 660 2748 lanarum
683 2684 889 2756 haberemus,
913 2692 1018 2746 tamen
1036 2683 1141 2746 nostri
1162 2684 1369 2765 imperatores
1385 2682 1529 2746 marianis
1544 2689 1613 2745 etio

249 2777 526 2860 „mominis
546 2779 640 2842 bellis
663 2780 737 2842 huie
758 2778 837 2841 deae
859 2786 932 2839 vota
958 2776 1099 2840 lacerat
1117 2796 1219 2859 eaque
1242 2776 1367 2859 inipso
1385 2777 1576 2839 vPessinunte

248 2870 288 2933 all
316 2870 403 2935 lllam
431 2873 533 2956 ipsam
564 2874 737 2957 principem
767 2892 853 2934 aram
882 2878 916 2933 et
943 2873 976 2933 in
1004 2871 1059 2934 illo
1090 2872 1158 2934 loco
1188 2870 1326 2954 fanoque
1350 2870 1574 2954 persolverent.

249 2961 300 3027 Bt).
317 2964 418 3041 Quod
441 2986 512 3029 eam
534 2967 700 3030 Deiotarus
722 2966 876 3048 religione
898 2984 956 3028 sua
978 2965 1152 3027 castissime
1174 2972 1332 3040 muetar,
1357 2983 1457 3049 quem
1477 2984 1575 3027 unum

249 3058 403 3124 Nemas
424 3060 459 3123 in
470 3062 551 3124 orbe
573 3068 726 3123 terranrm
739 3059 958 3124 fidelissimum
972 3058 1048 3121 huie
1068 3060 1203 3143 imperio
1218 3066 1313 3142 atque
1327 3060 1575 3124 manuninum

248 3154 348 3215 nosui
378 3154 533 3229 mian,
567 3155 749 3237 Brogitaro,
779 3160 815 3215 ut
843 3162 916 3216 ante
941 3152 1028 3227 dixi,
1059 3152 1222 3216 addietum
1242 3153 1385 3235 pecnnia
1408 3152 1613 3216 tradidistiao

249 3246 353 3329 dtrpre
372 3248 466 3311 »laune
493 3256 603 3312 tamen
630 3248 831 3321 Deiotarum,
859 3265 957 3329 saepe
986 3266 1005 3309 a
1031 3254 1143 3310 senatu
1171 3246 1269 3328 regali
1294 3247 1423 3310 mirae
1444 3247 1574 3328 Quum

249 3340 481 3416 emunt-n,
507 3342 757 3405 clarissimorum
787 3343 1010 3423 imperatorum
1031 3340 1221 3403 testimoniis
1240 3347 1403 3414 orntum,
1425 3348 1460 3402 lu
1482 3342 1575 3403 etiam

247 3451 354 3515 regem
375 3436 530 3517 appellari
551 3456 625 3498 cum
648 3436 812 3517 Brogitaro
833 3435 934 3497 iubes.
971 3433 1034 3496 Sed
1050 3434 1136 3496 alter
1156 3442 1205 3497 est
1224 3453 1283 3495 rex
1303 3434 1424 3498 indicio
1439 3444 1575 3497 senatus

247 3545 305 3609 per
332 3547 409 3601 noa,
438 3529 572 3611 pecunia
600 3530 783 3610 Brogitarus
812 3551 869 3612 per
888 3536 921 3590 te
942 3527 1137 3610 appellatus:
1166 3528 1299 3590 alterum
1321 3528 1438 3610 parabo
1459 3549 1575 3611 regem,

248 3620 643 3698 armoricanum
666 3623 785 3698 solvat,
812 3622 897 3706 quod
921 3622 949 3685 ei
972 3641 1029 3706 per
1048 3621 1261 3706 syngrapham
1280 3620 1453 3684 credidisti.
1497 3625 1612 3686 Names

247 3734 320 3778 cum
338 3716 439 3780 nulla
459 3719 548 3800 regia
567 3726 643 3780 sunt
664 3719 696 3780 in
715 3719 883 3790 Deiotaro,
905 3725 973 3779 tom
995 3715 1049 3778 illa
1064 3717 1210 3789 maxime,
1232 3715 1319 3799 quod
1341 3715 1398 3778 tihi
1413 3735 1574 3779 nummum

246 3808 373 3874 nnllam
391 3810 497 3884 dedit,
519 3811 607 3894 quod
629 3830 699 3875 eam
721 3820 842 3895 partem
864 3811 942 3893 legis
965 3819 1048 3884 tuae,
1067 3829 1150 3894 quae
1164 3810 1440 3892 wegruebetoum
1456 3809 1573 3871 iudicio

247 3910 395 3979 ιοιιιίιιις
417 3912 453 3967 ut
474 3905 543 3987 ipse
565 3925 622 3968 rex
645 3913 744 3979 esset,
767 3925 831 3968 non
854 3905 1041 3988 repudiavit,
1063 3903 1151 3986 quod
1166 3904 1387 3967 Pessinuntem
1401 3923 1458 3984 per
1471 3904 1574 3967 scolam

244 4018 266 4061 a
284 4005 319 4062 te
336 3998 490 4062 violatum
511 4006 545 4061 et
565 3997 728 4062 sacerdote
751 3998 912 4081 sacrisque
933 3998 1100 4080 spoliatum
1116 3999 1323 4079 recuperavit,
1337 4005 1378 4059 'ut
1391 3999 1425 4059 in
1440 3997 1574 4078 pristina

245 4093 402 4176 religione
424 4101 580 4165 servaret,
602 4094 689 4175 quod
710 4092 918 4154 caerimonias
940 4091 980 4153 ab
1003 4092 1088 4154 orani
1112 4099 1267 4155 vetustate
1289 4099 1434 4172 acceptes
1456 4111 1474 4153 a
1496 4094 1611 4157 Bru-ao

245 4187 347 4270 gitaro
367 4185 469 4268 pollrri
489 4206 553 4248 non
576 4186 652 4248 sinit
674 4185 855 4266 mavultque
876 4203 1027 4266 generum
1050 4205 1141 4248 suum
1163 4205 1292 4247 munere
1313 4192 1367 4248 tuo
1382 4204 1477 4267 quam
1491 4185 1571 4246 illud

245 4281 354 4345 huam
372 4279 563 4362 antiquitate
584 4279 746 4360 religionis
769 4297 886 4339 carere.
916 4278 980 4339 Sed
1001 4285 1037 4340 ut
1057 4278 1097 4340 ad
1110 4278 1190 4341 haec
1203 4278 1405 4360 haruspicum
1417 4298 1571 4360 responsa

246 4375 392 4448 redeam,
412 4392 455 4436 ex
476 4371 592 4454 quihus
615 4381 664 4434 est
685 4371 821 4453 primum
844 4370 884 4432 de
906 4370 1000 4444 ludis,
1023 4372 1095 4454 quis
1118 4378 1175 4446 est,
1197 4371 1252 4455 qui
1274 4371 1306 4433 id
1329 4392 1394 4435 nou
1414 4380 1514 4435 totum
1537 4373 1570 4433 in

244 4466 339 4531 istius
360 4465 455 4529 ludos
476 4465 672 4547 praedictum
695 4472 728 4528 et
748 4484 937 4547 responsum
959 4484 1030 4527 esse
1050 4463 1209 4528 fateatur?

327 4560 414 4627 xlv.
429 4555 480 4620 30.
499 4558 652 4644 Sequitur
674 4557 714 4620 de
735 4558 814 4621 locis
837 4558 933 4622 sacris
956 4558 1122 4641 religiosis.
1157 4559 1183 4622 0
1200 4558 1427 4643 impudentiam
1439 4559 1607 4626 'miramlee

246 4655 287 4718 de
307 4675 386 4720 mee
414 4654 508 4716 domo
538 4651 643 4716 dicere
670 4652 791 4716 audes?
825 4650 993 4716 Committe
1021 4652 1072 4715 vel
1099 4652 1280 4717 consulibus
1303 4653 1353 4716 vel
1374 4655 1498 4715 senatui
1522 4652 1569 4715 vel

246 4747 382 4832 collegio
409 4743 597 4830 pontificum
624 4755 720 4810 tuam.
759 4748 805 4809 Ac
832 4766 903 4810 mea
923 4746 1051 4829 quidem
1071 4745 1123 4810 his
1144 4747 1243 4810 trihus
1266 4747 1412 4810 omnibus
1434 4746 1569 4818 indiciis,

245 4848 281 4904 ut
302 4840 372 4906 uixi
391 4849 503 4916 antea,
533 4840 667 4904 liherata
687 4849 745 4905 est
778 4842 818 4903 at
838 4842 871 4904 in
892 4841 930 4903 iis
951 4840 1100 4916 aedibus,
1131 4861 1210 4925 quas
1233 4848 1266 4904 tu
1289 4841 1327 4917 Q.
1351 4841 1440 4916 Seio,
1463 4841 1568 4925 equite

310 5150 336 5200 l.
352 5146 395 5215 0.]
413 5148 515 5212 wareto
531 5152 574 5210 Ρη
592 5151 682 5211 quinto
696 5148 756 5201 ΡΘ
768 5177 795 5186 -
814 5150 931 5214 semaei
948 5148 1092 5200 delendum
1104 5149 1207 5199 censult
1217 5149 1362 5199 Ernestius.
1378 5172 1404 5183 -
1424 5151 1449 5200 ἰ.
1462 5151 1569 5213 mirifica

244 5220 549 5288 C-B.la'r]ler-
569 5226 851 5287 apnnsoaeow-
870 5227 895 5276 e.
914 5224 1120 5276 deeoreP-8.
1139 5224 1304 5288 etledP¹-
1323 5225 1569 5286 amotoque--

241 5310 358 5350 mm
371 5296 482 5350 sotum:
497 5310 551 5348 om.
569 5299 595 5349 sl
613 5324 641 5334 -
660 5299 735 5362 legati
751 5304 775 5349 te
790 5298 1566 5364 reemenda-to.racereos5(e·mmsum)1³-

243 5374 285 5424 tl.
303 5372 389 5424 maria
404 5372 440 5424 C:
459 5372 582 5422 mineo
601 5399 628 5408 -
650 5375 689 5423 lt.
709 5374 768 5434 spu
785 5376 819 5424 G:
839 5376 893 5424 suri
908 5377 942 5433 P;
960 5376 1041 5425 securi
1058 5375 1112 5427 EM
1129 5400 1156 5410 —
1176 5377 1259 5425 osium
1275 5388 1443 5438 ιιινοραιιιᾳιι
1460 5377 1494 5433 G3
1514 5377 1569 5423 oric

242 5447 422 5514 aaronem
440 5473 464 5484 -
487 5449 528 5498 lt.
544 5448 744 5509 momente
763 5475 789 5484 -
808 5447 850 5499 sl.
866 5463 913 5511 per
929 5463 975 5500 nos
990 5462 1044 5499 om.
1063 5450 1112 5498 GE
1131 5476 1158 5485 -
1183 5452 1234 5500 aut
1250 5453 1310 5500 ante
1327 5463 1353 5499 v.
1371 5450 1479 5499 dremne
1495 5450 1570 5511 (Bro-

242 5521 364 5585 gramm]
382 5521 516 5586 quaedem
533 5521 567 5574 de
584 5523 707 5573 Deiotaro
724 5524 894 5586 exciderunt,
912 5525 958 5574 aut
971 5538 1010 5574 rr.
1020 5525 1128 5589 moenio
1145 5525 1174 5575 B.
1190 5539 1237 5587 per
1253 5529 1276 5575 te
1292 5536 1354 5575 cunr
1365 5524 1503 5574 Schuetzio
1520 5524 1570 5573 de·

242 5592 404 5648 laudarent.
419 5621 446 5632 -
462 5598 505 5648 ιδ.
525 5597 558 5659 ιι]
574 5597 584 5646 l
600 5597 626 5647 in
642 5611 735 5648 rasura
752 5598 835 5650 habet
849 5602 869 5651 P
884 5627 910 5637 -
929 5599 1094 5664 depravatam
1109 5601 1159 5650 PG
1172 5625 1198 5634 -
1217 5600 1259 5649 26.
1276 5599 1318 5649 tile
1333 5599 1384 5648 GE
1397 5625 1425 5634 -
1442 5599 1484 5647 27.
1502 5598 1569 5662 lepis]

242 5670 373 5734 riores
391 5696 419 5707 -
437 5670 479 5721 31.
497 5672 640 5735 munitque
656 5675 744 5724 PG-
765 5673 806 5724 (Ὦ,
824 5674 1047 5736 atropium·-
1067 5672 1107 5723 Bt.
1124 5674 1203 5736 ιἰϋιιι]
1220 5679 1242 5723 at
1258 5673 1285 5724 in
1301 5684 1393 5722 rasura
1410 5672 1568 5724 liabetl’-

242 5743 284 5795 Bt.
300 5744 487 5811 reltptorlratmo
502 5748 682 5810 tnpudeottom
698 5749 748 5799 GE
767 5774 794 5785 -
814 5749 854 5799 ³7.
874 5755 953 5799 tumn.
970 5749 1014 5811 Ac]
1031 5754 1085 5799 tran
1101 5762 1131 5799 oe
1148 5750 1198 5799 GE
1213 5777 1240 5786 -
1258 5749 1347 5798 arms
1362 5750 1433 5798 1³¹-
1452 5745 1492 5796 38.
1511 5746 1572 5794 libe-

242 5824 314 5880 rant
325 5856 361 5886 m
377 5821 453 5872 metr
469 5822 571 5874 mittas
585 5825 636 5888 (ost
653 5826 726 5875 extra
743 5835 853 5875 versum
870 5837 925 5875 see.
937 5837 987 5883 ιιι,
1005 5824 1085 5875 etiam
1097 5837 1114 5873 a
1126 5836 1195 5887 quae
1207 5824 1336 5888 sequitur)
1348 5825 1381 5882 Ρ;
1398 5821 1572 5871 libertortarins'

242 5892 1174 5962 aalma3ttmtottntrosdequ-o.]oesnnrt;qsntor¹.
