<?xml version="1.0" encoding="UTF-8"?>
<!DOCTYPE html PUBLIC "-//W3C//DTD XHTML 1.0 Transitional//EN"
    "http://www.w3.org/TR/xhtml1/DTD/xhtml1-transitional.dtd">
<html xmlns="http://www.w3.org/1999/xhtml" xml:lang="en" lang="en">
 <head>
  <title>
</title>
<meta http-equiv="Content-Type" content="text/html;charset=utf-8" />
  <meta name='ocr-system' content='tesseract 3.04.00' />
  <meta name='ocr-capabilities' content='ocr_page ocr_carea ocr_par ocr_line ocrx_word'/>
</head>
<body>
  <div class='ocr_page' id='page_1' title='image "./operaquaesupers08halmgoog/operaquaesupers08halmgoog_0095.png"; bbox 0 0 3800 7350; ppageno 0'>
   <div class='ocr_carea' id='block_1_1' title="bbox 606 1174 1575 1265">
    <p class='ocr_par' dir='ltr' id='par_1_1' title="bbox 606 1174 1575 1265">
     <span class='ocr_line' id='line_1_1' title="bbox 606 1174 1575 1265; baseline -0.008 -18"><span class='ocrx_word' id='word_1_1' title='bbox 606 1182 680 1247; x_wconf 74' lang='lat' dir='ltr'>cn.</span> <span class='ocrx_word' id='word_1_2' title='bbox 701 1182 977 1247; x_wconf 86' lang='lat' dir='ltr'>xxv-xxvn.</span> <span class='ocrx_word' id='word_1_3' title='bbox 1003 1180 1050 1265; x_wconf 72' lang='lat' dir='ltr'>§s</span> <span class='ocrx_word' id='word_1_4' title='bbox 1072 1179 1219 1246; x_wconf 79' lang='lat' dir='ltr'>ae-cs.</span> <span class='ocrx_word' id='word_1_5' title='bbox 1514 1174 1575 1241; x_wconf 78' lang='lat' dir='ltr'>arn</span> 
     </span>
    </p>
   </div>
   <div class='ocr_carea' id='block_1_2' title="bbox 251 1348 1703 4817">
    <p class='ocr_par' dir='ltr' id='par_1_2' title="bbox 254 1348 1577 1529">
     <span class='ocr_line' id='line_1_2' title="bbox 254 1348 1577 1437; baseline 0.001 -22"><span class='ocrx_word' id='word_1_6' title='bbox 254 1352 370 1436; x_wconf 86' lang='lat' dir='ltr'>seipsi</span> <span class='ocrx_word' id='word_1_7' title='bbox 393 1352 583 1435; x_wconf 80' lang='lat' dir='ltr'>expendant,</span> <span class='ocrx_word' id='word_1_8' title='bbox 605 1359 671 1415; x_wconf 91' lang='lat' dir='ltr'>tum</span> <span class='ocrx_word' id='word_1_9' title='bbox 694 1372 763 1415; x_wconf 91' lang='lat' dir='ltr'>cum</span> <span class='ocrx_word' id='word_1_10' title='bbox 785 1352 836 1415; x_wconf 87' lang='lat' dir='ltr'>hie</span> <span class='ocrx_word' id='word_1_11' title='bbox 853 1348 910 1435; x_wconf 85' lang='lat' dir='ltr'>[se]</span> <span class='ocrx_word' id='word_1_12' title='bbox 927 1360 1118 1436; x_wconf 82' lang='lat' dir='ltr'>comparent,</span> <span class='ocrx_word' id='word_1_13' title='bbox 1141 1360 1216 1427; x_wconf 91' lang='lat' dir='ltr'>tum,</span> <span class='ocrx_word' id='word_1_14' title='bbox 1238 1353 1265 1416; x_wconf 92' lang='lat' dir='ltr'>si</span> <span class='ocrx_word' id='word_1_15' title='bbox 1280 1350 1453 1427; x_wconf 90' lang='lat' dir='ltr'>audebunt,</span> <span class='ocrx_word' id='word_1_16' title='bbox 1475 1352 1577 1437; x_wconf 92' lang='lat' dir='ltr'>digni-</span> 
     </span>
     <span class='ocr_line' id='line_1_3' title="bbox 255 1443 784 1529; baseline 0.004 -22"><span class='ocrx_word' id='word_1_17' title='bbox 255 1444 310 1508; x_wconf 86' lang='lat' dir='ltr'>tati</span> <span class='ocrx_word' id='word_1_18' title='bbox 332 1443 447 1507; x_wconf 85' lang='lat' dir='ltr'>horum</span> <span class='ocrx_word' id='word_1_19' title='bbox 469 1454 664 1529; x_wconf 78' lang='lat' dir='ltr'>anteponant</span> <span class='ocrx_word' id='word_1_20' title='bbox 686 1467 784 1509; x_wconf 91' lang='lat' dir='ltr'>suam.</span> 
     </span>
    </p>

    <p class='ocr_par' dir='ltr' id='par_1_3' title="bbox 251 1535 1627 3407">
     <span class='ocr_line' id='line_1_4' title="bbox 337 1535 1578 1627; baseline 0.005 -26"><span class='ocrx_word' id='word_1_21' title='bbox 337 1535 389 1601; x_wconf 77' lang='grc'>62.</span> <span class='ocrx_word' id='word_1_22' title='bbox 410 1538 534 1602; x_wconf 79' lang='lat' dir='ltr'>Adsunt</span> <span class='ocrx_word' id='word_1_23' title='bbox 553 1539 779 1615; x_wconf 80' lang='lat' dir='ltr'>Athenienses,</span> <span class='ocrx_word' id='word_1_24' title='bbox 801 1541 886 1605; x_wconf 90' lang='lat' dir='ltr'>unde</span> <span class='ocrx_word' id='word_1_25' title='bbox 909 1542 1105 1615; x_wconf 92' lang='lat' dir='ltr'>humanitas,</span> <span class='ocrx_word' id='word_1_26' title='bbox 1131 1541 1289 1615; x_wconf 91' lang='lat' dir='ltr'>doctrina,</span> <span class='ocrx_word' id='word_1_27' title='bbox 1310 1542 1440 1626; x_wconf 92' lang='lat' dir='ltr'>religio,</span> <span class='ocrx_word' id='word_1_28' title='bbox 1461 1544 1578 1627; x_wconf 83' lang='lat' dir='ltr'>fruges,</span> 
     </span>
     <span class='ocr_line' id='line_1_5' title="bbox 251 1633 1578 1720; baseline 0.001 -22"><span class='ocrx_word' id='word_1_29' title='bbox 251 1636 339 1709; x_wconf 88' lang='lat' dir='ltr'>iera,</span> <span class='ocrx_word' id='word_1_30' title='bbox 360 1633 448 1717; x_wconf 88' lang='lat' dir='ltr'>leges</span> <span class='ocrx_word' id='word_1_31' title='bbox 469 1642 556 1698; x_wconf 89' lang='lat' dir='ltr'>ortae</span> <span class='ocrx_word' id='word_1_32' title='bbox 577 1642 672 1718; x_wconf 90' lang='lat' dir='ltr'>atque</span> <span class='ocrx_word' id='word_1_33' title='bbox 695 1636 726 1698; x_wconf 94' lang='lat' dir='ltr'>in</span> <span class='ocrx_word' id='word_1_34' title='bbox 750 1656 859 1699; x_wconf 91' lang='lat' dir='ltr'>omnes</span> <span class='ocrx_word' id='word_1_35' title='bbox 881 1643 981 1698; x_wconf 89' lang='lat' dir='ltr'>terras</span> <span class='ocrx_word' id='word_1_36' title='bbox 997 1636 1182 1699; x_wconf 81' lang='lat' dir='ltr'>distributae</span> <span class='ocrx_word' id='word_1_37' title='bbox 1198 1642 1364 1717; x_wconf 89' lang='lat' dir='ltr'>putantur:</span> <span class='ocrx_word' id='word_1_38' title='bbox 1387 1635 1427 1698; x_wconf 91' lang='lat' dir='ltr'>de</span> <span class='ocrx_word' id='word_1_39' title='bbox 1442 1657 1578 1720; x_wconf 88' lang='lat' dir='ltr'>quorum</span> 
     </span>
     <span class='ocr_line' id='line_1_6' title="bbox 251 1728 1603 1812; baseline 0.001 -21"><span class='ocrx_word' id='word_1_40' title='bbox 251 1728 340 1791; x_wconf 84' lang='lat' dir='ltr'>urhis</span> <span class='ocrx_word' id='word_1_41' title='bbox 362 1730 565 1812; x_wconf 83' lang='lat' dir='ltr'>possessione</span> <span class='ocrx_word' id='word_1_42' title='bbox 580 1738 710 1812; x_wconf 87' lang='lat' dir='ltr'>propter</span> <span class='ocrx_word' id='word_1_43' title='bbox 724 1730 991 1811; x_wconf 90' lang='lat' dir='ltr'>pulchritudinem</span> <span class='ocrx_word' id='word_1_44' title='bbox 1007 1731 1101 1792; x_wconf 90' lang='lat' dir='ltr'>etiam</span> <span class='ocrx_word' id='word_1_45' title='bbox 1117 1729 1200 1791; x_wconf 89' lang='lat' dir='ltr'>inter</span> <span class='ocrx_word' id='word_1_46' title='bbox 1215 1729 1293 1792; x_wconf 91' lang='lat' dir='ltr'>deos</span> <span class='ocrx_word' id='word_1_47' title='bbox 1307 1738 1466 1793; x_wconf 87' lang='lat' dir='ltr'>certamen</span> <span class='ocrx_word' id='word_1_48' title='bbox 1480 1731 1603 1795; x_wconf 82' lang='lat' dir='ltr'>luisses</span> 
     </span>
     <span class='ocr_line' id='line_1_7' title="bbox 251 1821 1580 1906; baseline 0 -20"><span class='ocrx_word' id='word_1_49' title='bbox 251 1821 413 1905; x_wconf 89' lang='lat' dir='ltr'>preditum</span> <span class='ocrx_word' id='word_1_50' title='bbox 435 1829 500 1884; x_wconf 91' lang='lat' dir='ltr'>est:</span> <span class='ocrx_word' id='word_1_51' title='bbox 523 1842 605 1905; x_wconf 90' lang='lat' dir='ltr'>quae</span> <span class='ocrx_word' id='word_1_52' title='bbox 627 1831 783 1885; x_wconf 85' lang='lat' dir='ltr'>vetustate</span> <span class='ocrx_word' id='word_1_53' title='bbox 806 1842 843 1885; x_wconf 90' lang='lat' dir='ltr'>ea</span> <span class='ocrx_word' id='word_1_54' title='bbox 866 1831 929 1897; x_wconf 89' lang='lat' dir='ltr'>est,</span> <span class='ocrx_word' id='word_1_55' title='bbox 952 1831 988 1885; x_wconf 92' lang='lat' dir='ltr'>ut</span> <span class='ocrx_word' id='word_1_56' title='bbox 1009 1823 1079 1905; x_wconf 92' lang='lat' dir='ltr'>ipsa</span> <span class='ocrx_word' id='word_1_57' title='bbox 1101 1843 1141 1885; x_wconf 87' lang='lat' dir='ltr'>ex</span> <span class='ocrx_word' id='word_1_58' title='bbox 1158 1843 1228 1885; x_wconf 85' lang='lat' dir='ltr'>sese</span> <span class='ocrx_word' id='word_1_59' title='bbox 1243 1843 1316 1885; x_wconf 86' lang='lat' dir='ltr'>suos</span> <span class='ocrx_word' id='word_1_60' title='bbox 1332 1824 1417 1886; x_wconf 86' lang='lat' dir='ltr'>cives</span> <span class='ocrx_word' id='word_1_61' title='bbox 1432 1827 1580 1906; x_wconf 82' lang='lat' dir='ltr'>genuisse</span> 
     </span>
     <span class='ocr_line' id='line_1_8' title="bbox 252 1914 1580 1999; baseline 0.001 -21"><span class='ocrx_word' id='word_1_62' title='bbox 252 1915 377 1979; x_wconf 80' lang='lat' dir='ltr'>dicetur</span> <span class='ocrx_word' id='word_1_63' title='bbox 398 1923 429 1978; x_wconf 91' lang='lat' dir='ltr'>et</span> <span class='ocrx_word' id='word_1_64' title='bbox 451 1936 559 1979; x_wconf 92' lang='lat' dir='ltr'>eorum</span> <span class='ocrx_word' id='word_1_65' title='bbox 582 1917 692 1990; x_wconf 90' lang='lat' dir='ltr'>eadem</span> <span class='ocrx_word' id='word_1_66' title='bbox 715 1926 797 1978; x_wconf 90' lang='lat' dir='ltr'>terra</span> <span class='ocrx_word' id='word_1_67' title='bbox 821 1937 951 1999; x_wconf 91' lang='lat' dir='ltr'>parens,</span> <span class='ocrx_word' id='word_1_68' title='bbox 974 1917 1086 1989; x_wconf 86' lang='lat' dir='ltr'>altrix,</span> <span class='ocrx_word' id='word_1_69' title='bbox 1110 1918 1212 1999; x_wconf 90' lang='lat' dir='ltr'>patria</span> <span class='ocrx_word' id='word_1_70' title='bbox 1231 1914 1371 1991; x_wconf 91' lang='lat' dir='ltr'>dicatur,</span> <span class='ocrx_word' id='word_1_71' title='bbox 1393 1921 1580 1982; x_wconf 86' lang='lat' dir='ltr'>auctoritate</span> 
     </span>
     <span class='ocr_line' id='line_1_9' title="bbox 253 2010 1581 2093; baseline 0.001 -21"><span class='ocrx_word' id='word_1_72' title='bbox 253 2016 360 2073; x_wconf 90' lang='lat' dir='ltr'>autern</span> <span class='ocrx_word' id='word_1_73' title='bbox 390 2017 477 2073; x_wconf 88' lang='lat' dir='ltr'>lanta</span> <span class='ocrx_word' id='word_1_74' title='bbox 505 2017 569 2082; x_wconf 88' lang='lat' dir='ltr'>est,</span> <span class='ocrx_word' id='word_1_75' title='bbox 599 2019 634 2072; x_wconf 86' lang='lat' dir='ltr'>ut</span> <span class='ocrx_word' id='word_1_76' title='bbox 655 2010 719 2072; x_wconf 92' lang='lat' dir='ltr'>iam</span> <span class='ocrx_word' id='word_1_77' title='bbox 742 2010 873 2073; x_wconf 79' lang='lat' dir='ltr'>fractum</span> <span class='ocrx_word' id='word_1_78' title='bbox 895 2030 993 2093; x_wconf 90' lang='lat' dir='ltr'>prope</span> <span class='ocrx_word' id='word_1_79' title='bbox 1015 2030 1051 2072; x_wconf 93' lang='lat' dir='ltr'>ac</span> <span class='ocrx_word' id='word_1_80' title='bbox 1073 2011 1272 2076; x_wconf 90' lang='lat' dir='ltr'>debilitatum</span> <span class='ocrx_word' id='word_1_81' title='bbox 1294 2010 1443 2074; x_wconf 84' lang='lat' dir='ltr'>Graeciae</span> <span class='ocrx_word' id='word_1_82' title='bbox 1464 2031 1581 2074; x_wconf 92' lang='lat' dir='ltr'>nornen</span> 
     </span>
     <span class='ocr_line' id='line_1_10' title="bbox 253 2101 1582 2189; baseline 0.002 -24"><span class='ocrx_word' id='word_1_83' title='bbox 253 2102 348 2166; x_wconf 90' lang='lat' dir='ltr'>buius</span> <span class='ocrx_word' id='word_1_84' title='bbox 369 2103 458 2165; x_wconf 88' lang='lat' dir='ltr'>urbis</span> <span class='ocrx_word' id='word_1_85' title='bbox 480 2102 574 2167; x_wconf 90' lang='lat' dir='ltr'>laude</span> <span class='ocrx_word' id='word_1_86' title='bbox 597 2105 725 2166; x_wconf 90' lang='lat' dir='ltr'>nitatur.</span> <span class='ocrx_word' id='word_1_87' title='bbox 768 2101 819 2165; x_wconf 90' lang='grc'>63.</span> <span class='ocrx_word' id='word_1_88' title='bbox 835 2105 961 2166; x_wconf 81' lang='lat' dir='ltr'>Adsunt</span> <span class='ocrx_word' id='word_1_89' title='bbox 976 2103 1233 2177; x_wconf 84' lang='lat' dir='ltr'>Lacedaemonii,</span> <span class='ocrx_word' id='word_1_90' title='bbox 1256 2105 1348 2166; x_wconf 90' lang='lat' dir='ltr'>cuius</span> <span class='ocrx_word' id='word_1_91' title='bbox 1363 2107 1497 2168; x_wconf 90' lang='lat' dir='ltr'>civitatis</span> <span class='ocrx_word' id='word_1_92' title='bbox 1512 2126 1582 2189; x_wconf 91' lang='lat' dir='ltr'>spe-</span> 
     </span>
     <span class='ocr_line' id='line_1_11' title="bbox 254 2196 1620 2270; baseline 0.003 -12"><span class='ocrx_word' id='word_1_93' title='bbox 254 2202 338 2259; x_wconf 88' lang='lat' dir='ltr'>ctata</span> <span class='ocrx_word' id='word_1_94' title='bbox 367 2215 404 2259; x_wconf 90' lang='lat' dir='ltr'>ac</span> <span class='ocrx_word' id='word_1_95' title='bbox 432 2196 598 2259; x_wconf 91' lang='lat' dir='ltr'>nobilitata</span> <span class='ocrx_word' id='word_1_96' title='bbox 627 2198 727 2260; x_wconf 88' lang='lat' dir='ltr'>virtus</span> <span class='ocrx_word' id='word_1_97' title='bbox 755 2219 818 2261; x_wconf 90' lang='lat' dir='ltr'>non</span> <span class='ocrx_word' id='word_1_98' title='bbox 849 2199 953 2260; x_wconf 88' lang='lat' dir='ltr'>solum</span> <span class='ocrx_word' id='word_1_99' title='bbox 976 2206 1087 2259; x_wconf 91' lang='lat' dir='ltr'>natura</span> <span class='ocrx_word' id='word_1_100' title='bbox 1110 2198 1328 2270; x_wconf 91' lang='lat' dir='ltr'>corroborata,</span> <span class='ocrx_word' id='word_1_101' title='bbox 1357 2217 1466 2260; x_wconf 86' lang='lat' dir='ltr'>rerum</span> <span class='ocrx_word' id='word_1_102' title='bbox 1488 2201 1620 2262; x_wconf 82' lang='lat' dir='ltr'>etiamto</span> 
     </span>
     <span class='ocr_line' id='line_1_12' title="bbox 255 2288 1583 2374; baseline 0.003 -23"><span class='ocrx_word' id='word_1_103' title='bbox 255 2288 425 2373; x_wconf 87' lang='lat' dir='ltr'>disciplina</span> <span class='ocrx_word' id='word_1_104' title='bbox 449 2298 594 2372; x_wconf 89' lang='lat' dir='ltr'>putatur:</span> <span class='ocrx_word' id='word_1_105' title='bbox 624 2292 680 2374; x_wconf 92' lang='lat' dir='ltr'>qui</span> <span class='ocrx_word' id='word_1_106' title='bbox 708 2291 766 2354; x_wconf 92' lang='lat' dir='ltr'>soli</span> <span class='ocrx_word' id='word_1_107' title='bbox 797 2299 863 2355; x_wconf 89' lang='lat' dir='ltr'>toto</span> <span class='ocrx_word' id='word_1_108' title='bbox 886 2291 965 2354; x_wconf 91' lang='lat' dir='ltr'>orbe</span> <span class='ocrx_word' id='word_1_109' title='bbox 986 2299 1137 2352; x_wconf 89' lang='lat' dir='ltr'>terrarum</span> <span class='ocrx_word' id='word_1_110' title='bbox 1160 2292 1376 2373; x_wconf 92' lang='lat' dir='ltr'>septingentos</span> <span class='ocrx_word' id='word_1_111' title='bbox 1397 2291 1460 2353; x_wconf 91' lang='lat' dir='ltr'>iam</span> <span class='ocrx_word' id='word_1_112' title='bbox 1482 2312 1583 2355; x_wconf 91' lang='lat' dir='ltr'>annos</span> 
     </span>
     <span class='ocr_line' id='line_1_13' title="bbox 254 2382 1585 2468; baseline 0.004 -23"><span class='ocrx_word' id='word_1_113' title='bbox 254 2382 394 2466; x_wconf 84' lang='lat' dir='ltr'>amplius</span> <span class='ocrx_word' id='word_1_114' title='bbox 422 2385 496 2447; x_wconf 90' lang='lat' dir='ltr'>unis</span> <span class='ocrx_word' id='word_1_115' title='bbox 524 2385 665 2447; x_wconf 91' lang='lat' dir='ltr'>moribus</span> <span class='ocrx_word' id='word_1_116' title='bbox 693 2393 725 2447; x_wconf 91' lang='lat' dir='ltr'>ct</span> <span class='ocrx_word' id='word_1_117' title='bbox 745 2405 919 2468; x_wconf 91' lang='lat' dir='ltr'>numquam</span> <span class='ocrx_word' id='word_1_118' title='bbox 943 2385 1070 2446; x_wconf 89' lang='lat' dir='ltr'>mutatis</span> <span class='ocrx_word' id='word_1_119' title='bbox 1093 2384 1217 2467; x_wconf 89' lang='lat' dir='ltr'>legibus</span> <span class='ocrx_word' id='word_1_120' title='bbox 1240 2386 1358 2448; x_wconf 85' lang='lat' dir='ltr'>vivunt.</span> <span class='ocrx_word' id='word_1_121' title='bbox 1398 2387 1522 2450; x_wconf 87' lang='lat' dir='ltr'>Adsunt</span> <span class='ocrx_word' id='word_1_122' title='bbox 1543 2407 1585 2449; x_wconf 87' lang='lat' dir='ltr'>ex</span> 
     </span>
     <span class='ocr_line' id='line_1_14' title="bbox 255 2478 1586 2563; baseline 0.002 -21"><span class='ocrx_word' id='word_1_123' title='bbox 255 2478 373 2542; x_wconf 83' lang='lat' dir='ltr'>Achaia</span> <span class='ocrx_word' id='word_1_124' title='bbox 395 2487 509 2541; x_wconf 90' lang='lat' dir='ltr'>cuncta</span> <span class='ocrx_word' id='word_1_125' title='bbox 531 2479 621 2541; x_wconf 88' lang='lat' dir='ltr'>multi</span> <span class='ocrx_word' id='word_1_126' title='bbox 644 2479 755 2561; x_wconf 91' lang='lat' dir='ltr'>legati,</span> <span class='ocrx_word' id='word_1_127' title='bbox 787 2481 934 2549; x_wconf 83' lang='lat' dir='ltr'>boeotia,</span> <span class='ocrx_word' id='word_1_128' title='bbox 958 2478 1139 2541; x_wconf 86' lang='lat' dir='ltr'>Thessalia:</span> <span class='ocrx_word' id='word_1_129' title='bbox 1173 2478 1288 2561; x_wconf 92' lang='lat' dir='ltr'>quibus</span> <span class='ocrx_word' id='word_1_130' title='bbox 1312 2478 1390 2541; x_wconf 88' lang='lat' dir='ltr'>locis</span> <span class='ocrx_word' id='word_1_131' title='bbox 1413 2501 1515 2563; x_wconf 89' lang='lat' dir='ltr'>nuper</span> <span class='ocrx_word' id='word_1_132' title='bbox 1540 2484 1586 2544; x_wconf 89' lang='lat' dir='ltr'>le·</span> 
     </span>
     <span class='ocr_line' id='line_1_15' title="bbox 257 2572 1586 2655; baseline 0.001 -19"><span class='ocrx_word' id='word_1_133' title='bbox 257 2580 347 2655; x_wconf 89' lang='lat' dir='ltr'>gatus</span> <span class='ocrx_word' id='word_1_134' title='bbox 374 2573 506 2636; x_wconf 88' lang='lat' dir='ltr'>Flaccus</span> <span class='ocrx_word' id='word_1_135' title='bbox 536 2573 725 2654; x_wconf 86' lang='lat' dir='ltr'>imperatore</span> <span class='ocrx_word' id='word_1_136' title='bbox 754 2573 883 2636; x_wconf 87' lang='lat' dir='ltr'>Metello</span> <span class='ocrx_word' id='word_1_137' title='bbox 911 2572 1057 2654; x_wconf 82' lang='lat' dir='ltr'>praefuit.</span> <span class='ocrx_word' id='word_1_138' title='bbox 1102 2574 1214 2655; x_wconf 89' lang='lat' dir='ltr'>Neque</span> <span class='ocrx_word' id='word_1_139' title='bbox 1245 2592 1320 2635; x_wconf 81' lang='lat' dir='ltr'>vero</span> <span class='ocrx_word' id='word_1_140' title='bbox 1352 2580 1400 2646; x_wconf 91' lang='lat' dir='ltr'>te,</span> <span class='ocrx_word' id='word_1_141' title='bbox 1429 2575 1586 2655; x_wconf 84' lang='lat' dir='ltr'>Massilia,</span> 
     </span>
     <span class='ocr_line' id='line_1_16' title="bbox 258 2666 1624 2751; baseline 0.001 -22"><span class='ocrx_word' id='word_1_142' title='bbox 258 2673 438 2749; x_wconf 89' lang='lat' dir='ltr'>praetereo,</span> <span class='ocrx_word' id='word_1_143' title='bbox 460 2686 543 2749; x_wconf 92' lang='lat' dir='ltr'>quae</span> <span class='ocrx_word' id='word_1_144' title='bbox 565 2666 600 2727; x_wconf 89' lang='lat' dir='ltr'>L.</span> <span class='ocrx_word' id='word_1_145' title='bbox 623 2666 769 2730; x_wconf 85' lang='lat' dir='ltr'>Flaccum</span> <span class='ocrx_word' id='word_1_146' title='bbox 791 2668 923 2731; x_wconf 87' lang='lat' dir='ltr'>militem</span> <span class='ocrx_word' id='word_1_147' title='bbox 947 2673 1212 2750; x_wconf 87' lang='lat' dir='ltr'>quaestoremque</span> <span class='ocrx_word' id='word_1_148' title='bbox 1232 2668 1394 2748; x_wconf 84' lang='lat' dir='ltr'>cognosti:</span> <span class='ocrx_word' id='word_1_149' title='bbox 1417 2669 1506 2731; x_wconf 89' lang='lat' dir='ltr'>cuius</span> <span class='ocrx_word' id='word_1_150' title='bbox 1528 2688 1586 2751; x_wconf 90' lang='lat' dir='ltr'>ego</span> <span class='ocrx_word' id='word_1_151' title='bbox 1597 2684 1624 2730; x_wconf 81' lang='lat' dir='ltr'>te</span> 
     </span>
     <span class='ocr_line' id='line_1_17' title="bbox 258 2759 1587 2843; baseline 0.001 -20"><span class='ocrx_word' id='word_1_152' title='bbox 258 2759 394 2824; x_wconf 84' lang='lat' dir='ltr'>civitatis</span> <span class='ocrx_word' id='word_1_153' title='bbox 417 2760 618 2843; x_wconf 89' lang='lat' dir='ltr'>disciplinam</span> <span class='ocrx_word' id='word_1_154' title='bbox 640 2759 735 2843; x_wconf 87' lang='lat' dir='ltr'>atque</span> <span class='ocrx_word' id='word_1_155' title='bbox 757 2761 942 2843; x_wconf 86' lang='lat' dir='ltr'>gravitatem</span> <span class='ocrx_word' id='word_1_156' title='bbox 965 2780 1029 2822; x_wconf 91' lang='lat' dir='ltr'>non</span> <span class='ocrx_word' id='word_1_157' title='bbox 1045 2760 1146 2822; x_wconf 90' lang='lat' dir='ltr'>solum</span> <span class='ocrx_word' id='word_1_158' title='bbox 1163 2760 1327 2833; x_wconf 86' lang='lat' dir='ltr'>Graeciae,</span> <span class='ocrx_word' id='word_1_159' title='bbox 1350 2759 1406 2822; x_wconf 91' lang='lat' dir='ltr'>sed</span> <span class='ocrx_word' id='word_1_160' title='bbox 1421 2759 1505 2823; x_wconf 90' lang='lat' dir='ltr'>haud</span> <span class='ocrx_word' id='word_1_161' title='bbox 1521 2764 1587 2824; x_wconf 90' lang='lat' dir='ltr'>scio</span> 
     </span>
     <span class='ocr_line' id='line_1_18' title="bbox 258 2854 1587 2939; baseline 0.002 -22"><span class='ocrx_word' id='word_1_162' title='bbox 258 2875 300 2918; x_wconf 85' lang='lat' dir='ltr'>au</span> <span class='ocrx_word' id='word_1_163' title='bbox 321 2856 444 2920; x_wconf 90' lang='lat' dir='ltr'>cunctis</span> <span class='ocrx_word' id='word_1_164' title='bbox 467 2855 615 2937; x_wconf 89' lang='lat' dir='ltr'>gentibus</span> <span class='ocrx_word' id='word_1_165' title='bbox 637 2855 889 2936; x_wconf 90' lang='lat' dir='ltr'>anteponendam</span> <span class='ocrx_word' id='word_1_166' title='bbox 907 2855 1025 2917; x_wconf 89' lang='lat' dir='ltr'>dicam:</span> <span class='ocrx_word' id='word_1_167' title='bbox 1049 2874 1134 2937; x_wconf 91' lang='lat' dir='ltr'>quae</span> <span class='ocrx_word' id='word_1_168' title='bbox 1154 2861 1217 2915; x_wconf 86' lang='lat' dir='ltr'>tam</span> <span class='ocrx_word' id='word_1_169' title='bbox 1238 2854 1382 2939; x_wconf 90' lang='lat' dir='ltr'>procula</span> <span class='ocrx_word' id='word_1_170' title='bbox 1398 2854 1587 2919; x_wconf 89' lang='lat' dir='ltr'>Graecorum</span> 
     </span>
     <span class='ocr_line' id='line_1_19' title="bbox 260 2947 1588 3031; baseline 0.002 -20"><span class='ocrx_word' id='word_1_171' title='bbox 260 2951 403 3013; x_wconf 91' lang='lat' dir='ltr'>omnium</span> <span class='ocrx_word' id='word_1_172' title='bbox 432 2949 631 3031; x_wconf 77' lang='lat' dir='ltr'>regionibus,</span> <span class='ocrx_word' id='word_1_173' title='bbox 661 2948 837 3031; x_wconf 90' lang='lat' dir='ltr'>disciplinis</span> <span class='ocrx_word' id='word_1_174' title='bbox 860 2948 1032 3030; x_wconf 91' lang='lat' dir='ltr'>linguaque</span> <span class='ocrx_word' id='word_1_175' title='bbox 1056 2947 1174 3020; x_wconf 88' lang='lat' dir='ltr'>divisa,</span> <span class='ocrx_word' id='word_1_176' title='bbox 1208 2967 1278 3010; x_wconf 92' lang='lat' dir='ltr'>cum</span> <span class='ocrx_word' id='word_1_177' title='bbox 1301 2949 1334 3009; x_wconf 93' lang='lat' dir='ltr'>in</span> <span class='ocrx_word' id='word_1_178' title='bbox 1355 2948 1474 3012; x_wconf 89' lang='lat' dir='ltr'>ultimis</span> <span class='ocrx_word' id='word_1_179' title='bbox 1497 2951 1588 3014; x_wconf 87' lang='lat' dir='ltr'>terris</span> 
     </span>
     <span class='ocr_line' id='line_1_20' title="bbox 259 3039 1588 3126; baseline 0.002 -21"><span class='ocrx_word' id='word_1_180' title='bbox 259 3044 362 3108; x_wconf 88' lang='lat' dir='ltr'>cincta</span> <span class='ocrx_word' id='word_1_181' title='bbox 394 3044 557 3107; x_wconf 89' lang='lat' dir='ltr'>Gallorum</span> <span class='ocrx_word' id='word_1_182' title='bbox 586 3043 733 3125; x_wconf 91' lang='lat' dir='ltr'>gentibus</span> <span class='ocrx_word' id='word_1_183' title='bbox 764 3041 926 3104; x_wconf 89' lang='lat' dir='ltr'>barbariae</span> <span class='ocrx_word' id='word_1_184' title='bbox 957 3039 1103 3103; x_wconf 88' lang='lat' dir='ltr'>lluctibus</span> <span class='ocrx_word' id='word_1_185' title='bbox 1134 3040 1287 3114; x_wconf 89' lang='lat' dir='ltr'>alluatur,</span> <span class='ocrx_word' id='word_1_186' title='bbox 1322 3042 1367 3103; x_wconf 91' lang='lat' dir='ltr'>sic</span> <span class='ocrx_word' id='word_1_187' title='bbox 1389 3045 1588 3126; x_wconf 89' lang='lat' dir='ltr'>optimatium</span> 
     </span>
     <span class='ocr_line' id='line_1_21' title="bbox 260 3132 1627 3221; baseline 0.001 -23"><span class='ocrx_word' id='word_1_188' title='bbox 260 3137 396 3201; x_wconf 92' lang='lat' dir='ltr'>consilio</span> <span class='ocrx_word' id='word_1_189' title='bbox 419 3137 628 3221; x_wconf 87' lang='lat' dir='ltr'>gubematur,</span> <span class='ocrx_word' id='word_1_190' title='bbox 650 3143 686 3199; x_wconf 92' lang='lat' dir='ltr'>ut</span> <span class='ocrx_word' id='word_1_191' title='bbox 705 3157 815 3199; x_wconf 89' lang='lat' dir='ltr'>omnes</span> <span class='ocrx_word' id='word_1_192' title='bbox 831 3136 899 3198; x_wconf 91' lang='lat' dir='ltr'>eius</span> <span class='ocrx_word' id='word_1_193' title='bbox 914 3136 1058 3197; x_wconf 88' lang='lat' dir='ltr'>instituta</span> <span class='ocrx_word' id='word_1_194' title='bbox 1073 3134 1202 3196; x_wconf 89' lang='lat' dir='ltr'>laudare</span> <span class='ocrx_word' id='word_1_195' title='bbox 1218 3132 1341 3197; x_wconf 80' lang='lat' dir='ltr'>facilius</span> <span class='ocrx_word' id='word_1_196' title='bbox 1356 3140 1480 3219; x_wconf 92' lang='lat' dir='ltr'>possint</span> <span class='ocrx_word' id='word_1_197' title='bbox 1494 3153 1627 3221; x_wconf 79' lang='lat' dir='ltr'>quamso</span> 
     </span>
     <span class='ocr_line' id='line_1_22' title="bbox 260 3227 1590 3308; baseline 0.001 -13"><span class='ocrx_word' id='word_1_198' title='bbox 260 3232 423 3295; x_wconf 85' lang='lat' dir='ltr'>aemulari.</span> <span class='ocrx_word' id='word_1_199' title='bbox 467 3227 518 3305; x_wconf 79' lang='lat' dir='ltr'>ol,</span> <span class='ocrx_word' id='word_1_200' title='bbox 541 3232 635 3294; x_wconf 88' lang='lat' dir='ltr'>Hisce</span> <span class='ocrx_word' id='word_1_201' title='bbox 651 3230 749 3293; x_wconf 91' lang='lat' dir='ltr'>utitur</span> <span class='ocrx_word' id='word_1_202' title='bbox 765 3230 982 3293; x_wconf 88' lang='lat' dir='ltr'>laudatoribus</span> <span class='ocrx_word' id='word_1_203' title='bbox 998 3229 1142 3302; x_wconf 86' lang='lat' dir='ltr'>Flaccus,</span> <span class='ocrx_word' id='word_1_204' title='bbox 1164 3229 1214 3290; x_wconf 90' lang='lat' dir='ltr'>his</span> <span class='ocrx_word' id='word_1_205' title='bbox 1231 3229 1432 3295; x_wconf 89' lang='lat' dir='ltr'>innocentiae</span> <span class='ocrx_word' id='word_1_206' title='bbox 1448 3234 1590 3308; x_wconf 89' lang='lat' dir='ltr'>testibus,</span> 
     </span>
     <span class='ocr_line' id='line_1_23' title="bbox 260 3323 1271 3407; baseline -0.002 -20"><span class='ocrx_word' id='word_1_207' title='bbox 260 3331 296 3387; x_wconf 86' lang='lat' dir='ltr'>ut</span> <span class='ocrx_word' id='word_1_208' title='bbox 317 3324 511 3387; x_wconf 89' lang='lat' dir='ltr'>Graecorum</span> <span class='ocrx_word' id='word_1_209' title='bbox 534 3324 697 3407; x_wconf 88' lang='lat' dir='ltr'>cupiditati</span> <span class='ocrx_word' id='word_1_210' title='bbox 720 3325 911 3387; x_wconf 88' lang='lat' dir='ltr'>Graecorum</span> <span class='ocrx_word' id='word_1_211' title='bbox 934 3323 1054 3386; x_wconf 88' lang='lat' dir='ltr'>auxilio</span> <span class='ocrx_word' id='word_1_212' title='bbox 1077 3324 1271 3385; x_wconf 86' lang='lat' dir='ltr'>resistamus.</span> 
     </span>
    </p>

    <p class='ocr_par' dir='ltr' id='par_1_4' title="bbox 261 3417 1703 4817">
     <span class='ocr_line' id='line_1_24' title="bbox 347 3417 1592 3502; baseline 0.002 -22"><span class='ocrx_word' id='word_1_213' title='bbox 347 3419 478 3483; x_wconf 79' lang='lat' dir='ltr'>xxvll.</span> <span class='ocrx_word' id='word_1_214' title='bbox 508 3419 707 3501; x_wconf 86' lang='lat' dir='ltr'>Quamquam</span> <span class='ocrx_word' id='word_1_215' title='bbox 736 3419 809 3502; x_wconf 87' lang='lat' dir='ltr'>quis</span> <span class='ocrx_word' id='word_1_216' title='bbox 838 3418 977 3500; x_wconf 88' lang='lat' dir='ltr'>ignorat,</span> <span class='ocrx_word' id='word_1_217' title='bbox 1009 3418 1063 3500; x_wconf 91' lang='lat' dir='ltr'>qui</span> <span class='ocrx_word' id='word_1_218' title='bbox 1090 3417 1185 3480; x_wconf 95' lang='lat' dir='ltr'>modo</span> <span class='ocrx_word' id='word_1_219' title='bbox 1213 3438 1363 3501; x_wconf 90' lang='lat' dir='ltr'>umquam</span> <span class='ocrx_word' id='word_1_220' title='bbox 1392 3420 1592 3483; x_wconf 88' lang='lat' dir='ltr'>mediocriter</span> 
     </span>
     <span class='ocr_line' id='line_1_25' title="bbox 261 3512 1590 3596; baseline -0.001 -19"><span class='ocrx_word' id='word_1_221' title='bbox 261 3533 312 3577; x_wconf 85' lang='lat' dir='ltr'>res</span> <span class='ocrx_word' id='word_1_222' title='bbox 342 3513 421 3576; x_wconf 91' lang='lat' dir='ltr'>istas</span> <span class='ocrx_word' id='word_1_223' title='bbox 443 3512 524 3577; x_wconf 91' lang='lat' dir='ltr'>scire</span> <span class='ocrx_word' id='word_1_224' title='bbox 546 3512 683 3587; x_wconf 84' lang='lat' dir='ltr'>curarit,</span> <span class='ocrx_word' id='word_1_225' title='bbox 714 3512 791 3596; x_wconf 92' lang='lat' dir='ltr'>quin</span> <span class='ocrx_word' id='word_1_226' title='bbox 814 3512 874 3574; x_wconf 90' lang='lat' dir='ltr'>tria</span> <span class='ocrx_word' id='word_1_227' title='bbox 896 3512 1088 3574; x_wconf 89' lang='lat' dir='ltr'>Graecorum</span> <span class='ocrx_word' id='word_1_228' title='bbox 1112 3530 1228 3593; x_wconf 90' lang='lat' dir='ltr'>genera</span> <span class='ocrx_word' id='word_1_229' title='bbox 1250 3513 1313 3574; x_wconf 91' lang='lat' dir='ltr'>sint</span> <span class='ocrx_word' id='word_1_230' title='bbox 1333 3516 1428 3575; x_wconf 78' lang='lat' dir='ltr'>vere?</span> <span class='ocrx_word' id='word_1_231' title='bbox 1456 3534 1590 3596; x_wconf 91' lang='lat' dir='ltr'>quorum</span> 
     </span>
     <span class='ocr_line' id='line_1_26' title="bbox 261 3605 1629 3690; baseline -0.003 -21"><span class='ocrx_word' id='word_1_232' title='bbox 261 3607 319 3669; x_wconf 89' lang='lat' dir='ltr'>uni</span> <span class='ocrx_word' id='word_1_233' title='bbox 341 3612 417 3670; x_wconf 87' lang='lat' dir='ltr'>sunt</span> <span class='ocrx_word' id='word_1_234' title='bbox 438 3606 665 3681; x_wconf 85' lang='lat' dir='ltr'>Athenienses,</span> <span class='ocrx_word' id='word_1_235' title='bbox 694 3625 776 3690; x_wconf 92' lang='lat' dir='ltr'>quae</span> <span class='ocrx_word' id='word_1_236' title='bbox 799 3625 876 3688; x_wconf 90' lang='lat' dir='ltr'>gens</span> <span class='ocrx_word' id='word_1_237' title='bbox 898 3607 1010 3668; x_wconf 91' lang='lat' dir='ltr'>lonum</span> <span class='ocrx_word' id='word_1_238' title='bbox 1038 3605 1187 3680; x_wconf 83' lang='lat' dir='ltr'>habetur3</span> <span class='ocrx_word' id='word_1_239' title='bbox 1217 3607 1331 3669; x_wconf 86' lang='lat' dir='ltr'>Aeoles</span> <span class='ocrx_word' id='word_1_240' title='bbox 1356 3606 1464 3680; x_wconf 89' lang='lat' dir='ltr'>alteri,</span> <span class='ocrx_word' id='word_1_241' title='bbox 1491 3608 1629 3669; x_wconf 80' lang='lat' dir='ltr'>Doresse</span> 
     </span>
     <span class='ocr_line' id='line_1_27' title="bbox 262 3700 1591 3785; baseline -0.002 -18"><span class='ocrx_word' id='word_1_242' title='bbox 262 3703 347 3767; x_wconf 85' lang='lat' dir='ltr'>tertii</span> <span class='ocrx_word' id='word_1_243' title='bbox 368 3701 621 3765; x_wconf 89' lang='lat' dir='ltr'>nominabantur.</span> <span class='ocrx_word' id='word_1_244' title='bbox 654 3702 757 3784; x_wconf 90' lang='lat' dir='ltr'>Atque</span> <span class='ocrx_word' id='word_1_245' title='bbox 776 3700 855 3763; x_wconf 89' lang='lat' dir='ltr'>haec</span> <span class='ocrx_word' id='word_1_246' title='bbox 870 3708 982 3763; x_wconf 90' lang='lat' dir='ltr'>cuncta</span> <span class='ocrx_word' id='word_1_247' title='bbox 998 3700 1145 3773; x_wconf 89' lang='lat' dir='ltr'>Graecia,</span> <span class='ocrx_word' id='word_1_248' title='bbox 1169 3719 1251 3782; x_wconf 90' lang='lat' dir='ltr'>quae</span> <span class='ocrx_word' id='word_1_249' title='bbox 1265 3700 1363 3774; x_wconf 82' lang='lat' dir='ltr'>sama,</span> <span class='ocrx_word' id='word_1_250' title='bbox 1385 3722 1468 3785; x_wconf 88' lang='lat' dir='ltr'>quae</span> <span class='ocrx_word' id='word_1_251' title='bbox 1484 3703 1591 3784; x_wconf 88' lang='lat' dir='ltr'>gloria,</span> 
     </span>
     <span class='ocr_line' id='line_1_28' title="bbox 263 3793 1592 3882; baseline -0.002 -22"><span class='ocrx_word' id='word_1_252' title='bbox 263 3816 346 3882; x_wconf 85' lang='lat' dir='ltr'>quae</span> <span class='ocrx_word' id='word_1_253' title='bbox 367 3795 527 3870; x_wconf 85' lang='lat' dir='ltr'>doctrina,</span> <span class='ocrx_word' id='word_1_254' title='bbox 551 3813 632 3878; x_wconf 91' lang='lat' dir='ltr'>quae</span> <span class='ocrx_word' id='word_1_255' title='bbox 648 3794 792 3876; x_wconf 91' lang='lat' dir='ltr'>plurimis</span> <span class='ocrx_word' id='word_1_256' title='bbox 807 3793 943 3867; x_wconf 90' lang='lat' dir='ltr'>artibus,</span> <span class='ocrx_word' id='word_1_257' title='bbox 966 3814 1048 3877; x_wconf 90' lang='lat' dir='ltr'>quae</span> <span class='ocrx_word' id='word_1_258' title='bbox 1064 3794 1160 3856; x_wconf 90' lang='lat' dir='ltr'>etiam</span> <span class='ocrx_word' id='word_1_259' title='bbox 1176 3794 1310 3876; x_wconf 90' lang='lat' dir='ltr'>imperio</span> <span class='ocrx_word' id='word_1_260' title='bbox 1325 3802 1357 3858; x_wconf 90' lang='lat' dir='ltr'>et</span> <span class='ocrx_word' id='word_1_261' title='bbox 1370 3796 1483 3859; x_wconf 90' lang='lat' dir='ltr'>bellica</span> <span class='ocrx_word' id='word_1_262' title='bbox 1497 3794 1592 3858; x_wconf 88' lang='lat' dir='ltr'>laude</span> 
     </span>
     <span class='ocr_line' id='line_1_29' title="bbox 263 3887 1592 3973; baseline -0.002 -18"><span class='ocrx_word' id='word_1_263' title='bbox 263 3891 388 3966; x_wconf 80' lang='lat' dir='ltr'>floruit,</span> <span class='ocrx_word' id='word_1_264' title='bbox 420 3909 550 3973; x_wconf 79' lang='lat' dir='ltr'>parrum</span> <span class='ocrx_word' id='word_1_265' title='bbox 580 3888 737 3971; x_wconf 91' lang='lat' dir='ltr'>quendam</span> <span class='ocrx_word' id='word_1_266' title='bbox 767 3887 888 3961; x_wconf 91' lang='lat' dir='ltr'>locum,</span> <span class='ocrx_word' id='word_1_267' title='bbox 921 3895 956 3950; x_wconf 89' lang='lat' dir='ltr'>ut</span> <span class='ocrx_word' id='word_1_268' title='bbox 985 3889 1090 3961; x_wconf 90' lang='lat' dir='ltr'>scitis,</span> <span class='ocrx_word' id='word_1_269' title='bbox 1122 3889 1268 3970; x_wconf 87' lang='lat' dir='ltr'>Europae</span> <span class='ocrx_word' id='word_1_270' title='bbox 1297 3896 1383 3953; x_wconf 90' lang='lat' dir='ltr'>tenet</span> <span class='ocrx_word' id='word_1_271' title='bbox 1404 3909 1592 3973; x_wconf 89' lang='lat' dir='ltr'>semperque</span> 
     </span>
     <span class='ocr_line' id='line_1_30' title="bbox 264 3981 1593 4065; baseline -0.002 -17"><span class='ocrx_word' id='word_1_272' title='bbox 264 3984 382 4048; x_wconf 87' lang='lat' dir='ltr'>tenuit:</span> <span class='ocrx_word' id='word_1_273' title='bbox 410 3983 505 4047; x_wconf 90' lang='lat' dir='ltr'>Asiae</span> <span class='ocrx_word' id='word_1_274' title='bbox 534 3983 702 4045; x_wconf 87' lang='lat' dir='ltr'>maximam</span> <span class='ocrx_word' id='word_1_275' title='bbox 730 4000 816 4045; x_wconf 91' lang='lat' dir='ltr'>oram</span> <span class='ocrx_word' id='word_1_276' title='bbox 842 3981 927 4044; x_wconf 89' lang='lat' dir='ltr'>bello</span> <span class='ocrx_word' id='word_1_277' title='bbox 953 3990 1133 4065; x_wconf 89' lang='lat' dir='ltr'>superatam</span> <span class='ocrx_word' id='word_1_278' title='bbox 1163 3981 1263 4044; x_wconf 89' lang='lat' dir='ltr'>cinxit</span> <span class='ocrx_word' id='word_1_279' title='bbox 1291 3983 1436 4059; x_wconf 89' lang='lat' dir='ltr'>urbibus,</span> <span class='ocrx_word' id='word_1_280' title='bbox 1466 4005 1529 4047; x_wconf 93' lang='lat' dir='ltr'>non</span> <span class='ocrx_word' id='word_1_281' title='bbox 1556 3991 1593 4046; x_wconf 92' lang='lat' dir='ltr'>ut</span> 
     </span>
     <span class='ocr_line' id='line_1_31' title="bbox 264 4071 1630 4158; baseline -0.002 -17"><span class='ocrx_word' id='word_1_282' title='bbox 264 4078 416 4142; x_wconf 85' lang='lat' dir='ltr'>munitam</span> <span class='ocrx_word' id='word_1_283' title='bbox 438 4076 572 4140; x_wconf 89' lang='lat' dir='ltr'>coloniis</span> <span class='ocrx_word' id='word_1_284' title='bbox 596 4072 694 4158; x_wconf 87' lang='lat' dir='ltr'>[illam</span> <span class='ocrx_word' id='word_1_285' title='bbox 717 4071 873 4158; x_wconf 73' lang='lat' dir='ltr'>genteml,</span> <span class='ocrx_word' id='word_1_286' title='bbox 897 4075 953 4138; x_wconf 92' lang='lat' dir='ltr'>sed</span> <span class='ocrx_word' id='word_1_287' title='bbox 968 4083 1004 4138; x_wconf 93' lang='lat' dir='ltr'>ut</span> <span class='ocrx_word' id='word_1_288' title='bbox 1018 4076 1181 4139; x_wconf 89' lang='lat' dir='ltr'>obsessam</span> <span class='ocrx_word' id='word_1_289' title='bbox 1203 4083 1334 4139; x_wconf 91' lang='lat' dir='ltr'>teneret.</span> <span class='ocrx_word' id='word_1_290' title='bbox 1365 4076 1415 4139; x_wconf 88' lang='grc'>65.</span> <span class='ocrx_word' id='word_1_291' title='bbox 1432 4073 1535 4152; x_wconf 85' lang='lat' dir='ltr'>Quam</span> <span class='ocrx_word' id='word_1_292' title='bbox 1551 4076 1630 4138; x_wconf 79' lang='lat' dir='ltr'>obet</span> 
     </span>
     <span class='ocr_line' id='line_1_32' title="bbox 264 4169 1703 4255; baseline -0.001 -21"><span class='ocrx_word' id='word_1_293' title='bbox 264 4191 330 4235; x_wconf 90' lang='lat' dir='ltr'>rem</span> <span class='ocrx_word' id='word_1_294' title='bbox 358 4189 478 4255; x_wconf 87' lang='lat' dir='ltr'>quaeso</span> <span class='ocrx_word' id='word_1_295' title='bbox 506 4189 525 4233; x_wconf 91' lang='lat' dir='ltr'>a</span> <span class='ocrx_word' id='word_1_296' title='bbox 551 4169 657 4243; x_wconf 81' lang='lat' dir='ltr'>robis,</span> <span class='ocrx_word' id='word_1_297' title='bbox 690 4170 820 4232; x_wconf 81' lang='lat' dir='ltr'>Asiatici</span> <span class='ocrx_word' id='word_1_298' title='bbox 847 4177 961 4244; x_wconf 88' lang='lat' dir='ltr'>testes,</span> <span class='ocrx_word' id='word_1_299' title='bbox 995 4177 1045 4244; x_wconf 91' lang='lat' dir='ltr'>ut,</span> <span class='ocrx_word' id='word_1_300' title='bbox 1074 4190 1144 4233; x_wconf 89' lang='lat' dir='ltr'>cum</span> <span class='ocrx_word' id='word_1_301' title='bbox 1173 4190 1247 4232; x_wconf 89' lang='lat' dir='ltr'>vere</span> <span class='ocrx_word' id='word_1_302' title='bbox 1272 4170 1429 4234; x_wconf 88' lang='lat' dir='ltr'>recordari</span> <span class='ocrx_word' id='word_1_303' title='bbox 1459 4169 1592 4242; x_wconf 87' lang='lat' dir='ltr'>voletis,</span> <span class='ocrx_word' id='word_1_304' title='bbox 1699 4227 1703 4232; x_wconf 83' lang='lat'>.</span> 
     </span>
     <span class='ocr_line' id='line_1_33' title="bbox 265 4263 1593 4348; baseline -0.002 -21"><span class='ocrx_word' id='word_1_305' title='bbox 265 4271 418 4348; x_wconf 88' lang='lat' dir='ltr'>quantum</span> <span class='ocrx_word' id='word_1_306' title='bbox 441 4264 635 4327; x_wconf 90' lang='lat' dir='ltr'>auctoritatis</span> <span class='ocrx_word' id='word_1_307' title='bbox 656 4264 687 4325; x_wconf 90' lang='lat' dir='ltr'>in</span> <span class='ocrx_word' id='word_1_308' title='bbox 712 4263 861 4328; x_wconf 90' lang='lat' dir='ltr'>iudicium</span> <span class='ocrx_word' id='word_1_309' title='bbox 884 4264 1038 4338; x_wconf 78' lang='lat' dir='ltr'>afferatis,</span> <span class='ocrx_word' id='word_1_310' title='bbox 1061 4272 1183 4327; x_wconf 85' lang='lat' dir='ltr'>vosmet</span> <span class='ocrx_word' id='word_1_311' title='bbox 1203 4264 1264 4345; x_wconf 91' lang='lat' dir='ltr'>ipsi</span> <span class='ocrx_word' id='word_1_312' title='bbox 1279 4264 1462 4327; x_wconf 91' lang='lat' dir='ltr'>describatis</span> <span class='ocrx_word' id='word_1_313' title='bbox 1476 4265 1593 4337; x_wconf 88' lang='lat' dir='ltr'>Asiam,</span> 
     </span>
     <span class='ocr_line' id='line_1_34' title="bbox 265 4357 1593 4442; baseline 0 -22"><span class='ocrx_word' id='word_1_314' title='bbox 265 4377 325 4421; x_wconf 87' lang='lat' dir='ltr'>nec</span> <span class='ocrx_word' id='word_1_315' title='bbox 353 4357 431 4442; x_wconf 92' lang='lat' dir='ltr'>quid</span> <span class='ocrx_word' id='word_1_316' title='bbox 461 4358 657 4440; x_wconf 89' lang='lat' dir='ltr'>alienigenae</span> <span class='ocrx_word' id='word_1_317' title='bbox 687 4359 727 4420; x_wconf 92' lang='lat' dir='ltr'>de</span> <span class='ocrx_word' id='word_1_318' title='bbox 749 4358 838 4421; x_wconf 82' lang='lat' dir='ltr'>vobis</span> <span class='ocrx_word' id='word_1_319' title='bbox 867 4359 957 4442; x_wconf 94' lang='lat' dir='ltr'>loqui</span> <span class='ocrx_word' id='word_1_320' title='bbox 979 4359 1119 4432; x_wconf 87' lang='lat' dir='ltr'>soleant,</span> <span class='ocrx_word' id='word_1_321' title='bbox 1149 4358 1204 4420; x_wconf 90' lang='lat' dir='ltr'>sed</span> <span class='ocrx_word' id='word_1_322' title='bbox 1227 4359 1305 4441; x_wconf 91' lang='lat' dir='ltr'>quid</span> <span class='ocrx_word' id='word_1_323' title='bbox 1328 4366 1449 4422; x_wconf 84' lang='lat' dir='ltr'>vosmet</span> <span class='ocrx_word' id='word_1_324' title='bbox 1470 4359 1531 4439; x_wconf 91' lang='lat' dir='ltr'>ipsi</span> <span class='ocrx_word' id='word_1_325' title='bbox 1553 4357 1593 4420; x_wconf 92' lang='lat' dir='ltr'>de</span> 
     </span>
     <span class='ocr_line' id='line_1_35' title="bbox 265 4453 1594 4535; baseline 0 -21"><span class='ocrx_word' id='word_1_326' title='bbox 265 4470 380 4534; x_wconf 89' lang='lat' dir='ltr'>genere</span> <span class='ocrx_word' id='word_1_327' title='bbox 408 4458 514 4515; x_wconf 82' lang='lat' dir='ltr'>vestro</span> <span class='ocrx_word' id='word_1_328' title='bbox 544 4453 703 4524; x_wconf 89' lang='lat' dir='ltr'>statuatis,</span> <span class='ocrx_word' id='word_1_329' title='bbox 735 4453 952 4514; x_wconf 90' lang='lat' dir='ltr'>memineritis.</span> <span class='ocrx_word' id='word_1_330' title='bbox 984 4454 1146 4535; x_wconf 89' lang='lat' dir='ltr'>Namque,</span> <span class='ocrx_word' id='word_1_331' title='bbox 1173 4458 1208 4513; x_wconf 91' lang='lat' dir='ltr'>ut</span> <span class='ocrx_word' id='word_1_332' title='bbox 1237 4453 1365 4534; x_wconf 90' lang='lat' dir='ltr'>opinor,</span> <span class='ocrx_word' id='word_1_333' title='bbox 1392 4454 1466 4515; x_wconf 89' lang='lat' dir='ltr'>Asia</span> <span class='ocrx_word' id='word_1_334' title='bbox 1487 4458 1594 4514; x_wconf 88' lang='lat' dir='ltr'>vestra</span> 
     </span>
     <span class='ocr_line' id='line_1_36' title="bbox 266 4545 1631 4629; baseline -0.001 -21"><span class='ocrx_word' id='word_1_335' title='bbox 266 4551 390 4609; x_wconf 86' lang='lat' dir='ltr'>conelat</span> <span class='ocrx_word' id='word_1_336' title='bbox 411 4565 453 4610; x_wconf 91' lang='lat' dir='ltr'>ex</span> <span class='ocrx_word' id='word_1_337' title='bbox 474 4545 628 4629; x_wconf 82' lang='lat' dir='ltr'>Phrygia,</span> <span class='ocrx_word' id='word_1_338' title='bbox 650 4546 768 4629; x_wconf 82' lang='lat' dir='ltr'>Mysia,</span> <span class='ocrx_word' id='word_1_339' title='bbox 792 4545 904 4620; x_wconf 77' lang='lat' dir='ltr'>Caria,</span> <span class='ocrx_word' id='word_1_340' title='bbox 921 4545 1030 4629; x_wconf 80' lang='lat' dir='ltr'>Lydia.</span> <span class='ocrx_word' id='word_1_341' title='bbox 1071 4546 1180 4608; x_wconf 90' lang='lat' dir='ltr'>Utrum</span> <span class='ocrx_word' id='word_1_342' title='bbox 1203 4546 1300 4627; x_wconf 89' lang='lat' dir='ltr'>igitur</span> <span class='ocrx_word' id='word_1_343' title='bbox 1320 4553 1461 4609; x_wconf 88' lang='lat' dir='ltr'>nostrum</span> <span class='ocrx_word' id='word_1_344' title='bbox 1484 4554 1631 4608; x_wconf 78' lang='lat' dir='ltr'>estense</span> 
     </span>
     <span class='ocr_line' id='line_1_37' title="bbox 266 4638 1594 4723; baseline -0.001 -21"><span class='ocrx_word' id='word_1_345' title='bbox 266 4645 403 4702; x_wconf 82' lang='lat' dir='ltr'>vestrum</span> <span class='ocrx_word' id='word_1_346' title='bbox 424 4638 487 4703; x_wconf 93' lang='lat' dir='ltr'>hoc</span> <span class='ocrx_word' id='word_1_347' title='bbox 509 4640 726 4723; x_wconf 79' lang='lat' dir='ltr'>proverbium,</span> <span class='ocrx_word' id='word_1_348' title='bbox 748 4639 902 4722; x_wconf 81' lang='lat' dir='ltr'>Phrygem</span> <span class='ocrx_word' id='word_1_349' title='bbox 924 4640 1027 4722; x_wconf 89' lang='lat' dir='ltr'>plagis</span> <span class='ocrx_word' id='word_1_350' title='bbox 1050 4639 1117 4702; x_wconf 90' lang='lat' dir='ltr'>lieri</span> <span class='ocrx_word' id='word_1_351' title='bbox 1140 4638 1243 4701; x_wconf 89' lang='lat' dir='ltr'>solere</span> <span class='ocrx_word' id='word_1_352' title='bbox 1265 4639 1455 4701; x_wconf 71' lang='lat' dir='ltr'>meliorem?</span> <span class='ocrx_word' id='word_1_353' title='bbox 1486 4638 1594 4714; x_wconf 79' lang='lat' dir='ltr'>Quid:</span> 
     </span>
     <span class='ocr_line' id='line_1_38' title="bbox 267 4731 1594 4817; baseline 0.001 -22"><span class='ocrx_word' id='word_1_354' title='bbox 267 4731 307 4795; x_wconf 89' lang='lat' dir='ltr'>de</span> <span class='ocrx_word' id='word_1_355' title='bbox 334 4738 402 4797; x_wconf 87' lang='lat' dir='ltr'>tota</span> <span class='ocrx_word' id='word_1_356' title='bbox 430 4732 522 4797; x_wconf 87' lang='lat' dir='ltr'>Caria</span> <span class='ocrx_word' id='word_1_357' title='bbox 558 4754 664 4797; x_wconf 91' lang='lat' dir='ltr'>nonne</span> <span class='ocrx_word' id='word_1_358' title='bbox 685 4733 747 4796; x_wconf 91' lang='lat' dir='ltr'>hoc</span> <span class='ocrx_word' id='word_1_359' title='bbox 768 4740 873 4796; x_wconf 82' lang='lat' dir='ltr'>restra</span> <span class='ocrx_word' id='word_1_360' title='bbox 894 4754 972 4798; x_wconf 83' lang='lat' dir='ltr'>voce</span> <span class='ocrx_word' id='word_1_361' title='bbox 992 4732 1155 4817; x_wconf 88' lang='lat' dir='ltr'>vulgatum</span> <span class='ocrx_word' id='word_1_362' title='bbox 1177 4739 1241 4807; x_wconf 90' lang='lat' dir='ltr'>est,</span> <span class='ocrx_word' id='word_1_363' title='bbox 1268 4732 1295 4795; x_wconf 90' lang='lat' dir='ltr'>si</span> <span class='ocrx_word' id='word_1_364' title='bbox 1317 4731 1397 4816; x_wconf 91' lang='lat' dir='ltr'>quid</span> <span class='ocrx_word' id='word_1_365' title='bbox 1418 4753 1490 4796; x_wconf 93' lang='lat' dir='ltr'>cum</span> <span class='ocrx_word' id='word_1_366' title='bbox 1513 4734 1594 4815; x_wconf 91' lang='lat' dir='ltr'>peri·</span> 
     </span>
    </p>
   </div>
   <div class='ocr_carea' id='block_1_3' title="bbox 214 4975 1600 5934">
    <p class='ocr_par' dir='ltr' id='par_1_5' title="bbox 214 4975 1600 5934">
     <span class='ocr_line' id='line_1_39' title="bbox 332 4975 1593 5042; baseline -0.001 -15"><span class='ocrx_word' id='word_1_367' title='bbox 332 4977 357 5027; x_wconf 87' lang='lat' dir='ltr'>l.</span> <span class='ocrx_word' id='word_1_368' title='bbox 375 4977 510 5042; x_wconf 77' lang='lat' dir='ltr'>empedicut</span> <span class='ocrx_word' id='word_1_369' title='bbox 525 4988 566 5041; x_wconf 88' lang='lat' dir='ltr'>pr.</span> <span class='ocrx_word' id='word_1_370' title='bbox 587 4976 605 5025; x_wconf 89' lang='lat' dir='ltr'>S</span> <span class='ocrx_word' id='word_1_371' title='bbox 623 5001 650 5010; x_wconf 93' lang='lat'><em>-</em></span> <span class='ocrx_word' id='word_1_372' title='bbox 677 4988 812 5026; x_wconf 80' lang='lat' dir='ltr'>eumcum</span> <span class='ocrx_word' id='word_1_373' title='bbox 830 4975 873 5027; x_wconf 90' lang='lat' dir='ltr'>ed.</span> <span class='ocrx_word' id='word_1_374' title='bbox 891 4977 1041 5027; x_wconf 88' lang='lat' dir='ltr'>Victoriana</span> <span class='ocrx_word' id='word_1_375' title='bbox 1058 4988 1112 5026; x_wconf 93' lang='lat' dir='ltr'>om.</span> <span class='ocrx_word' id='word_1_376' title='bbox 1131 4977 1150 5026; x_wconf 86' lang='lat' dir='ltr'>h</span> <span class='ocrx_word' id='word_1_377' title='bbox 1170 5001 1195 5012; x_wconf 92' lang='lat'><em>-</em></span> <span class='ocrx_word' id='word_1_378' title='bbox 1215 4989 1241 5026; x_wconf 84' lang='lat' dir='ltr'>se</span> <span class='ocrx_word' id='word_1_379' title='bbox 1256 4978 1317 5025; x_wconf 90' lang='lat' dir='ltr'>ante</span> <span class='ocrx_word' id='word_1_380' title='bbox 1335 4989 1360 5024; x_wconf 89' lang='lat' dir='ltr'>v.</span> <span class='ocrx_word' id='word_1_381' title='bbox 1379 4982 1523 5037; x_wconf 80' lang='lat' dir='ltr'>compareat</span> <span class='ocrx_word' id='word_1_382' title='bbox 1539 4990 1593 5026; x_wconf 91' lang='lat' dir='ltr'>om.</span> 
     </span>
     <span class='ocr_line' id='line_1_40' title="bbox 267 5051 1597 5118; baseline -0.002 -17"><span class='ocrx_word' id='word_1_383' title='bbox 267 5052 297 5115; x_wconf 85' lang='lat' dir='ltr'>s,</span> <span class='ocrx_word' id='word_1_384' title='bbox 316 5051 395 5104; x_wconf 92' lang='lat' dir='ltr'>codd.</span> <span class='ocrx_word' id='word_1_385' title='bbox 414 5053 637 5118; x_wconf 80' lang='lat' dir='ltr'>Legomarslaiani</span> <span class='ocrx_word' id='word_1_386' title='bbox 654 5065 748 5103; x_wconf 89' lang='lat' dir='ltr'>omnes</span> <span class='ocrx_word' id='word_1_387' title='bbox 767 5054 793 5103; x_wconf 87' lang='lat' dir='ltr'>et</span> <span class='ocrx_word' id='word_1_388' title='bbox 810 5056 872 5103; x_wconf 81' lang='lat' dir='ltr'>A·</span> <span class='ocrx_word' id='word_1_389' title='bbox 891 5053 915 5101; x_wconf 75' lang='lat'>2.</span> <span class='ocrx_word' id='word_1_390' title='bbox 934 5056 1087 5113; x_wconf 73' lang='lat' dir='ltr'>anteponam</span> <span class='ocrx_word' id='word_1_391' title='bbox 1104 5052 1163 5100; x_wconf 83' lang='lat' dir='ltr'>Sa:</span> <span class='ocrx_word' id='word_1_392' title='bbox 1181 5056 1331 5112; x_wconf 82' lang='lat' dir='ltr'>componant</span> <span class='ocrx_word' id='word_1_393' title='bbox 1347 5051 1450 5100; x_wconf 74' lang='lat' dir='ltr'>Teio</span> <span class='ocrx_word' id='word_1_394' title='bbox 1465 5079 1491 5088; x_wconf 92' lang='lat'><em>-</em></span> <span class='ocrx_word' id='word_1_395' title='bbox 1510 5054 1534 5101; x_wconf 84' lang='lat' dir='ltr'>s.</span> <span class='ocrx_word' id='word_1_396' title='bbox 1551 5066 1597 5113; x_wconf 76' lang='lat' dir='ltr'>po</span> 
     </span>
     <span class='ocr_line' id='line_1_41' title="bbox 266 5124 1596 5191; baseline -0.003 -12"><span class='ocrx_word' id='word_1_397' title='bbox 266 5127 454 5179; x_wconf 68' lang='lat' dir='ltr'>ddooehli-</span> <span class='ocrx_word' id='word_1_398' title='bbox 473 5130 497 5180; x_wconf 79' lang='lat'>7.</span> <span class='ocrx_word' id='word_1_399' title='bbox 515 5133 539 5180; x_wconf 90' lang='lat' dir='ltr'>et</span> <span class='ocrx_word' id='word_1_400' title='bbox 555 5131 787 5191; x_wconf 75' lang='lat' dir='ltr'>eoeum--potrto</span> <span class='ocrx_word' id='word_1_401' title='bbox 802 5128 966 5178; x_wconf 67' lang='lat' dir='ltr'>ductorem.</span> <span class='ocrx_word' id='word_1_402' title='bbox 980 5127 996 5176; x_wconf 87' lang='lat' dir='ltr'>S</span> <span class='ocrx_word' id='word_1_403' title='bbox 1011 5154 1037 5162; x_wconf 99' lang='lat'>-</span> <span class='ocrx_word' id='word_1_404' title='bbox 1057 5126 1081 5174; x_wconf 90' lang='lat'>8.</span> <span class='ocrx_word' id='word_1_405' title='bbox 1095 5125 1267 5175; x_wconf 80' lang='lat' dir='ltr'>estomb-</span> <span class='ocrx_word' id='word_1_406' title='bbox 1282 5124 1520 5176; x_wconf 79' lang='lat' dir='ltr'>tl.FtorcusSTA</span> <span class='ocrx_word' id='word_1_407' title='bbox 1534 5139 1596 5175; x_wconf 90' lang='lat' dir='ltr'>cum</span> 
     </span>
     <span class='ocr_line' id='line_1_42' title="bbox 267 5198 1597 5266; baseline -0.002 -14"><span class='ocrx_word' id='word_1_408' title='bbox 267 5200 346 5253; x_wconf 92' lang='lat' dir='ltr'>codd.</span> <span class='ocrx_word' id='word_1_409' title='bbox 358 5203 467 5266; x_wconf 81' lang='lat' dir='ltr'>Legem.</span> <span class='ocrx_word' id='word_1_410' title='bbox 482 5206 508 5255; x_wconf 91' lang='lat' dir='ltr'>et</span> <span class='ocrx_word' id='word_1_411' title='bbox 519 5206 620 5256; x_wconf 84' lang='lat' dir='ltr'>Oxonn.</span> <span class='ocrx_word' id='word_1_412' title='bbox 633 5204 773 5254; x_wconf 89' lang='lat' dir='ltr'>omnibus:</span> <span class='ocrx_word' id='word_1_413' title='bbox 792 5203 820 5253; x_wconf 88' lang='lat' dir='ltr'>l..</span> <span class='ocrx_word' id='word_1_414' title='bbox 834 5203 937 5253; x_wconf 79' lang='lat' dir='ltr'>Flaccus</span> <span class='ocrx_word' id='word_1_415' title='bbox 949 5203 966 5252; x_wconf 88' lang='lat' dir='ltr'>F</span> <span class='ocrx_word' id='word_1_416' title='bbox 976 5203 995 5251; x_wconf 86' lang='lat'>1.</span> <span class='ocrx_word' id='word_1_417' title='bbox 1005 5201 1025 5251; x_wconf 92' lang='grc'>0</span> <span class='ocrx_word' id='word_1_418' title='bbox 1037 5228 1063 5236; x_wconf 94' lang='grc'><strong>-</strong></span> <span class='ocrx_word' id='word_1_419' title='bbox 1077 5203 1117 5251; x_wconf 76' lang='grc'>45.</span> <span class='ocrx_word' id='word_1_420' title='bbox 1130 5198 1240 5264; x_wconf 78' lang='lat' dir='ltr'>militem]</span> <span class='ocrx_word' id='word_1_421' title='bbox 1252 5200 1379 5250; x_wconf 55' lang='lat' dir='ltr'>tabacum</span> <span class='ocrx_word' id='word_1_422' title='bbox 1390 5203 1496 5253; x_wconf 72' lang='lat' dir='ltr'>arduum</span> <span class='ocrx_word' id='word_1_423' title='bbox 1504 5200 1597 5251; x_wconf 85' lang='lat' dir='ltr'>Guliel-</span> 
     </span>
     <span class='ocr_line' id='line_1_43' title="bbox 267 5275 1595 5342; baseline -0.002 -15"><span class='ocrx_word' id='word_1_424' title='bbox 267 5276 336 5328; x_wconf 84' lang='lat' dir='ltr'>mius</span> <span class='ocrx_word' id='word_1_425' title='bbox 353 5275 413 5328; x_wconf 92' lang='lat' dir='ltr'>coll.</span> <span class='ocrx_word' id='word_1_426' title='bbox 432 5276 447 5342; x_wconf 69' lang='lat'><strong>3</strong></span> <span class='ocrx_word' id='word_1_427' title='bbox 465 5280 522 5330; x_wconf 82' lang='lat' dir='ltr'>tot.</span> <span class='ocrx_word' id='word_1_428' title='bbox 542 5305 569 5316; x_wconf 89' lang='lat'>-</span> <span class='ocrx_word' id='word_1_429' title='bbox 595 5279 635 5329; x_wconf 84' lang='grc'>47.</span> <span class='ocrx_word' id='word_1_430' title='bbox 654 5277 709 5328; x_wconf 84' lang='lat' dir='ltr'>iure</span> <span class='ocrx_word' id='word_1_431' title='bbox 731 5279 793 5328; x_wconf 85' lang='lat' dir='ltr'>SA:</span> <span class='ocrx_word' id='word_1_432' title='bbox 821 5291 874 5329; x_wconf 89' lang='lat' dir='ltr'>om.</span> <span class='ocrx_word' id='word_1_433' title='bbox 893 5276 998 5327; x_wconf 86' lang='lat' dir='ltr'>‘lFLO</span> <span class='ocrx_word' id='word_1_434' title='bbox 1021 5303 1048 5311; x_wconf 95' lang='lat'>-</span> <span class='ocrx_word' id='word_1_435' title='bbox 1073 5275 1113 5325; x_wconf 80' lang='grc'>49.</span> <span class='ocrx_word' id='word_1_436' title='bbox 1132 5275 1251 5325; x_wconf 80' lang='lat' dir='ltr'>abluetur</span> <span class='ocrx_word' id='word_1_437' title='bbox 1271 5276 1317 5325; x_wconf 83' lang='lat' dir='ltr'>ST</span> <span class='ocrx_word' id='word_1_438' title='bbox 1338 5301 1365 5310; x_wconf 92' lang='lat'><em>-</em></span> <span class='ocrx_word' id='word_1_439' title='bbox 1390 5276 1547 5338; x_wconf 74' lang='lat' dir='ltr'>optimatium</span> <span class='ocrx_word' id='word_1_440' title='bbox 1563 5277 1595 5325; x_wconf 90' lang='lat' dir='ltr'>S:</span> 
     </span>
     <span class='ocr_line' id='line_1_44' title="bbox 214 5350 1599 5418; baseline -0.004 -12"><span class='ocrx_word' id='word_1_441' title='bbox 214 5410 218 5418; x_wconf 67' lang='grc'><em>,</em></span> <span class='ocrx_word' id='word_1_442' title='bbox 267 5351 415 5414; x_wconf 67' lang='lat' dir='ltr'>andream</span> <span class='ocrx_word' id='word_1_443' title='bbox 431 5354 523 5405; x_wconf 86' lang='lat' dir='ltr'>ceteri.</span> <span class='ocrx_word' id='word_1_444' title='bbox 537 5380 565 5391; x_wconf 94' lang='lat'>-</span> <span class='ocrx_word' id='word_1_445' title='bbox 582 5355 624 5405; x_wconf 78' lang='lat'>20.</span> <span class='ocrx_word' id='word_1_446' title='bbox 643 5352 733 5418; x_wconf 80' lang='lat' dir='ltr'>omoer]</span> <span class='ocrx_word' id='word_1_447' title='bbox 751 5352 860 5403; x_wconf 75' lang='lat' dir='ltr'>tomtms</span> <span class='ocrx_word' id='word_1_448' title='bbox 870 5351 1069 5402; x_wconf 78' lang='lat' dir='ltr'>Mommsenius.</span> <span class='ocrx_word' id='word_1_449' title='bbox 1085 5376 1111 5386; x_wconf 88' lang='lat'><em>-</em></span> <span class='ocrx_word' id='word_1_450' title='bbox 1131 5350 1260 5400; x_wconf 60' lang='lat' dir='ltr'>bodens</span> <span class='ocrx_word' id='word_1_451' title='bbox 1273 5376 1300 5385; x_wconf 92' lang='lat'>-</span> <span class='ocrx_word' id='word_1_452' title='bbox 1318 5350 1360 5400; x_wconf 79' lang='lat'>22.</span> <span class='ocrx_word' id='word_1_453' title='bbox 1378 5351 1599 5413; x_wconf 73' lang='lat' dir='ltr'>cuptdhottGree-</span> 
     </span>
     <span class='ocr_line' id='line_1_45' title="bbox 267 5426 1600 5491; baseline -0.001 -13"><span class='ocrx_word' id='word_1_454' title='bbox 267 5439 355 5478; x_wconf 60' lang='lat' dir='ltr'>cova</span> <span class='ocrx_word' id='word_1_455' title='bbox 370 5440 425 5478; x_wconf 89' lang='lat' dir='ltr'>om.</span> <span class='ocrx_word' id='word_1_456' title='bbox 443 5428 519 5480; x_wconf 84' lang='lat' dir='ltr'>S&#39;l&#39;A</span> <span class='ocrx_word' id='word_1_457' title='bbox 537 5454 564 5465; x_wconf 92' lang='lat'><em>-</em></span> <span class='ocrx_word' id='word_1_458' title='bbox 583 5430 625 5481; x_wconf 76' lang='lat'>23.</span> <span class='ocrx_word' id='word_1_459' title='bbox 642 5430 716 5479; x_wconf 74' lang='lat' dir='ltr'>nudo</span> <span class='ocrx_word' id='word_1_460' title='bbox 732 5433 760 5479; x_wconf 78' lang='lat' dir='ltr'>ut</span> <span class='ocrx_word' id='word_1_461' title='bbox 775 5426 1019 5491; x_wconf 54' lang='lat' dir='ltr'>aquom-werec</span> <span class='ocrx_word' id='word_1_462' title='bbox 1035 5427 1052 5475; x_wconf 88' lang='lat' dir='ltr'>s</span> <span class='ocrx_word' id='word_1_463' title='bbox 1071 5449 1099 5462; x_wconf 94' lang='lat'><em>-</em></span> <span class='ocrx_word' id='word_1_464' title='bbox 1117 5427 1158 5477; x_wconf 77' lang='lat'>25.</span> <span class='ocrx_word' id='word_1_465' title='bbox 1174 5427 1328 5477; x_wconf 66' lang='lat' dir='ltr'>dusmense:</span> <span class='ocrx_word' id='word_1_466' title='bbox 1343 5431 1401 5477; x_wconf 76' lang='lat' dir='ltr'>erest</span> <span class='ocrx_word' id='word_1_467' title='bbox 1417 5428 1434 5476; x_wconf 82' lang='lat' dir='ltr'>F</span> <span class='ocrx_word' id='word_1_468' title='bbox 1448 5453 1475 5464; x_wconf 95' lang='lat'>-</span> <span class='ocrx_word' id='word_1_469' title='bbox 1494 5427 1600 5477; x_wconf 70' lang='lat' dir='ltr'>habear</span> 
     </span>
     <span class='ocr_line' id='line_1_46' title="bbox 269 5499 1599 5569; baseline -0.001 -18"><span class='ocrx_word' id='word_1_470' title='bbox 269 5500 330 5553; x_wconf 85' lang='lat' dir='ltr'>SA:</span> <span class='ocrx_word' id='word_1_471' title='bbox 348 5501 487 5554; x_wconf 77' lang='lat' dir='ltr'>habebatur</span> <span class='ocrx_word' id='word_1_472' title='bbox 502 5503 609 5555; x_wconf 81' lang='lat' dir='ltr'>&#39;l&#39;FLO</span> <span class='ocrx_word' id='word_1_473' title='bbox 627 5529 655 5540; x_wconf 94' lang='lat'><em>-</em></span> <span class='ocrx_word' id='word_1_474' title='bbox 673 5503 765 5569; x_wconf 81' lang='lat' dir='ltr'>Aeetes]</span> <span class='ocrx_word' id='word_1_475' title='bbox 783 5503 831 5554; x_wconf 84' lang='lat' dir='ltr'>eolr&#39;</span> <span class='ocrx_word' id='word_1_476' title='bbox 847 5503 879 5563; x_wconf 71' lang='lat' dir='ltr'>S:</span> <span class='ocrx_word' id='word_1_477' title='bbox 897 5500 957 5551; x_wconf 81' lang='lat' dir='ltr'>colia</span> <span class='ocrx_word' id='word_1_478' title='bbox 973 5501 993 5550; x_wconf 85' lang='grc' dir='ltr'><strong>Τ</strong></span> <span class='ocrx_word' id='word_1_479' title='bbox 1011 5526 1038 5537; x_wconf 90' lang='grc'><strong>-</strong></span> <span class='ocrx_word' id='word_1_480' title='bbox 1057 5502 1113 5550; x_wconf 72' lang='lat' dir='ltr'>dori</span> <span class='ocrx_word' id='word_1_481' title='bbox 1129 5502 1159 5557; x_wconf 83' lang='lat' dir='ltr'>S:</span> <span class='ocrx_word' id='word_1_482' title='bbox 1178 5502 1247 5552; x_wconf 74' lang='lat' dir='ltr'>doris</span> <span class='ocrx_word' id='word_1_483' title='bbox 1262 5502 1290 5551; x_wconf 84' lang='grc' dir='ltr'>Τ.</span> <span class='ocrx_word' id='word_1_484' title='bbox 1310 5500 1348 5551; x_wconf 85' lang='lat' dir='ltr'>Cl.</span> <span class='ocrx_word' id='word_1_485' title='bbox 1368 5501 1476 5551; x_wconf 88' lang='lat' dir='ltr'>Lacbm.</span> <span class='ocrx_word' id='word_1_486' title='bbox 1494 5499 1528 5550; x_wconf 90' lang='lat' dir='ltr'>ad</span> <span class='ocrx_word' id='word_1_487' title='bbox 1545 5502 1599 5551; x_wconf 90' lang='lat' dir='ltr'>Lu-</span> 
     </span>
     <span class='ocr_line' id='line_1_47' title="bbox 269 5575 1598 5642; baseline -0.002 -16"><span class='ocrx_word' id='word_1_488' title='bbox 269 5577 335 5628; x_wconf 86' lang='lat' dir='ltr'>cret.</span> <span class='ocrx_word' id='word_1_489' title='bbox 353 5590 381 5642; x_wconf 89' lang='lat' dir='ltr'>p.</span> <span class='ocrx_word' id='word_1_490' title='bbox 398 5577 456 5628; x_wconf 74' lang='lat'>280.</span> <span class='ocrx_word' id='word_1_491' title='bbox 476 5602 503 5613; x_wconf 91' lang='lat'><em>-</em></span> <span class='ocrx_word' id='word_1_492' title='bbox 522 5577 563 5628; x_wconf 77' lang='lat'>26.</span> <span class='ocrx_word' id='word_1_493' title='bbox 582 5591 647 5640; x_wconf 86' lang='lat' dir='ltr'>quoe</span> <span class='ocrx_word' id='word_1_494' title='bbox 660 5578 733 5642; x_wconf 70' lang='lat' dir='ltr'>tomo</span> <span class='ocrx_word' id='word_1_495' title='bbox 749 5589 812 5628; x_wconf 92' lang='lat' dir='ltr'>cum</span> <span class='ocrx_word' id='word_1_496' title='bbox 832 5590 886 5628; x_wconf 92' lang='lat' dir='ltr'>uno</span> <span class='ocrx_word' id='word_1_497' title='bbox 904 5575 997 5628; x_wconf 90' lang='lat' dir='ltr'>codice</span> <span class='ocrx_word' id='word_1_498' title='bbox 1016 5576 1131 5639; x_wconf 80' lang='lat' dir='ltr'>(Legem.</span> <span class='ocrx_word' id='word_1_499' title='bbox 1149 5575 1173 5638; x_wconf 76' lang='lat'>2)</span> <span class='ocrx_word' id='word_1_500' title='bbox 1192 5589 1245 5627; x_wconf 92' lang='lat' dir='ltr'>om.</span> <span class='ocrx_word' id='word_1_501' title='bbox 1265 5575 1283 5626; x_wconf 81' lang='lat' dir='ltr'>F</span> <span class='ocrx_word' id='word_1_502' title='bbox 1303 5597 1329 5611; x_wconf 94' lang='lat'><em>—</em></span> <span class='ocrx_word' id='word_1_503' title='bbox 1348 5575 1390 5625; x_wconf 81' lang='lat'>29.</span> <span class='ocrx_word' id='word_1_504' title='bbox 1408 5577 1549 5626; x_wconf 67' lang='lat' dir='ltr'>merom</span> <span class='ocrx_word' id='word_1_505' title='bbox 1566 5575 1598 5624; x_wconf 88' lang='lat' dir='ltr'>S:</span> 
     </span>
     <span class='ocr_line' id='line_1_48' title="bbox 268 5650 1600 5717; baseline -0.001 -16"><span class='ocrx_word' id='word_1_506' title='bbox 268 5651 426 5702; x_wconf 69' lang='lat' dir='ltr'>maritimum</span> <span class='ocrx_word' id='word_1_507' title='bbox 442 5651 533 5701; x_wconf 87' lang='lat' dir='ltr'>ceteri.</span> <span class='ocrx_word' id='word_1_508' title='bbox 556 5677 583 5686; x_wconf 94' lang='lat'><em>-</em></span> <span class='ocrx_word' id='word_1_509' title='bbox 602 5652 643 5703; x_wconf 78' lang='lat'>³0.</span> <span class='ocrx_word' id='word_1_510' title='bbox 662 5653 733 5702; x_wconf 75' lang='grc' dir='ltr'><strong>ῖῖῖαεη</strong></span> <span class='ocrx_word' id='word_1_511' title='bbox 748 5656 845 5717; x_wconf 70' lang='lat' dir='ltr'>perum</span> <span class='ocrx_word' id='word_1_512' title='bbox 860 5653 921 5702; x_wconf 89' lang='lat' dir='ltr'>SA:</span> <span class='ocrx_word' id='word_1_513' title='bbox 944 5650 1015 5699; x_wconf 81' lang='lat' dir='ltr'>illem</span> <span class='ocrx_word' id='word_1_514' title='bbox 1030 5655 1161 5714; x_wconf 75' lang='lat' dir='ltr'>generaret</span> <span class='ocrx_word' id='word_1_515' title='bbox 1177 5650 1211 5710; x_wconf 75' lang='lat'>‘1⁸3</span> <span class='ocrx_word' id='word_1_516' title='bbox 1235 5650 1307 5700; x_wconf 78' lang='lat' dir='ltr'>illem</span> <span class='ocrx_word' id='word_1_517' title='bbox 1323 5656 1425 5714; x_wconf 81' lang='lat' dir='ltr'>cuperet</span> <span class='ocrx_word' id='word_1_518' title='bbox 1441 5650 1501 5709; x_wconf 79' lang='lat' dir='ltr'>F0;</span> <span class='ocrx_word' id='word_1_519' title='bbox 1528 5650 1600 5700; x_wconf 68' lang='lat' dir='ltr'>Wom</span> 
     </span>
     <span class='ocr_line' id='line_1_49' title="bbox 269 5721 1600 5792; baseline -0.001 -15"><span class='ocrx_word' id='word_1_520' title='bbox 269 5731 366 5791; x_wconf 76' lang='lat' dir='ltr'>gentem</span> <span class='ocrx_word' id='word_1_521' title='bbox 382 5731 485 5792; x_wconf 76' lang='lat' dir='ltr'>augeret</span> <span class='ocrx_word' id='word_1_522' title='bbox 501 5728 529 5777; x_wconf 81' lang='lat' dir='ltr'>l..</span> <span class='ocrx_word' id='word_1_523' title='bbox 548 5729 703 5779; x_wconf 84' lang='lat' dir='ltr'>Garatonius</span> <span class='ocrx_word' id='word_1_524' title='bbox 720 5729 747 5779; x_wconf 87' lang='lat' dir='ltr'>in</span> <span class='ocrx_word' id='word_1_525' title='bbox 765 5728 827 5779; x_wconf 89' lang='lat' dir='ltr'>Cur.</span> <span class='ocrx_word' id='word_1_526' title='bbox 844 5737 900 5776; x_wconf 85' lang='lat' dir='ltr'>sec.</span> <span class='ocrx_word' id='word_1_527' title='bbox 914 5721 1013 5774; x_wconf 84' lang='lat' dir='ltr'>delevit</span> <span class='ocrx_word' id='word_1_528' title='bbox 1028 5723 1110 5774; x_wconf 87' lang='lat' dir='ltr'>verba</span> <span class='ocrx_word' id='word_1_529' title='bbox 1127 5724 1197 5774; x_wconf 70' lang='lat' dir='ltr'>turem</span> <span class='ocrx_word' id='word_1_530' title='bbox 1213 5729 1478 5789; x_wconf 64' lang='lat' dir='ltr'>cetmonaeos-</span> <span class='ocrx_word' id='word_1_531' title='bbox 1498 5726 1539 5776; x_wconf 77' lang='lat'>32.</span> <span class='ocrx_word' id='word_1_532' title='bbox 1558 5726 1600 5789; x_wconf 71' lang='lat' dir='ltr'>os-</span> 
     </span>
     <span class='ocr_line' id='line_1_50' title="bbox 269 5799 1600 5870; baseline -0.001 -18"><span class='ocrx_word' id='word_1_533' title='bbox 269 5801 340 5865; x_wconf 66' lang='lat' dir='ltr'>{aar</span> <span class='ocrx_word' id='word_1_534' title='bbox 355 5802 389 5862; x_wconf 70' lang='grc' dir='ltr'>ῖς</span> <span class='ocrx_word' id='word_1_535' title='bbox 406 5801 523 5864; x_wconf 57' lang='lat' dir='ltr'>meretis</span> <span class='ocrx_word' id='word_1_536' title='bbox 536 5804 555 5855; x_wconf 78' lang='lat' dir='ltr'>F</span> <span class='ocrx_word' id='word_1_537' title='bbox 570 5829 598 5841; x_wconf 91' lang='lat'>-</span> <span class='ocrx_word' id='word_1_538' title='bbox 617 5804 658 5858; x_wconf 82' lang='lat'>36.</span> <span class='ocrx_word' id='word_1_539' title='bbox 675 5806 721 5857; x_wconf 86' lang='lat' dir='ltr'>boc</span> <span class='ocrx_word' id='word_1_540' title='bbox 735 5810 806 5857; x_wconf 84' lang='lat' dir='ltr'>cetur</span> <span class='ocrx_word' id='word_1_541' title='bbox 818 5800 980 5866; x_wconf 78' lang='lat' dir='ltr'>prouerbium</span> <span class='ocrx_word' id='word_1_542' title='bbox 996 5812 1058 5852; x_wconf 90' lang='lat' dir='ltr'>cum</span> <span class='ocrx_word' id='word_1_543' title='bbox 1075 5800 1205 5870; x_wconf 78' lang='lat' dir='ltr'>Naugerto</span> <span class='ocrx_word' id='word_1_544' title='bbox 1222 5800 1257 5866; x_wconf 76' lang='lat' dir='ltr'>liu</span> <span class='ocrx_word' id='word_1_545' title='bbox 1274 5800 1318 5852; x_wconf 89' lang='lat' dir='ltr'>ed.</span> <span class='ocrx_word' id='word_1_546' title='bbox 1331 5799 1489 5865; x_wconf 77' lang='lat' dir='ltr'>Victoriana)</span> <span class='ocrx_word' id='word_1_547' title='bbox 1507 5804 1600 5852; x_wconf 83' lang='lat' dir='ltr'>contra</span> 
     </span>
     <span class='ocr_line' id='line_1_51' title="bbox 271 5875 561 5934; baseline 0.028 -7"><span class='ocrx_word' id='word_1_548' title='bbox 271 5887 366 5928; x_wconf 85' lang='lat' dir='ltr'>omnes</span> <span class='ocrx_word' id='word_1_549' title='bbox 383 5875 489 5931; x_wconf 83' lang='lat' dir='ltr'>codices</span> <span class='ocrx_word' id='word_1_550' title='bbox 505 5878 561 5934; x_wconf 69' lang='grc' dir='ltr'><strong>ΕΙ..</strong></span> 
     </span>
    </p>
   </div>
   <div class='ocr_carea' id='block_1_4' title="bbox 314 5965 1384 6046">
    <p class='ocr_par' dir='ltr' id='par_1_6' title="bbox 314 5965 1384 6046">
     <span class='ocr_line' id='line_1_52' title="bbox 314 5965 1384 6046; baseline -0.002 -26"><span class='ocrx_word' id='word_1_551' title='bbox 314 5965 483 6022; x_wconf 77' lang='lat' dir='ltr'>emona.</span> <span class='ocrx_word' id='word_1_552' title='bbox 1342 5971 1384 6046; x_wconf 70' lang='lat'>52</span> 
     </span>
    </p>
   </div>
   <div class='ocr_carea' id='block_1_5' title="bbox 0 0 1938 7348">
    <p class='ocr_par' dir='ltr' id='par_1_7' title="bbox 0 0 1938 7348">
     <span class='ocr_line' id='line_1_53' title="bbox 0 0 1938 7348; baseline 0 0"><span class='ocrx_word' id='word_1_553' title='bbox 0 0 1938 7348; x_wconf 95' lang='lat' dir='ltr'> </span> 
     </span>
    </p>
   </div>
  </div>
 </body>
</html>
