3800 7350
682 1186 755 1250 cn.
776 1186 940 1249 vr-vn.
967 1183 1013 1268 sp
1036 1180 1180 1249 44-44.
1508 1179 1591 1249 tres

274 1358 341 1441 puli
370 1356 502 1419 Romani
531 1352 691 1418 beneficiis
721 1374 795 1418 usos
817 1356 852 1417 L.
874 1355 1020 1417 Pisonem
1043 1353 1154 1417 ducem
1178 1354 1314 1437 optimae
1336 1352 1509 1416 sententiae
1529 1373 1592 1416 non

274 1460 410 1515 secutos.
446 1448 609 1511 idcircone
631 1469 689 1512 nos
710 1450 849 1532 populus
868 1449 1030 1510 Romanus
1052 1446 1199 1509 consules
1220 1445 1310 1521 iecit,
1332 1446 1421 1511 utin
1443 1446 1596 1509 altissimo

274 1544 372 1628 gradu
394 1542 554 1625 dignitatis
580 1542 675 1605 locati
702 1560 767 1603 rem
794 1541 953 1623 publicam
975 1560 1033 1622 pro
1055 1540 1157 1603 nihilo
1178 1540 1388 1604 haberemus?
1410 1542 1479 1603 Non
1502 1541 1597 1604 modo

274 1657 351 1701 uoce
384 1656 477 1700 nemo
510 1636 545 1698 L.
572 1635 679 1698 Pisoni
708 1635 898 1708 consularis,
931 1635 987 1697 sed
1016 1655 1057 1698 ne
1084 1634 1174 1697 vultu
1203 1633 1332 1717 quidem
1361 1652 1508 1697 assensus
1539 1642 1597 1696 est.

276 1729 326 1794 l5.
348 1731 439 1807 Quae
461 1728 597 1791 maluml
627 1736 675 1792 est
702 1728 763 1791 ista
791 1728 969 1792 uoluntaria
991 1728 1151 1791 servitus?
1185 1727 1293 1789 Fuerit
1314 1725 1467 1809 quaedam
1489 1739 1622 1790 neces-o

276 1826 372 1888 sario:
393 1843 502 1907 neque
524 1842 583 1905 ego
604 1821 664 1885 hoc
686 1820 726 1884 ab
748 1821 894 1884 omnibus
916 1820 956 1884 iis
971 1820 1132 1893 desidero,
1155 1819 1211 1904 qui
1229 1819 1418 1884 senteutiam
1439 1820 1597 1883 consulari

275 1918 347 1981 loco
369 1916 488 1978 dicunt.
520 1915 591 1978 Alia
612 1934 707 1979 causa
729 1924 777 1978 est
791 1935 918 1988 eorum,
940 1935 1074 1998 quorum
1092 1914 1220 1977 silentio
1235 1913 1379 1996 ignosco,
1401 1915 1464 1978 alia
1478 1933 1599 1985 eorum,

279 2031 414 2095 quorum
439 2029 547 2073 vocem
569 2007 711 2092 requiro.
750 2006 837 2083 Quos
861 2007 990 2091 quidem
1005 2007 1098 2071 doleo
1118 2008 1151 2070 in
1172 2006 1387 2090 suspicionem
1404 2007 1523 2090 populo
1538 2007 1600 2068 llo·

276 2123 370 2168 mano
394 2103 501 2168 uenire
523 2122 587 2165 non
610 2100 703 2164 modo
725 2108 842 2176 metus,
875 2101 962 2185 quod
983 2102 1087 2183 ipsum
1109 2107 1194 2163 esset
1214 2106 1320 2182 turpe,
1342 2099 1399 2162 sed
1420 2101 1516 2165 alium
1538 2101 1600 2165 alia

277 2200 317 2261 de
339 2216 436 2261 causa
458 2196 570 2259 deesse
591 2195 737 2276 dignitati
759 2215 843 2257 suae.
886 2195 956 2256 Vll.
975 2194 1080 2269 Quare
1101 2196 1236 2277 primum
1259 2193 1412 2256 maximas
1433 2194 1547 2276 gratim
1569 2202 1637 2256 4444

277 2312 337 2375 apo
360 2299 392 2354 et
412 2290 515 2354 haheo
538 2289 662 2362 Pisoni,
685 2290 825 2372 quinon
848 2289 925 2372 quid
948 2287 1074 2352 efficere
1095 2296 1205 2371 posset
1226 2288 1260 2349 in
1281 2306 1316 2349 re
1337 2286 1464 2370 publica
1484 2288 1602 2370 cogite-

277 2387 339 2461 uit,
368 2385 423 2449 sed
455 2385 530 2468 quid
558 2381 664 2446 facere
693 2381 763 2464 ipse
794 2382 941 2445 deberet:
970 2380 1085 2444 deinde
1113 2401 1132 2444 a
1159 2380 1266 2457 vobis,
1294 2388 1401 2463 patres
1422 2382 1601 2464 conscripti,

278 2486 353 2561 peto
381 2487 429 2553 ut,
460 2483 554 2541 etium
584 2476 612 2539 si
640 2476 733 2559 sequi
763 2476 865 2564 minus¹
890 2470 1047 2538 audebitis
1069 2474 1245 2538 orationem
1266 2484 1363 2558 atque
1385 2475 1600 2539 auctoritatem

279 2591 397 2645 meam,
419 2570 556 2651 benigue
576 2589 627 2632 me
649 2577 771 2642 tameo,
792 2577 827 2632 ut
847 2568 950 2631 adhuc
971 2566 1107 2641 lecistis,
1130 2567 1276 2632 audiatis.
1365 2591 1368 2597 ·

364 2661 415 2726 46.
438 2664 577 2727 Primum
599 2663 695 2746 igitur
715 2670 785 2725 acta
808 2661 950 2725 Caesaris
972 2661 1125 2724 seruanda
1147 2680 1281 2736 censeo,
1303 2681 1367 2725 non
1385 2681 1450 2745 quo
1473 2661 1603 2746 probem
1611 2673 1640 2722 44

279 2757 415 2840 -quis
445 2756 530 2818 enim
558 2754 592 2817 id
614 2755 743 2839 quidem
766 2757 896 2838 potest?
918 2788 960 2801 -
989 2754 1044 2816 sed
1068 2754 1143 2837 quia
1165 2754 1319 2818 rationem
1340 2754 1516 2818 habendam
1538 2774 1604 2818 ma·

279 2852 365 2915 xime
386 2849 522 2913 arbitror
543 2849 631 2933 pacis
653 2857 749 2932 atque
770 2847 838 2920 otii.
870 2847 993 2911 Vellem
1016 2847 1142 2911 adesset
1163 2849 1204 2911 ll.
1227 2847 1395 2923 Antonius,
1417 2850 1512 2914 modo
1534 2851 1604 2914 sine

280 2944 440 3008 aduocatis
463 2977 501 2991 -
526 2943 599 3016 sed,
622 2950 657 3007 ut
678 2942 808 3025 opinor,
830 2941 905 3004 licet
926 2942 956 3003 ei
977 2941 1082 3004 minus
1101 2942 1223 3017 valere,
1248 2944 1336 3027 quod
1357 2944 1435 3007 milri
1456 2943 1526 3009 heri
1546 2965 1605 3027 per

280 3040 370 3101 illum
392 3057 457 3100 non
478 3036 569 3099 licuit
588 3057 650 3098 -ε
675 3035 803 3100 doceret
824 3055 874 3098 me
896 3034 946 3099 uel
961 3035 1066 3117 potius
1081 3055 1155 3111 vos,
1178 3044 1284 3117 patres
1300 3037 1486 3121 conscripti,
1509 3058 1604 3122 quem

281 3131 320 3194 ad
343 3129 471 3194 modum
492 3131 562 3212 ipse
585 3130 727 3194 Caesaris
749 3135 817 3192 actu
839 3127 1033 3191 defenderet.
1069 3129 1118 3190 An
1141 3130 1174 3191 in
1197 3131 1463 3194 commentariolis
1486 3140 1518 3195 et
1539 3133 1642 3197 ciri-to

281 3222 446 3307 ropraphis
478 3232 511 3287 et
542 3222 658 3285 libellis
686 3243 719 3286 sc
748 3241 814 3284 uoo
835 3227 964 3284 auctore
984 3219 1128 3306 prolatis,
1158 3242 1198 3285 ne
1220 3223 1350 3306 prolatis
1371 3224 1516 3307 quidem,
1548 3228 1605 3290 sed

281 3324 402 3379 tantum
424 3316 520 3380 modo
542 3314 651 3390 dictis,
675 3323 744 3379 aeta
767 3314 908 3378 Caesaris
929 3312 1018 3386 firma
1039 3323 1147 3378 erunt:
1174 3335 1256 3399 quae
1277 3316 1333 3381 ille
1355 3318 1387 3380 in
1409 3336 1463 3381 444
1484 3316 1606 3392 incidit,

282 3414 315 3474 in
337 3430 400 3492 quo
421 3409 531 3494 populi
552 3410 638 3472 iussa
660 3415 891 3492 perpetuosque
913 3408 1001 3491 leges
1020 3428 1090 3472 esse
1104 3409 1220 3483 voluit,
1242 3429 1301 3492 pro
1323 3410 1422 3473 nihilo
1443 3409 1606 3473 habebun-

283 3505 356 3567 turl
399 3497 450 3564 ti.
470 3501 628 3585 Equidem
651 3502 795 3565 existimo
817 3501 897 3565 nilril
918 3509 982 3565 tam
1004 3503 1128 3565 esseio
1151 3503 1230 3567 actis
1246 3503 1387 3567 Caesaris
1402 3523 1497 3586 quam
1519 3504 1605 3585 leges

285 3596 436 3660 Caesaris.
469 3597 535 3669 An,
564 3597 591 3658 si
621 3595 672 3658 cui
694 3594 771 3680 quid
794 3595 849 3657 ille
871 3594 1030 3678 promisit,
1052 3594 1085 3657 id
1107 3596 1168 3659 erit
1190 3593 1302 3670 lixum,
1325 3596 1414 3681 quod
1434 3596 1519 3658 idem
1540 3610 1643 3659 nonrs

283 3690 386 3754 lacero
414 3690 542 3772 potuit?
573 3697 609 3752 ut
637 3688 745 3752 multis
766 3689 866 3752 multa
886 3689 1043 3771 promissa
1063 3708 1128 3751 noo
1150 3688 1245 3753 lecit:
1277 3709 1360 3774 quae
1381 3697 1486 3753 tumen
1508 3690 1605 3753 multo

284 3783 375 3867 plura
396 3782 452 3846 illo
473 3790 597 3848 mortuo
620 3789 744 3866 reperta
764 3791 855 3858 sunt,
877 3802 973 3866 quam
992 3784 1099 3847 ariuo
1121 3782 1274 3848 beneficia
1295 3803 1354 3867 per
1374 3803 1484 3847 omnes
1505 3803 1606 3847 annos

351 4146 375 4196 l.
392 4145 430 4195 rei
443 4159 470 4208 p.
489 4156 506 4207 g
524 4169 551 4180 -
576 4147 692 4207 optumae
707 4143 841 4194 secuntiae
856 4157 887 4193 444
902 4158 952 4193 44444
968 4142 991 4192 V
1014 4147 1046 4206 (4.
1064 4158 1085 4195 s.
1103 4145 1276 4208 consecutust)
1295 4170 1322 4183 -
1340 4146 1364 4197 2.
1385 4147 1453 4197 444444.
1467 4146 1608 4210 populoru

286 4247 313 4258 -
331 4219 494 4271 conauoriei
513 4245 540 4255 -
559 4218 771 4268 4444444441οε
790 4218 909 4268 4444444444
925 4219 1124 4282 cnrplirstmopue
1140 4220 1228 4271 iV20.
1252 4220 1290 4271 Cl.
1308 4234 1335 4286 p.
1356 4220 1413 4283 834,
1432 4220 1472 4272 43.
1490 4222 1548 4281 936,
1566 4224 1606 4273 tt.

286 4323 313 4332 -
333 4295 357 4347 l.
375 4294 506 4345 Piuontel)
526 4319 554 4329 -
577 4293 702 4343 conmori
722 4292 1090 4358 izcoosulon'sorettonibg
1109 4321 1135 4330 -
1155 4293 1355 4344 4444444444-
1374 4296 1398 4345 s.
1417 4295 1609 4359 puceVbtel

285 4369 377 4435 Aquila
393 4371 527 4420 Romanus
544 4370 597 4432 (qui
614 4366 1027 4431 §temetipum-muco:
1045 4369 1170 4430 4444444444
1187 4381 1216 4429 4,
1234 4369 1301 4431 quod
1316 4381 1346 4431 g,
1365 4370 1515 4431 4444444444
1534 4379 1609 4424 -oct

285 4445 386 4496 44444-
404 4443 578 4506 444444444ς
596 4441 1139 4493 nchi-lisD—ccurulorilocovbt:
1159 4442 1609 4509 momentariam-iquorem

286 4518 548 4569 --otioeorrunom
562 4528 615 4566 4-
630 4515 654 4567 8.
666 4516 840 4566 4444444444-
855 4517 1035 4579 emptionem
1048 4544 1074 4553 -
1084 4531 1145 4581 pop.
1160 4517 1199 4584 a]
1212 4517 1372 4581 pr.Vcorr.
1385 4530 1487 4582 exper3
1501 4535 1529 4584 p.
1541 4535 1607 4582 r.o;

283 4595 371 4657 populi
386 4596 414 4645 44.
427 4595 436 4644 4
447 4592 541 4655 (matre
555 4605 581 4654 p.
592 4604 616 4640 r.
629 4592 661 4652 4);
678 4591 770 4654 populo
785 4590 909 4642 omnibus
925 4591 1018 4644 litteris
1029 4592 1062 4653 b;
1081 4591 1115 4643 cl.
1128 4606 1155 4658 p.
1168 4591 1225 4653 334,
1237 4592 1279 4644 28.
1289 4618 1315 4629 -
1334 4593 1359 4643 9.
1377 4607 1428 4644 aon
1442 4597 1515 4646 modo
1530 4604 1610 4649 4444444

287 4669 323 4718 V:
339 4681 391 4719 44444
400 4671 468 4717 4444444
483 4666 531 4716 ui.
551 4665 906 4723 (44.14444444444.444.444..
924 4680 952 4732 p.
964 4666 1058 4717 223.-
1076 4672 1112 4718 est
1128 4668 1136 4717 i
1150 4693 1177 4704 -
1197 4668 1236 4717 40.
1250 4668 1280 4717 de
1294 4680 1369 4718 44444
1384 4670 1468 4719 444444
1479 4668 1500 4719 V
1512 4671 1566 4733 (444
1579 4674 1611 4724 dc

287 4756 377 4792 sacrm
392 4743 479 4802 (444444)
493 4766 520 4777 —-
540 4739 668 4804 4444444444
683 4740 800 4791 44444444
814 4766 841 4777 -
861 4741 945 4802 Quare
960 4742 1059 4806 pretias
1071 4743 1155 4805 pisoni
1170 4743 1299 4793 4444444444
1314 4749 1338 4794 et
1353 4745 1523 4808 opoetlobco
1534 4746 1610 4799 effert

288 4816 390 4867 Grillius
407 4813 451 4865 lol.
464 4815 504 4864 48.
520 4841 548 4852 -
566 4818 590 4864 44
606 4827 654 4877 apo
670 4820 694 4865 44
708 4814 830 4866 44444444
849 4821 873 4866 44
888 4815 965 4866 ludeo
981 4822 1005 4867 ct
1020 4818 1137 4881 opoDl3
1155 4821 1183 4868 44
1199 4817 1233 4870 cl.
1251 4817 1314 4870 Plril.
1331 4819 1377 4881 lll,
1395 4818 1411 4883 5
1427 4819 1469 4869 rt.
1488 4833 1514 4885 p.
1527 4823 1608 4873 Marc.

288 4891 367 4956 §³³3
384 4891 508 4940 inversus
524 4887 590 4938 ordo
607 4891 649 4939 444
663 4887 728 4940 Phil.
745 4890 781 4950 44,
799 4888 815 4953 5
833 4891 860 4940 4.
879 4917 906 4928 -
925 4891 965 4941 tl.
983 4892 1065 4942 Pisoni
1080 4894 1116 4943 V:
1135 4894 1163 4944 l.
1181 4894 1263 4944 Picent
1279 4895 1347 4946 tuo
1367 4921 1394 4931 -
1411 4894 1470 4959 44444]
1487 4892 1525 4945 nd
1543 4897 1608 4946 V·

285 4965 361 5027 poerit
376 4964 398 5011 V
416 4975 456 5026 pr.
474 4973 511 5011 m.
530 4974 562 5012 ex
577 4967 657 5024 posset
673 4975 743 5013 corr.
761 4964 833 5028 (4444.
850 4970 930 5028 posset
946 4958 1000 5016 orii.
1018 4968 1042 5030 e)
1062 4995 1089 5005 -
1106 4970 1134 5019 444
1149 4981 1244 5032 remp.
1262 4982 1278 5033 g
1298 4995 1325 5006 -
1345 4970 1384 5019 ta.
1403 4971 1463 5032 quid
1478 4983 1533 5022 om.
1552 4975 1562 5022 t
1581 4999 1608 5010 -

287 5034 782 5101 tpsefocerci-tl.mcttomenV;
804 5041 981 5099 tommmei3
1001 5041 1205 5106 mecmbpr.
1224 5054 1261 5093 m.
1283 5071 1310 5081 -
1332 5043 1423 5105 lecistis
1443 5045 1608 5096 44444444)-

289 5115 328 5164 46.
346 5112 411 5163 4444444
427 5111 449 5160 V
466 5122 535 5160 corr.
553 5123 585 5160 44
609 5112 706 5162 micum
724 5139 751 5150 -
774 5114 814 5163 44.
828 5114 946 5176 paucist
972 5142 999 5151 -
1022 5120 1046 5166 44
1061 5110 1148 5175 otium
1171 5117 1267 5167 4444444·
1284 5116 1314 5165 V¹
1331 5141 1359 5152 -
1378 5118 1472 5168 44444444
1489 5120 1523 5170 44.
1542 5133 1609 5172 nos:

288 5191 396 5239 44444444
412 5187 434 5235 V
452 5184 510 5249 (sed
525 5198 551 5235 444
568 5188 714 5250 4444444444
733 5189 768 5239 ll.
786 5200 839 5238 om.
854 5189 962 5239 too-
982 5189 1022 5240 48.
1035 5191 1148 5240 44444444
1164 5193 1218 5240 4-
1234 5191 1276 5241 scd
1291 5195 1337 5240 cut
1352 5191 1424 5240 V1-
1442 5192 1611 5246 4444444444.

289 5278 320 5314 44
337 5263 420 5326 4444444
432 5287 459 5297 -
479 5260 519 5310 49.
537 5260 606 5311 licuit
621 5262 656 5313 Vi
669 5263 725 5327 (sed
742 5263 893 5314 habetViu
911 5275 964 5313 ras.
977 5277 993 5313 4
1011 5265 1142 5325 444.,444.);
1161 5266 1248 5317 4444444
1264 5267 1296 5327 D,
1314 5268 1344 5317 ut
1359 5267 1385 5316 io
1402 5267 1424 5316 V
1441 5282 1481 5332 pr.
1494 5283 1531 5320 m.
1544 5274 1613 5321 seri·

289 5342 364 5403 ptum
381 5338 461 5388 luisse
478 5336 615 5391 contendit
631 5339 735 5402 Deycks
753 5328 901 5401 tin'oomm.
914 5338 949 5389 de
965 5338 1024 5389 cod.
1037 5338 1102 5390 Phil.
1116 5339 1242 5390 Vaticano
1253 5353 1280 5405 p.
1293 5340 1344 5404 tt),
1365 5339 1399 5390 de
1411 5355 1464 5406 qua
1476 5357 1505 5395 re
1522 5348 1612 5396 4444444

290 5414 361 5463 tacet
377 5409 490 5463 collatio.
510 5435 539 5446 —
565 5411 662 5463 4444444
678 5426 731 5464 om.
750 5414 796 5475 V¹;
818 5413 938 5465 44444444
958 5439 986 5450 -
1003 5413 1052 5479 ore]
1075 5418 1099 5463 44
1114 5414 1137 5463 V
1155 5441 1182 5451 -
1200 5415 1241 5467 40.
1259 5413 1329 5476 44444
1345 5427 1361 5465 4
1378 5439 1407 5451 -
1430 5421 1613 5470 montano&

291 5483 536 5548 v-coeoprcrttr
551 5483 602 5535 bt:
620 5487 783 5552 cproprupldr
796 5488 907 5553 4144-
925 5489 966 5539 44.
982 5487 1097 5552 modetia
1112 5500 1193 5553 eg-
1210 5489 1289 5539 ch:
1307 5502 1339 5540 uo
1353 5492 1612 5557 aeut-22.qu

291 5562 364 5624 q.V;
384 5557 595 5622 44444--44444444
610 5561 687 5612 444444
701 5563 845 5616 Arusianus
862 5577 889 5629 p.
901 5563 949 5615 sta
961 5564 989 5615 L.
1005 5590 1033 5600 -
1051 5563 1093 5614 ta.
1108 5566 1270 5626 perpetuast
1289 5591 1315 5602 -
1333 5563 1374 5616 st.
1391 5566 1425 5617 Et
1440 5570 1537 5631 44444444
1553 5582 1609 5619 4-

289 5638 317 5685 ic
333 5636 396 5685 44444
411 5645 461 5684 4444
477 5644 492 5682 u
511 5658 539 5672 ·-
557 5635 598 5685 45.
616 5643 671 5688 crat
687 5651 703 5688 a
721 5664 747 5674 -
772 5652 823 5689 4444
836 5640 920 5703 {uem
935 5639 1070 5690 timebas:
1093 5638 1176 5701 444444
1190 5652 1241 5689 44444
1258 5637 1337 5690 codd.
1356 5640 1443 5702 (etiem
1459 5656 1489 5704 44,
1507 5643 1542 5694 de
1558 5656 1612 5708 quo

292 5709 355 5760 laisa
372 5707 483 5760 Orellius
499 5708 614 5771 prodidit
630 5714 656 5763 in
672 5725 726 5765 orr.
744 5712 800 5764 sell.
818 5714 899 5773 444144,
916 5712 965 5764 sed
982 5714 1094 5763 nonest
1110 5724 1186 5763 error
1201 5712 1284 5777 ipsius
1300 5713 1349 5765 sed
1361 5713 1513 5776 collationis,
1530 5729 1612 5781 quum

292 5785 327 5841 ad
345 5797 454 5836 menum
470 5778 627 5849 4441444444-
649 5789 737 5838 ssu
751 5787 944 5838 4444444441-
969 5802 1019 5839 44444
1033 5787 1099 5852 iecit]
1115 5787 1251 5839 4444444444)
1270 5814 1298 5825 -
1316 5791 1539 5851 euronotum
1555 5802 1610 5841 om.

292 5858 346 5909 4-“
365 5860 1609 5929 ri.roceumtttomoruoitroporougt-quamutooabir-omouV—umovu
1721 5928 1725 5936 Α
