3800 7350
680 1203 755 1269 cn.
777 1203 934 1268 x-xu
962 1199 1009 1287 ss
1030 1198 1179 1269 aa-eo.
1513 1197 1596 1264 ltro

271 1378 304 1441 iu
328 1376 405 1439 meir
427 1373 563 1438 miseriis
586 1374 729 1438 divinum
750 1373 882 1459 aliquod
904 1373 1059 1439 auxilium
1079 1380 1112 1436 et
1132 1392 1251 1436 numen
1265 1371 1433 1436 odendite.
1465 1373 1521 1435 lll.
1544 1368 1596 1435 26.

270 1470 393 1535 Deinde
420 1488 494 1543 ros,
524 1488 657 1551 quorum
689 1473 828 1551 potestas
850 1468 997 1549 proxime
1017 1467 1057 1531 ad
1081 1467 1212 1531 deorum
1234 1466 1458 1530 immortalium
1478 1486 1598 1531 numen

270 1561 408 1636 accedit,
439 1582 494 1625 oro
522 1569 618 1645 atque
640 1562 788 1635 obsecro,
819 1561 934 1645 quibus
956 1562 1138 1644 singillatim
1161 1581 1258 1645 saepe
1280 1560 1417 1644 supplex
1437 1560 1477 1623 ad
1498 1559 1597 1643 pedes

270 1657 369 1729 iacui,
396 1665 431 1718 ut
453 1674 540 1729 eum,
569 1674 664 1739 quem
686 1655 805 1736 singuli
827 1661 959 1716 stratum
981 1665 1078 1739 atque
1099 1655 1255 1719 abiectum
1278 1654 1482 1728 sublevastis,
1511 1671 1597 1715 nunc

270 1748 411 1812 universi
433 1757 652 1811 conservatum
674 1747 797 1822 relitis3
820 1748 847 1810 si
868 1749 1026 1811 neminem
1051 1769 1200 1833 umquam
1222 1757 1360 1812 restrum
1382 1748 1478 1822 laesi3
1499 1749 1526 1810 si
1541 1761 1621 1809 rae-s

270 1842 347 1905 mini
369 1842 530 1906 innocenti
553 1841 658 1914 obfui,
681 1841 737 1904 sed
762 1840 858 1904 etiam
880 1862 898 1904 e
920 1842 1095 1916 contrario,
1119 1843 1306 1925 utquisque
1322 1840 1598 1905 meumauxilium

271 1936 478 2009 desiderarit,
505 1955 597 2018 opem
621 1936 703 1999 serre
728 1955 795 1998 uon
817 1935 977 2010 dubitavi3
1000 1936 1027 1997 si
1050 1937 1199 2019 denique,
1221 1956 1440 2020 quaecumque
1462 1934 1597 1998 admini-

270 2032 383 2105 stravi,
405 2049 446 2092 er
467 2035 571 2092 restra
595 2029 778 2091 auctoritate
801 2037 833 2092 et
854 2037 979 2110 patrum
1002 2031 1253 2113 conscriptorum
1275 2030 1437 2095 voluntate
1459 2027 1539 2101 leci3
1569 2026 1598 2090 si

269 2124 366 2188 malui
394 2123 594 2185 inimicorum
624 2120 791 2204 cupiditati
820 2142 914 2203 quam
943 2125 989 2185 rei
1017 2124 1163 2208 publicae
1185 2133 1217 2187 et
1237 2124 1396 2207 legitimae
1418 2120 1599 2185 auctoritati

269 2237 390 2300 poenas
418 2216 566 2279 sufferre:
596 2214 641 2277 uti
664 2214 850 2279 existimetis
872 2236 912 2279 ex
938 2217 996 2280 illo
1017 2218 1236 2282 crudelissimo
1258 2218 1455 2282 inimicorum
1477 2218 1635 2297 impeturn

271 2317 414 2393 ereptum
436 2310 469 2372 iu
491 2309 657 2389 antiquum
679 2315 795 2371 statum
817 2310 979 2392 dignitatis
1001 2313 1124 2375 restitui
1146 2313 1326 2375 convenire.
1362 2308 1414 2374 27.
1437 2308 1499 2374 Sed
1517 2326 1598 2389 quo·

270 2404 355 2467 niam
384 2421 489 2488 neque
518 2401 595 2463 mihi
624 2401 723 2465 libere
751 2404 902 2487 loquendi
930 2425 1036 2489 neque
1066 2406 1156 2469 robis
1177 2406 1349 2469 clementer
1370 2401 1519 2468 audiendi
1541 2420 1598 2463 ne-

271 2519 334 2581 que
364 2498 494 2560 omniuo
524 2494 684 2559 iudicandi
712 2517 883 2579 paucorum
911 2498 1019 2563 furore
1050 2508 1082 2563 et
1110 2499 1242 2564 audacia
1268 2500 1353 2563 sacta
1374 2506 1422 2562 est
1442 2501 1597 2580 potestas,
1630 2540 1637 2551 .

270 2590 325 2654 sed
349 2609 499 2673 oppressa
520 2597 570 2652 est
590 2609 641 2651 res
662 2590 788 2674 publica
811 2593 922 2668 armis,
950 2600 1037 2656 metu
1059 2592 1221 2656 debilitata
1242 2593 1364 2666 servili,
1394 2591 1441 2654 nti
1462 2590 1597 2654 liberum

270 2685 412 2769 spiritum
435 2681 570 2747 ducendi
594 2683 712 2745 nullam
735 2683 850 2748 habeat
871 2695 1076 2769 potestatem,
1099 2687 1207 2750 cedam
1230 2687 1370 2750 inermus
1384 2685 1526 2758 armatis,
1548 2683 1635 2746 in-tt

269 2797 389 2840 nocens
411 2777 615 2850 nocentibus,
638 2777 778 2859 privatus
800 2777 973 2843 furibundo
997 2782 1203 2863 magistratui.
1239 2783 1349 2866 Neque
1372 2779 1515 2854 elimo.
1530 2778 1597 2840 lle-

270 2870 364 2934 tellus
392 2872 562 2954 quicquam
593 2869 631 2933 de
661 2891 719 2934 sua
749 2872 864 2936 virtute
886 2874 1040 2947 detraxit,
1071 2875 1156 2958 quod
1180 2876 1276 2939 cessit
1297 2877 1331 2936 L.
1354 2873 1525 2937 Saturnino
1546 2867 1597 2931 fu·

269 2964 366 3038 renti,
389 2984 494 3046 neque
518 2964 551 3026 C.
573 2963 676 3037 Cotta,
700 2963 787 3047 quod
811 2966 849 3041 Q.
865 2968 960 3032 Vario
983 2969 1108 3032 tribuno
1131 2968 1186 3052 pt,
1209 2968 1358 3033 inferiore
1379 2987 1494 3051 genere
1515 2972 1596 3039 orto,

270 3056 448 3121 cedendum
476 3056 614 3140 putavit,
643 3078 748 3141 neque
779 3058 812 3121 C.
834 3061 969 3135 lllarius,
1000 3063 1057 3145 qui
1087 3073 1221 3145 quantas
1242 3082 1294 3125 res
1316 3060 1465 3146 gesserit,
1492 3064 1596 3121 restra

269 3152 359 3216 vobis
388 3151 516 3214 libertas
546 3149 664 3214 iudicio
693 3172 763 3214 esse
793 3156 925 3237 poterit,
953 3175 1058 3239 neque
1088 3156 1130 3218 Μ.
1152 3156 1275 3219 Tullius
1302 3176 1393 3218 suum
1416 3154 1555 3216 animum
1577 3171 1633 3217 ato

271 3251 375 3308 restra
403 3244 592 3308 abalienavit
619 3252 791 3328 potestate,
823 3268 894 3311 cum
922 3251 1125 3333 praecipuum
1147 3248 1237 3312 robis
1259 3248 1402 3312 obsidem
1430 3248 1479 3310 sui
1499 3244 1595 3308 animi

270 3346 406 3402 vestram
436 3337 601 3421 reliquerit
631 3339 817 3404 libertatem.
861 3339 912 3405 28.
935 3344 1038 3420 Quam
1067 3343 1107 3406 ob
1134 3364 1202 3406 rem
1231 3350 1331 3406 testor
1351 3342 1429 3405 deos
1455 3340 1595 3423 deasque

269 3430 462 3494 immortales
493 3441 677 3515 vestrasque
699 3435 834 3498 maxime
856 3446 995 3513 mentes,
1028 3458 1078 3500 me
1100 3456 1166 3499 non
1188 3437 1270 3500 ritae
1292 3434 1502 3520 turpitudine,
1530 3454 1596 3497 non

269 3544 327 3608 pro
350 3524 565 3607 magnitudine
586 3526 759 3602 scelerum,
782 3548 846 3592 uon
870 3539 999 3612 propter
1017 3531 1159 3614 reliquae
1173 3532 1285 3594 aetatis
1300 3529 1461 3593 infamiam
1476 3548 1596 3612 poenas

268 3622 336 3684 iure
359 3627 391 3683 et
410 3619 480 3703 lege
502 3622 703 3704 persolvere,
725 3621 781 3686 sed
804 3631 934 3708 propter
947 3625 1074 3688 virtutis
1095 3623 1262 3699 invidiam,
1284 3631 1413 3708 propter
1433 3622 1633 3688 iucundis-ro

269 3717 380 3780 simam
402 3716 521 3798 ingenii
544 3715 684 3790 laudem,
712 3726 842 3800 propter
868 3719 1116 3801 magnitudinem
1138 3740 1243 3782 rerum
1265 3728 1422 3802 gestarum
1444 3716 1597 3781 crudelis·

270 3810 349 3872 sime
372 3811 496 3873 civitate
519 3810 645 3891 privari.
681 3810 774 3885 Quod
798 3811 824 3874 si
846 3809 930 3875 idem
954 3812 1067 3876 accidit
1090 3813 1128 3888 0.
1145 3813 1310 3896 Caepioni,
1332 3813 1359 3875 si
1381 3811 1546 3886 Mancino,
1568 3811 1596 3874 si

268 3903 407 3977 Rutilio,
430 3903 507 3966 mihi
528 3904 589 3966 hoc
611 3904 766 3967 accidisse
789 3924 852 3967 uon
875 3925 990 3988 magno
1013 3927 1109 3988 opere
1132 3909 1190 3970 erit
1204 3905 1398 3980 mirandum,
1421 3927 1491 3969 oum
1506 3926 1596 3990 prae·

271 3997 379 4059 sertim
402 4016 466 4059 uon
488 3997 612 4080 generis
634 3996 839 4078 antiquitate,
862 3997 918 4061 sed
940 4001 1063 4063 virtutis
1080 4001 1272 4064 ornamentis
1294 4020 1449 4062 summam
1471 3998 1595 4063 laudem

270 4091 328 4152 sim
352 4098 551 4152 consecutus.
595 4090 665 4151 Xll.
686 4086 737 4151 29.
759 4091 848 4153 Nunc
870 4113 943 4165 vos,
966 4094 1091 4176 equites
1112 4095 1260 4167 Romani,
1283 4094 1439 4168 obtestor,
1462 4113 1632 4177 quorumao

269 4186 384 4246 virtute
406 4204 522 4246 nomeu
544 4184 720 4245 Romanum
735 4183 899 4247 victoriam
915 4205 984 4249 cum
1007 4186 1102 4249 laude
1123 4185 1267 4269 possidet
1281 4189 1496 4261 coniunctam,
1518 4208 1596 4273 quo-

268 4297 338 4338 rum
361 4276 453 4339 factis
475 4275 649 4359 gloriantur
671 4276 770 4352 cives,
795 4277 953 4341 laetantur
974 4280 1068 4355 socii,
1090 4288 1221 4364 gemunt
1241 4281 1365 4354 hostes,
1393 4288 1444 4355 ut,
1472 4280 1499 4343 si
1522 4299 1597 4363 erga

269 4391 325 4432 vos
355 4371 441 4432 omui
464 4378 605 4452 tempore
628 4370 747 4453 optime
768 4370 814 4434 lui
837 4373 1009 4447 animatus,
1040 4375 1067 4437 si
1093 4394 1162 4437 mea
1184 4375 1327 4457 pericula
1348 4374 1493 4457 neglexi,
1521 4373 1594 4437 dum

270 4467 416 4530 timorem
438 4486 457 4529 a
487 4467 588 4550 patria
609 4467 844 4550 propulsarem,
872 4468 898 4527 si
922 4486 1024 4550 aeque
1046 4468 1155 4531 liberis
1178 4469 1289 4531 restris
1310 4469 1459 4552 prospexi
1481 4487 1518 4530 ac
1538 4487 1596 4530 ros

268 4561 450 4643 parentibus
472 4561 666 4634 consuestis,
688 4568 724 4623 ut
745 4579 828 4624 nunc
850 4580 900 4622 me
915 4560 1021 4625 velitis
1042 4562 1154 4625 vestris
1170 4562 1285 4645 opibus
1302 4556 1490 4646 [defensum]
1507 4562 1631 4631 inco-as

268 4655 385 4718 lumem
406 4656 438 4717 iu
460 4654 519 4719 hac
542 4654 668 4718 civitate
690 4654 843 4729 retinere,
867 4675 949 4739 quae
967 4656 1076 4718 civitas
1091 4676 1162 4719 cum
1177 4675 1196 4719 a
1211 4655 1363 4720 scelerata
1377 4655 1594 4719 coniuratione

334 5003 357 5051 4.
375 5015 464 5051 comeo
481 5001 527 5050 ES
545 5027 573 5037 —
591 5001 615 5050 2,
633 5001 878 5053 inmortattamG-
898 5005 922 5055 3.
937 5004 1047 5054 ascendit
1064 5005 1149 5054 ES-
1170 5004 1296 5055 assde:
1314 5004 1403 5055 sio-
1422 5005 1594 5055 mmmcm-

266 5078 372 5127 tiamc:
391 5077 516 5127 ancilium
531 5077 644 5126 meumO
659 5104 685 5113 -
703 5077 728 5128 8.
741 5092 774 5128 ec
789 5081 940 5129 nostros-
960 5082 999 5131 40.
1013 5079 1051 5130 uti
1067 5080 1099 5129 P:
1117 5078 1254 5128 utGESO
1269 5105 1296 5114 -
1315 5092 1348 5128 ec
1363 5078 1449 5128 ator:
1469 5079 1591 5138 callisti,

267 5152 364 5203 auritio
375 5152 417 5201 Es
429 5179 456 5188 -
476 5154 516 5203 42.
529 5153 656 5215 eloquendi
667 5155 701 5212 P;
720 5152 753 5203 cl.
766 5167 792 5217 p.
806 5153 878 5215 4046,
892 5155 932 5206 33,
946 5182 974 5192 -
990 5154 1115 5218 audtasdt]
1128 5155 1257 5203 iudicandi
1267 5155 1301 5212 C,
1318 5153 1462 5204 0400400004
1476 5152 1593 5203 Halmius

269 5254 296 5265 -
313 5229 353 5278 43.
370 5228 510 5279 audattaP
530 5255 557 5264 -
582 5228 621 5278 40.
640 5229 744 5279 ducendi
762 5230 792 5279 P:
817 5231 914 5281 {tuendi
931 5233 1003 5283 GES
1023 5255 1050 5267 -
1076 5231 1236 5279 tuermaeP:
1257 5229 1357 5279 triennis
1378 5228 1482 5279 GESO
1503 5255 1529 5264 -
1550 5228 1590 5279 ⁴7.

267 5304 440 5365 qaidquumO
460 5330 485 5339 -
505 5317 552 5352 saa
567 5304 660 5354 uirtute
677 5304 709 5352 C:
733 5305 823 5355 virtute
837 5320 884 5355 sua
901 5308 921 5356 0
940 5334 967 5342 -
992 5307 1032 5357 t8.
1051 5306 1088 5367 0.]
1108 5306 1147 5354 ,6.
1167 5306 1199 5363 Ρ;
1219 5317 1272 5354 om,
1292 5305 1369 5354 GliS
1388 5329 1415 5340 -
1435 5307 1507 5352 cocto
1524 5303 1590 5363 a&

267 5383 324 5428 cous
340 5378 357 5427 S
375 5402 402 5412 —
424 5377 463 5441 O.]
482 5392 529 5440 que
545 5379 591 5429 Es
610 5404 637 5415 -
658 5393 695 5428 ra.
714 5393 752 5429 ra.
772 5381 804 5440 Ρς
823 5381 921 5431 tribuno
936 5382 1013 5443 plobtr
1029 5381 1049 5431 0
1068 5406 1094 5415 -
1113 5379 1262 5441 iafoetoriP
1281 5404 1308 5415 -
1329 5379 1369 5429 49.
1383 5378 1471 5428 G.PS
1490 5404 1517 5412 -
1535 5391 1594 5426 mo-

266 5455 334 5503 riam
351 5455 369 5502 P
383 5476 410 5488 -
429 5452 470 5502 20.
489 5454 576 5503 inditio
591 5456 624 5514 1³;
642 5455 733 5505 iudicio
751 5456 808 5503 S-
828 5469 906 5518 aeque
922 5458 986 5507 PG:
1005 5468 1083 5516 aeque
1098 5467 1158 5504 uero
1174 5453 1245 5503 ESO
1260 5479 1284 5491 -
1305 5455 1346 5504 24.
1365 5452 1424 5504 lort.
1442 5452 1594 5503 commotu

269 5557 296 5565 -
309 5529 475 5591 praecipuam
491 5531 522 5579 P:
539 5529 670 5590 praecium
686 5529 717 5588 S,
734 5531 847 5591 precium
864 5531 896 5589 E,
914 5531 1024 5592 pretium
1041 5532 1061 5580 G
1075 5556 1101 5566 -
1120 5530 1161 5579 22.
1175 5531 1281 5592 deusque
1298 5529 1332 5578 C:
1350 5529 1457 5591 deosque
1472 5531 1592 5579 amasso

268 5630 294 5638 -
309 5603 350 5653 23.
369 5602 517 5652 immortalis
533 5605 561 5660 P.
580 5603 720 5653 inmortalis
738 5605 759 5653 G
774 5631 800 5639 -
819 5604 860 5656 24.
879 5605 998 5654 scekvum
1013 5606 1185 5668 magnitudine
1201 5605 1236 5654 C:
1254 5603 1426 5667 magnitudine
1441 5603 1592 5653 waleranno

269 5705 296 5714 -
309 5678 350 5728 20.
369 5677 402 5742 et]
419 5679 490 5727 uetG
504 5704 530 5713 -
550 5677 749 5726 iocundissimum
766 5679 825 5727 (ὶ-
846 5679 886 5729 tl.
907 5679 946 5743 0.]
965 5693 1012 5740 que
1029 5681 1072 5730 ES
1092 5707 1118 5716 -
1137 5680 1234 5742 cepioni
1250 5682 1284 5738 ῦς
1302 5679 1423 5742 scaptioni
1439 5681 1471 5737 P;
1489 5679 1593 5740 sciptum

266 5756 283 5804 S
303 5780 329 5790 -
348 5754 389 5804 28.
407 5753 518 5804 mitte:
542 5754 602 5802 miti
619 5766 716 5815 qaoque
732 5754 751 5803 0
769 5779 796 5788 —
816 5767 968 5817 magnopere
985 5755 1004 5804 C
1023 5780 1051 5790 —
1070 5754 1111 5805 30.
1129 5768 1175 5804 uos
1191 5755 1225 5805 C:
1244 5768 1289 5818 ego
1304 5767 1348 5803 vos
1364 5754 1384 5804 0
1403 5780 1430 5789 -
1449 5756 1591 5816 optestorl’

268 5854 295 5864 -
315 5828 355 5879 32.
373 5833 473 5893 panant
490 5830 576 5878 hostes.
590 5829 716 5879 laetantur
731 5829 791 5878 socii
809 5830 884 5879 GES
904 5856 929 5865 -
949 5829 990 5880 30.
1008 5830 1138 5881 cumulata
1154 5826 1198 5890 G¹;
1216 5829 1343 5880 consulitis
1358 5829 1440 5881 G¹ES
1460 5855 1487 5866 -
1506 5829 1591 5892 deson·

264 5915 320 5953 sum
333 5916 471 5967 superscr.
491 5902 572 5954 habet
589 5905 608 5955 P
625 5929 653 5942 -
673 5903 713 5955 30.
732 5903 822 5954 etaim
839 5904 872 5955 C:
891 5916 944 5954 om.
965 5903 996 5957 0.
