3800 7350
315 1146 398 1213 llos
731 1145 882 1211 ORATIO
904 1148 1130 1215 PHILIPPICA
1149 1150 1234 1215 xlv.

315 1319 372 1396 eis,
394 1317 451 1402 qui
465 1337 529 1381 una
544 1324 720 1399 pugnantes
736 1315 928 1393 occiderint,
950 1326 1187 1383 monumentum
1201 1318 1272 1384 fieri
1286 1339 1381 1403 mam
1395 1318 1662 1404 amplissimum.

314 1415 428 1496 Magna
455 1418 550 1494 atque
580 1410 778 1474 incredibilia
805 1416 877 1473 sunt
905 1411 939 1474 in
968 1431 1035 1476 rem
1062 1412 1218 1497 publicam
1243 1412 1338 1477 huius
1360 1414 1475 1478 merita
1498 1411 1661 1495 legionis.

313 1507 399 1570 Ilaec
431 1524 465 1568 se
494 1505 596 1587 prima
622 1504 786 1568 latrocinio
809 1504 934 1587 abrupit
954 1506 1102 1580 Antonii,
1129 1505 1208 1570 baec
1229 1508 1331 1570 tenuit
1350 1508 1486 1583 Albam,
1511 1506 1601 1570 baec
1623 1522 1660 1567 se

314 1600 354 1664 ad
377 1600 542 1663 Caesarem
565 1598 714 1672 contulit3
740 1597 822 1661 banc
850 1599 970 1663 imitata
992 1607 1104 1683 quarta
1125 1598 1208 1682 legio
1231 1618 1339 1684 parem
1359 1602 1490 1665 vimutis
1513 1599 1658 1683 gloriam

289 1700 483 1763 econsecuta
505 1699 562 1755 est
600 1691 719 1767 Quarta
732 1692 844 1755 victrix
865 1691 1024 1755 desiderat
1044 1693 1222 1757 neminem:
1245 1713 1287 1756 ex
1301 1696 1414 1759 Martia
1435 1693 1597 1759 nonnulli
1621 1693 1655 1755 in

312 1791 381 1872 Ipsa
408 1785 539 1851 victoria
566 1785 783 1849 conciderunt.
820 1784 847 1848 0
876 1785 1034 1849 fortunata
1059 1806 1159 1862 mors,
1187 1806 1270 1869 quae
1298 1797 1430 1852 naturae
1452 1788 1568 1853 debita
1593 1807 1654 1871 pro

313 1882 413 1965 patria
436 1887 483 1943 est
503 1878 703 1962 potissimum
726 1876 867 1942 reddital
911 1876 963 1942 32.
986 1881 1051 1942 Vos
1072 1899 1149 1943 vero
1171 1880 1292 1962 patriae
1308 1890 1398 1946 natos
1413 1882 1541 1946 iudico:
1568 1900 1654 1965 quo-

312 1995 382 2039 rum
404 1975 498 2037 etiam
519 1992 635 2035 nomeu
658 1990 677 2034 a
698 1973 797 2035 Ilarte
820 1980 882 2047 est,
903 1979 939 2034 ut
960 1972 1043 2035 idem
1066 1973 1145 2036 deus
1167 1973 1276 2036 urbem
1298 1973 1380 2039 banc
1396 1978 1566 2060 gentibus,
1591 1997 1651 2041 vos

312 2068 386 2132 huic
415 2066 483 2129 urbi
514 2065 659 2148 genuisse
688 2064 844 2128 videatur.
884 2066 920 2128 In
949 2065 1023 2149 iuga
1044 2065 1139 2129 foeda
1160 2086 1245 2130 mors
1268 2075 1332 2143 est,
1360 2070 1392 2132 in
1415 2073 1557 2137 victoria
1580 2071 1650 2154 glo-

275 2162 412 2233 toriosa:
444 2160 560 2223 etenim
587 2160 670 2222 Ilars
697 2159 766 2241 ipse
795 2178 835 2221 ex
863 2160 931 2223 acie
953 2158 1160 2223 fortissimum
1183 2180 1343 2246 quemque
1364 2164 1526 2247 pignerari
1552 2166 1649 2230 solet.

311 2255 362 2319 Illi
384 2254 480 2337 igitur
500 2252 606 2335 impii,
632 2272 713 2337 quos
729 2252 905 2327 cecidistis,
928 2253 1077 2315 etiamad
1099 2252 1220 2317 inferos
1240 2274 1360 2338 poenes
1381 2259 1515 2340 parridii
1539 2258 1648 2322 luent:

312 2370 369 2415 vos
390 2368 482 2422 vero,
505 2347 559 2431 qui
584 2353 760 2415 extremum
782 2347 925 2429 spiritum
947 2347 982 2408 in
996 2347 1130 2411 victoria
1150 2348 1321 2424 effudistis,
1342 2350 1465 2434 piorum
1491 2352 1573 2416 estis
1596 2372 1647 2416 se·

312 2444 385 2508 dem
407 2450 439 2506 et
459 2442 563 2506 locum
585 2440 757 2503 consecuti.
793 2439 901 2502 Brevis
921 2447 1066 2503 anatura
1080 2441 1141 2504 vita
1158 2441 1247 2505 vobis
1263 2440 1335 2506 data
1350 2452 1415 2518 est,
1438 2453 1471 2509 et
1485 2446 1648 2509 memoria

311 2540 394 2602 bene
419 2535 560 2600 redditae
591 2534 674 2596 vitae
697 2534 899 2616 sempiterna.
937 2534 1027 2610 Quae
1050 2535 1076 2597 si
1099 2554 1164 2598 non
1187 2544 1272 2600 esset
1294 2537 1419 2620 longior
1439 2559 1538 2623 quam
1562 2538 1647 2603 haec

274 2635 395 2707 inrita,
417 2630 487 2714 quis
510 2636 594 2692 esset
616 2635 679 2691 tam
701 2648 810 2691 amens
835 2630 890 2711 qui
914 2629 1058 2691 maximis
1080 2629 1242 2693 laboribus
1264 2637 1296 2695 et
1317 2631 1468 2714 periculis
1489 2631 1531 2695 ad
1556 2652 1647 2696 sum·

311 2746 394 2789 mam
422 2723 549 2786 laudem
579 2723 775 2806 gloriamque
804 2721 1032 2785 contenderet?
1075 2719 1126 2784 38.
1148 2724 1261 2787 Actum
1283 2725 1379 2807 igitur
1398 2726 1563 2809 praeclare
1585 2747 1646 2790 ro-

311 2820 448 2892 biscum,
478 2817 654 2891 fortissimi,
684 2816 758 2880 dum
787 2817 927 2890 risistis,
957 2837 1041 2878 nunc
1068 2836 1143 2880 vero
1174 2819 1268 2880 etiam
1297 2819 1486 2883 sanctissimi
1509 2820 1645 2895 milites,

311 2914 397 2998 quod
419 2918 522 2975 vestra
543 2910 642 2973 virtus
664 2931 768 2994 neque
791 2911 953 2974 oblivione
968 2930 1093 2985 eomm,
1116 2912 1171 2995 qui
1191 2932 1276 2976 nunc
1291 2919 1378 2990 suut,
1399 2933 1458 2976 nec
1473 2914 1645 2978 reticentia

309 3015 510 3091 posterorum
532 3003 656 3087 sepulta
677 3024 746 3069 esse
767 3004 901 3088 poterit,
923 3024 994 3067 cum
1010 3004 1100 3068 vobis
1117 3006 1294 3069 immortale
1313 3018 1556 3072 monumentum
1572 3009 1644 3071 suis

271 3122 410 3186 sopaene
438 3099 582 3164 manibus
611 3106 738 3162 senatus
767 3097 968 3183 populusque
994 3098 1154 3161 Romanus
1183 3102 1385 3162 exstruxerit.
1427 3100 1518 3164 Ilulti
1540 3121 1643 3185 saepe
1698 3147 1703 3159 .

309 3195 468 3263 exercitus
497 3191 640 3266 Punicis,
674 3192 818 3267 Gallicis,
850 3190 968 3254 ItaIIcis
996 3189 1090 3253 bellis
1120 3191 1197 3255 clari
1218 3199 1250 3255 et
1272 3193 1376 3275 magni
1397 3192 1546 3269 fuerunt,
1577 3214 1642 3259 nec

310 3300 415 3356 tammr
436 3285 510 3350 ullis
531 3284 595 3347 tale
617 3304 716 3367 genus
737 3284 869 3348 honoris
891 3285 1042 3348 tributum
1065 3292 1122 3348 est
1158 3287 1262 3370 Atque
1284 3288 1405 3350 utInam
1421 3287 1542 3351 maiora
1564 3308 1642 3371 pos-

309 3403 431 3455 semus,
454 3378 581 3463 quando
604 3380 731 3462 quidem
753 3399 773 3442 a
793 3379 882 3443 vobis
904 3380 1042 3442 maxima
1062 3380 1260 3462 accepimusl
1293 3381 1358 3445 Vos
1379 3381 1419 3445 ab
1433 3383 1512 3445 urbe
1527 3381 1641 3446 Iuren-

309 3486 371 3541 tem
399 3473 568 3537 Antonium
598 3473 770 3548 avertistis3
799 3492 856 3535 vos
883 3474 986 3536 redire
1012 3474 1196 3537 molientem
1217 3475 1409 3558 reppulistis.
1450 3476 1520 3538 Erit
1539 3476 1641 3559 Igitur

212 3598 215 3604 ·
271 3576 467 3636 memuucta
488 3566 587 3630 moles
603 3586 700 3648 opere
715 3562 880 3648 magnifico
897 3565 1082 3650 incisaeque
1097 3567 1235 3644 litterae,
1256 3569 1381 3633 divinae
1396 3570 1521 3633 virtutis
1537 3577 1638 3635 testes

307 3666 533 3748 sempiternae,
562 3679 799 3746 numquamque
826 3659 866 3723 de
895 3659 986 3723 vobis
1008 3681 1134 3737 eorum,
1165 3662 1223 3747 qui
1245 3671 1301 3727 aut
1321 3662 1474 3728 videbunt
1493 3672 1637 3728 restrum

306 3764 546 3824 monumentum
567 3759 623 3816 aut
643 3752 785 3829 audient,
808 3753 1004 3836 gratissimus
1019 3774 1123 3818 sermo
1138 3755 1337 3821 conticescet.
1370 3756 1418 3821 Ita
1432 3778 1491 3841 pro
1506 3757 1636 3822 mortali

307 3852 487 3917 conditione
508 3848 592 3912 vitae
613 3845 976 3910 immortalitatem‘estis
998 3849 1172 3912 consecuti.

390 3946 475 4010 XIII.
497 3940 549 4005 34.
572 3941 632 4005 Sed
657 3942 824 4022 quoniam,
847 3948 953 4023 patres
975 3942 1161 4025 conscripti,
1182 3943 1300 4027 gloriae
1322 3963 1436 4007 munus
1457 3945 1586 4027 optimis
1601 3953 1636 4010 et

267 4040 484 4107 otonissimis
516 4036 636 4100 ciuibus
669 4035 864 4099 monumenti
895 4033 1018 4129 bonore
1050 4036 1256 4118 persolvitur,
1291 4036 1493 4101 consolemur
1521 4059 1634 4103 eorum

305 4137 482 4222 proximos,
504 4131 619 4217 quibus
640 4128 759 4213 optima
780 4134 829 4191 est
849 4129 928 4191 baec
950 4129 1077 4211 quidem
1101 4131 1293 4195 consolatio:
1322 4132 1520 4214 parentibus,
1543 4133 1635 4217 quod

304 4237 390 4294 tanta
411 4229 458 4292 rei
479 4223 622 4309 publicae
644 4220 802 4303 praesidia
817 4229 1009 4304 genuerunt;
1031 4221 1154 4297 liberis,
1177 4225 1263 4307 quod
1277 4225 1441 4289 habebunt
1456 4225 1635 4291 domestica

304 4322 450 4406 exempla
464 4317 606 4393 virtutis3
630 4314 833 4396 coniugibus,
856 4315 942 4399 quod
957 4316 996 4379 iis
1011 4315 1087 4378 viris
1102 4318 1269 4393 carebunt,
1292 4339 1372 4403 quos
1387 4319 1517 4383 laudare
1534 4341 1633 4403 quam

303 4416 410 4499 lugere
432 4413 621 4497 praestabit;
642 4410 809 4485 fratribus,
831 4411 916 4494 quod
938 4411 972 4474 in
994 4432 1028 4475 se
1050 4418 1086 4475 ut
1107 4430 1291 4493 corporum,
1314 4413 1359 4475 sic
1378 4413 1503 4477 virtutis
1520 4414 1634 4477 simili·

266 4510 444 4573 attudInem
472 4527 542 4571 esse
571 4503 739 4570 confident.
781 4506 886 4586 Atque
914 4504 1034 4568 utinam
1061 4503 1111 4567 bis
1141 4505 1287 4569 omnibus
1316 4505 1495 4588 abstergere
1520 4507 1632 4570 lletum

303 4603 467 4667 sententiis
488 4601 605 4666 nostris
627 4598 846 4683 consultisque
869 4618 1035 4681 possemus
1054 4598 1105 4661 vel
1127 4598 1235 4682 aliqua
1255 4597 1328 4662 talis
1350 4599 1390 4662 iis
1404 4598 1547 4663 adhiberi
1570 4620 1632 4683 pu·

369 4932 1628 4998 toceummsbvzoectamstlo-smomm-tsr.p.at-a.prtmobv-

300 5008 1629 5074 oowotb-I.toctmttotoa-5.eoe]stv-I.malimsttpot.rcddtto;cl.tameu§27

301 5094 556 5142 extr.-sosv-
579 5085 772 5136 ausewv-
796 5085 1213 5149 serv-topopnerasa-
1241 5085 1457 5136 tt.tuccnta-
1483 5085 1630 5136 42424-

299 5164 366 5230 turo]
384 5168 468 5215 autem
485 5162 493 5210 i
511 5186 538 5196 -
555 5161 612 5210 utto
626 5157 770 5209 uobtsbv:
787 5159 857 5209 oobta
873 5160 926 5209 otto
942 5160 1047 5209 aio·
1069 5159 1110 5211 ll.
1127 5159 1195 5225 boec]
1213 5161 1228 5209 ῑ
1245 5158 1297 5223 (vel
1313 5156 1409 5223 in-
1429 5162 1469 5211 te.
1487 5173 1538 5212 cate
1554 5158 1626 5210 b¹-

299 5235 1126 5300 numerosamqsesommamv-truaomoma-
1148 5234 1630 5298 camerescensem-sane

299 5328 352 5367 om.
370 5316 396 5372 i;
420 5325 446 5362 v.
465 5310 498 5361 de
515 5312 579 5374 imp.
598 5311 646 5360 Cu.
665 5313 757 5374 Pomp.
777 5309 791 5373 5
808 5310 849 5360 27.
870 5336 897 5344 -
922 5310 962 5360 49.
980 5309 1076 5372 sepulto
1092 5307 1148 5358 ab:
1172 5310 1295 5373 tceeputm
1312 5311 1375 5360 ivo
1393 5337 1422 5349 -
1439 5311 1541 5361 Μαι.
1560 5323 1577 5361 e
1597 5337 1626 5349 -

297 5391 339 5442 20.
357 5389 442 5440 mauis
461 5385 511 5436 av¹
533 5412 560 5421 -
587 5386 753 5449 ilpooteiis
774 5383 792 5434 b
811 5411 838 5421 -
866 5385 907 5435 23.
925 5385 959 5434 od
980 5384 1066 5434 urbem
1088 5383 1163 5432 b¹-
1186 5384 1227 5436 st.
1245 5385 1387 5448 respuistis
1406 5387 1431 5436 i:
1456 5385 1537 5447 repul.
1555 5385 1577 5434 0
1597 5410 1625 5420 -

297 5466 339 5516 25.
357 5465 434 5514 tatere
450 5477 466 5513 v
484 5462 541 5525 (pro
558 5460 656 5522 ltteroe,
674 5463 704 5510 ut
720 5474 737 5509 v
754 5459 854 5510 habere
871 5458 946 5521 solet)
967 5484 994 5496 -
1013 5460 1054 5509 26.
1073 5463 1118 5509 out
1134 5459 1177 5520 qut
1193 5460 1201 5508 i
1220 5486 1248 5498 -
1266 5465 1411 5510 nostruma
1431 5485 1458 5496 -
1476 5460 1518 5510 28.
1536 5460 1628 5509 condi-

297 5537 669 5588 doceas-inmorte—
693 5537 735 5585 29.
752 5533 914 5585 nunech-
939 5533 980 5583 30.
997 5533 1546 5585 mortonentov-conaulcmura-bl.
1566 5535 1627 5596 qoi—

297 5613 555 5662 demboeeesta-
579 5609 620 5660 32.
638 5610 840 5660 habebunta—
859 5609 899 5659 3³.
917 5608 1098 5670 btsbv,tsa
1118 5636 1145 5647 -
1169 5609 1210 5661 34.
1228 5611 1378 5660 olrtutisb:
1396 5611 1625 5661 cotumacivo

299 5712 326 5724 -
346 5685 386 5735 35.
404 5687 529 5750 confidunt
551 5697 592 5734 av
614 5711 642 5721 -
665 5683 748 5735 otoo
773 5712 801 5722 —
826 5685 966 5749 abstergere
981 5686 1108 5736 emunctis
1123 5686 1214 5736 uostris
1229 5691 1305 5749 ctqaec
1320 5685 1572 5751 consulttsttettttnb
1592 5712 1621 5722 -

296 5758 337 5808 36.
354 5759 435 5809 ttae:
457 5761 494 5810 tta
510 5758 608 5811 biso.
631 5759 670 5810 ct.
688 5759 800 5823 Madvig.
819 5759 915 5825 opusc.
933 5761 960 5823 1,
978 5772 1006 5825 p.
1023 5761 1080 5812 008.
1099 5786 1127 5797 -
1151 5761 1263 5827 adiubet·
1281 5762 1377 5828 publico
1392 5764 1462 5813 mei:
1482 5762 1552 5825 publ.
1571 5764 1625 5814 od·

295 5831 418 5884 biberto.
