3800 7350
655 1168 848 1238 mutiunt
868 1168 921 1234 ΕΤ
944 1166 1214 1235 CORRIGENDA·
1512 1160 1595 1227 4455

282 1339 380 1391 Gabinii
404 1338 500 1389 iudicio
523 1339 569 1389 aui
590 1338 616 1388 in
639 1337 696 1388 eins
718 1335 801 1389 litium
823 1336 1015 1388 aestimatione.
1044 1335 1135 1398 ltaque
1154 1331 1288 1385 Ciceronis
1304 1330 1450 1383 verborum
1466 1330 1534 1383 haec
1550 1332 1597 1384 tuit

281 1423 364 1475 turma
387 1423 457 1487 lipsa
478 1422 576 1484 verba,
600 1421 672 1486 quod
694 1419 729 1471 ad
750 1420 853 1472 initium
875 1421 981 1480 attinet,
1006 1418 1135 1483 praestari
1157 1416 1319 1482 nequeunti:
1351 1414 1427 1479 [Nitii
1447 1416 1548 1482 4444444]
1569 1418 1597 1467 ie

280 1509 434 1567 Postumum,
458 1519 548 1569 quom
570 1507 597 1556 44
614 1506 747 1558 6444444444
763 1505 839 1555 iudea
855 1517 930 1565 esses,
954 1502 1016 1553 44444
1032 1501 1137 1553 44444444
1154 1503 1320 1564 damnato,
1340 1514 1414 1565 quom
1429 1501 1456 1550 44
1472 1514 1529 1552 aum
1544 1501 1599 1551 lites

280 1592 480 1641 aestimares.
506 1590 622 1655 Apparet
639 1591 666 1639 44
683 1588 818 1640 Ciceronis
834 1586 979 1638 verborum
997 1587 1024 1637 et
1040 1586 1147 1655 iudicis,
1172 1598 1241 1650 quae
1258 1583 1470 1651 praecedebant,
1493 1586 1597 1651 perlem

281 1674 445 1725 intercidisse
468 1675 514 1724 aut
535 1675 643 1739 propter
664 1672 736 1723 idem
752 1669 912 1722 vocabulum
929 1670 971 1721 bis
987 1672 1102 1736 positum
1120 1672 1165 1719 aut
1180 1672 1291 1735 propter
1307 1668 1360 1719 duo
1376 1669 1470 1720 similia
1486 1668 1598 1720 aliamve

280 1757 316 1808 ob
333 1770 457 1818 causam;
476 1756 554 1807 ludex
572 1759 660 1807 autem
678 1758 717 1807 sic
734 1756 805 1820 loqui
822 1756 900 1806 fletus
918 1758 989 1806 erat:
1006 1755 1052 1805 lito
1067 1754 1171 1819 (imai),
1189 1754 1283 1818 444444,
1301 1754 1395 1817 capite,
1413 1768 1463 1816 qvo
1477 1766 1509 1803 eu
1523 1767 1599 1817 pecv-

280 1843 325 1891 444
339 1841 487 1905 perveserit.
513 1840 576 1890 Tota
594 1840 701 1904 quidem
722 1837 773 1890 loci
790 1838 875 1890 torma
891 1841 964 1890 certa
983 1840 1037 1901 est,
1056 1842 1128 1889 certa
1146 1839 1241 1899 eliam,
1260 1851 1329 1903 quae
1346 1838 1462 1897 restitui,
1481 1839 1600 1889 44444444

282 1930 309 1976 44
324 1926 476 1975 4444444444.
504 1924 592 1985 (Caput
608 1928 643 1973 est
658 1924 685 1973 44
701 1924 842 1973 Pomumum
858 1937 912 1974 non
929 1922 1025 1973 dicitur
1042 1923 1141 1981 4444444,
1159 1922 1209 1973 etsi
1227 1921 1279 1973 dici
1295 1921 1382 1986 aliquo
1399 1923 1480 1973 modo
1496 1925 1597 1987 potest:

281 2014 357 2073 capot
371 2014 407 2060 est
422 2009 449 2059 44
465 2009 566 2069 equites,
583 2012 719 2070 equestrem
732 2008 857 2067 ordinere,
876 2005 959 2058 multu
976 2008 1078 2057 minus:
1096 2012 1172 2069 eaput
1187 2012 1259 2057 erut
1274 2008 1301 2057 44
1311 2008 1473 2070 Podomvm.)
1488 2009 1598 2061 4444444.

346 2102 411 2166 §la
429 2115 454 2165 p.
474 2099 548 2161 4440,
567 2101 598 2151 ii
620 2106 717 2163 444444,
741 2114 817 2163 quassu
839 2101 923 2151 odium
944 2115 995 2150 444
1015 2101 1212 2164 restingueretis,
1234 2101 1292 2151 4444
1308 2102 1391 2151 ordini
1412 2102 1494 2166 iguem
1509 2116 1601 2152 4444444

281 2185 367 2236 subiici
383 2200 433 2236 444
450 2184 547 2235 sinistis.
571 2186 661 2250 inepta
674 2187 715 2236 eat
731 2197 819 2249 neque
837 2196 906 2245 eam,
925 2194 994 2247 quae
1010 2182 1161 2246 requiritur,
1178 2184 1304 2234 orationis
1320 2184 1432 2248 figuram
1444 2185 1523 2237 allicit
1533 2187 1601 2237 baec

282 2270 395 2320 duarum
413 2269 604 2320 sententiarum
623 2271 803 2333 negativarum
822 2266 986 2324 eoniuneti0;
1005 2278 1067 2317 uam
1084 2267 1254 2332 perspicuum
1271 2270 1326 2328 est,
1344 2267 1396 2321 hoc
1413 2268 1464 2321 dici
1475 2269 1601 2323 debuisse

283 2356 310 2405 et
325 2354 378 2404 hoo
394 2352 529 2414 concludi,
548 2356 686 2413 senatum,
710 2365 793 2417 quum
810 2350 872 2403 alibi
888 2350 1040 2402 incendium
1058 2352 1246 2415 restingueret,
1268 2354 1386 2416 equestri
1403 2354 1487 2406 ordini
1503 2367 1602 2406 novum

283 2440 372 2502 ignem
393 2438 487 2489 subiici
510 2450 563 2489 non
585 2428 694 2492 sivisse:
717 2440 926 2501 repugnaturum
949 2436 1021 2486 enim
1043 2433 1093 2485 eibi
1112 2434 1202 2486 tuisse.
1228 2435 1330 2487 Deinde
1347 2450 1474 2501 perversa
1490 2439 1558 2490 haec
1575 2440 1603 2490 et

283 2535 392 2587 prorsus
408 2522 493 2572 inanis
509 2523 548 2573 rei
564 2535 628 2573 non
646 2521 729 2573 iactae
747 2519 808 2583 (odii
825 2533 878 2571 non
894 2519 1021 2579 restincti)
1033 2520 1251 2570 commemoratio
1267 2521 1348 2571 etiam
1365 2519 1429 2574 ielsa
1446 2535 1534 2588 perae
1545 2525 1603 2589 ipsa

284 2609 339 2667 est;
363 2620 426 2658 nam
443 2608 565 2668 senatus,
589 2619 672 2670 quum
694 2603 782 2669 legem
804 2604 968 2655 severiorem
986 2601 1020 2654 de
1041 2602 1211 2667 repetundis,
1230 2616 1298 2667 quae
1315 2603 1348 2655 ad
1366 2608 1504 2658 senatores
1520 2608 1603 2673 perli-

283 2693 373 2753 neret,
392 2690 454 2741 terri
471 2689 590 2752 iuberet,
609 2689 700 2740 odium
717 2686 899 2752 restinguebat
915 2686 975 2748 (hoc
986 2690 1042 2749 est,
1059 2688 1224 2750 restinguere
1236 2687 1400 2753 conabatur).
1420 2692 1474 2742 Nisi
1490 2690 1603 2743 mulium

283 2772 373 2836 tollor,
392 2775 486 2825 Cicero
502 2775 540 2825 sie
557 2775 676 2839 scripsit:
697 2778 794 2835 tumen,
813 2785 889 2835 qaum
906 2772 991 2821 444444
1006 2776 1151 2822 nostrum
1166 2771 1363 2836 restingueretis,
1380 2773 1438 2825 4444
1453 2776 1537 2826 ordini
1550 2778 1602 2827 eet.

283 2860 364 2910 liecte
382 2860 435 2911 iam
452 2859 560 2911 senatus
578 2858 696 2922 equestri
712 2856 797 2909 ordini
814 2856 961 2908 coubarius
978 2856 1085 2921 ponitur
1100 2858 1279 2921 apparetque,
1300 2870 1349 2908 cur
1365 2857 1432 2909 baec
1448 2859 1532 2910 verba
1547 2860 1605 2911 4444

283 2943 365 2993 ordini
387 2944 503 3009 primum
524 2941 614 2993 locum
636 2944 751 2993 teneant.
781 2943 846 2992 Nam
869 2941 958 2992 minus
974 2937 1116 2991 verisimile
1133 2939 1238 2991 videtur
1254 2942 1361 2992 omnino
1380 2939 1527 2995 tollendum
1543 2956 1604 2996 esse

283 3041 333 3078 444
355 3028 417 3090 [etsi
439 3027 465 3078 id
488 3026 551 3078 alibi
572 3039 678 3090 quoque
701 3028 728 3077 iu
750 3026 801 3076 bac
818 3027 936 3076 oratione
954 3037 1036 3089 prave
1053 3026 1081 3075 et
1097 3023 1215 3085 additur,
1241 3029 1271 3076 ut
1286 3026 1303 3090 4
1320 3025 1367 3090 44,
1388 3030 1416 3078 44
1432 3029 1560 3080 omasum
1577 3028 1604 3080 in

284 3109 363 3162 codd.
382 3114 436 3170 osi,
454 3113 484 3162 ui
499 3112 561 3176 sil),
581 3111 667 3162 utsit:
687 3115 769 3161 tomen
786 3123 863 3172 qaum
879 3110 964 3160 odiam
979 3109 1236 3173 restingueretiscet„
1254 3112 1456 3177 contrariaeque
1473 3115 1605 3177 ponantur

284 3195 337 3246 odii
360 3195 496 3247 restinctio
517 3196 545 3245 et
564 3196 624 3246 nevi
647 3194 714 3258 ignis
734 3193 874 3245 subiectio.
903 3194 933 3245 ln
956 3194 1007 3244 bac
1028 3193 1159 3243 sententia
1175 3193 1218 3244 vix
1239 3191 1282 3245 illo
1300 3192 1358 3246 loco
1375 3199 1540 3261 ponerentur
1554 3199 1604 3248 isla

284 3280 342 3330 4444
358 3280 449 3331 ordini.
471 3281 581 3331 44444444.

351 3364 367 3427 s
385 3364 416 3413 49
438 3377 465 3429 p.
486 3362 560 3423 4444,
579 3362 618 3413 ta.
641 3363 751 3425 04444444
766 3367 846 3412 stante
860 3362 882 3411 si
897 3375 937 3412 me
954 3361 999 3413 Ca.
1016 3362 1124 3424 Pompeii
1140 3362 1279 3411 4444444444
1293 3363 1320 3412 44
1336 3365 1448 3427 pretium
1463 3379 1514 3417 444
1528 3366 1606 3418 reds-

285 3447 375 3510 uisset,
393 3461 459 3497 nuuc
475 3447 527 3496 iam
543 3446 620 3509 ipsius
633 3446 738 3510 4444444
753 3447 888 3496 reduceret.
906 3446 1002 3496 Stantis
1012 3444 1114 3495 Gabinii
1131 3444 1272 3511 appellatio
1289 3450 1350 3512 apta
1366 3451 1439 3499 esset
1454 3450 1481 3500 in
1498 3463 1530 3500 ea
1541 3463 1606 3501 seu-

287 3531 382 3593 tentia,
406 3543 474 3594 quae
491 3530 561 3581 banc
578 3530 729 3595 praecedit,
752 3528 797 3579 ubi
820 3531 899 3579 etiam
920 3529 1029 3593 4444444444
1044 3529 1152 3591 dicitur,
1175 3530 1197 3579 si
1214 3530 1249 3580 ad
1265 3531 1335 3581 hauc
1352 3531 1464 3583 turmam
1481 3546 1513 3584 ea
1530 3547 1606 3585 com-

287 3615 371 3682 posita
390 3616 474 3665 esset:
493 3627 565 3677 quem
580 3618 686 3663 44444444
701 3613 809 3678 4444444,
827 3626 883 3663 mm
899 3606 1022 3678 4444444444
1036 3612 1132 3663 viatore
1147 3627 1197 3663 444
1213 3614 1300 3673 dudem
1318 3616 1370 3666 boc
1386 3614 1460 3679 loeo,
1478 3616 1524 3667 ubi
1540 3630 1607 3669 con·

286 3700 397 3750 trarium
419 3697 530 3749 infertur
550 3712 617 3749 4444
633 3699 685 3748 iam
702 3697 818 3749 absurda
836 3700 885 3749 est.
915 3698 1028 3748 Codices
1046 3697 1114 3748 bano
1131 3697 1232 3748 hebent
1248 3700 1422 3765 scripturam:
1447 3716 1553 3766 querare
1567 3713 1608 3754 444

286 3789 392 3835 amntem
408 3783 451 3834 04.
469 3783 577 3846 Pompeii
595 3783 704 3845 (omisso
720 3784 759 3845 sal.
786 3781 962 3833 scribendum
980 3785 1035 3834 est:
1057 3783 1168 3845 0444444
1183 3795 1223 3833 me
1238 3783 1266 3833 44
1281 3789 1356 3835 4444
1372 3785 1416 3836 css.
1433 3786 1542 3850 Pompeii
1557 3801 1608 3838 uss·

287 3870 390 3920 44444444
405 3882 456 3918 444
470 3868 623 3930 redemisset,
641 3881 708 3917 4444
723 3869 776 3917 ium
791 3867 869 3929 ipsias
882 3866 989 3930 44444444
1004 3867 1139 3918 reduceret
1165 3867 1203 3918 Ex
1219 3868 1229 3917 i
1246 3866 1344 3919 lactum
1361 3874 1385 3930 t,
1403 3869 1535 3923 iserruris
1548 3871 1607 3923 iens

288 3966 321 4004 ac
336 3953 424 4019 potius
441 3951 526 4002 omnis
543 3964 626 4002 error.
648 3952 759 4003 4444444.

353 4047 370 4110 s
386 4046 415 4096 tl
436 4058 463 4111 p.
482 4044 556 4106 4439,
574 4044 601 4097 34
623 4044 783 4096 444444444οηί
801 4046 868 4096 baec
884 4042 1052 4109 adiungenda
1069 4047 1144 4096 sunt:
1163 4058 1240 4108 quarn
1255 4045 1283 4096 44
1294 4045 1428 4098 6444444444
1443 4048 1521 4101 mura
1536 4062 1606 4113 esses,

288 4130 349 4182 44444
366 4129 473 4182 &binio
490 4129 590 4190 444444,
608 4141 686 4191 quum
702 4131 728 4180 44
744 4143 801 4181 eam
817 4129 870 4181 titas
885 4130 1079 4181 aestirrsoreotur
1095 4129 1124 4179 0.

353 4224 420 4289 444
442 4236 468 4288 p.
487 4221 565 4285 tili,
584 4223 599 4276 4
621 4222 724 4275 malim:
749 4229 772 4274 et
793 4223 862 4275 44444
883 4225 935 4274 4444
956 4223 996 4273 444
1012 4223 1253 4287 stampensem
1274 4223 1356 4276 multa
1374 4231 1521 4290 4444444444,
1544 4242 1610 4292 qvae

289 4308 363 4359 iibido
378 4307 458 4373 repis,
477 4319 542 4370 quoe
558 4308 688 4359 4444444444
704 4309 784 4373 eoepit
796 4308 925 4372 perterre,
939 4307 1058 4371 perarm-
1075 4321 1185 4372 qvarum
1201 4309 1253 4359 eat.
1271 4309 1320 4373 (Β.)

354 4399 420 4466 §it
440 4413 468 4465 p.
487 4399 563 4463 itit,
581 4401 622 4452 23.
651 4403 805 4454 Necessaria
827 4404 868 4455 444
889 4402 1007 4465 negatio,
1032 4413 1195 4466 quamquam
1217 4415 1250 4453 ex
1271 4401 1334 4453 fleto
1355 4402 1495 4455 Hotomanl
1517 4404 1609 4458 codiee

290 4482 452 4551 recipienda.
471 4484 574 4548 seraper
588 4485 656 4536 444444
673 4499 725 4538 non
738 4489 779 4538 eet
789 4499 887 4549 quoquo
900 4487 974 4537 modo
987 4487 1065 4549 possit
1075 4497 1100 4537 se
1109 4487 1240 4549 dapnis,
1257 4485 1308 4537 sed
1317 4488 1458 4551 sapientis,
1476 4491 1526 4540 etsi
1536 4503 1608 4550 serm

290 4568 385 4622 stultus
407 4583 462 4620 nen
482 4582 512 4621 se
535 4569 655 4635 expedit,
678 4570 729 4622 sed
748 4583 857 4635 semper
878 4571 962 4634 magis
983 4568 1147 4635 implicatum
1170 4569 1267 4622 deinde
1284 4572 1383 4624 omissa
1402 4575 1541 4636 negatione
1558 4574 1610 4627 boe

292 4655 386 4705 Cicero
408 4653 483 4714 dicit,
510 4652 553 4716 id,
579 4654 651 4717 quod
671 4656 812 4706 Postumus
833 4654 936 4716 lecerit,
963 4667 1017 4706 nou
1038 4653 1124 4707 solum
1142 4667 1203 4706 sero
1220 4655 1347 4719 sapientis
1362 4668 1436 4719 4444,
1463 4657 1610 4713 sedetiam

291 4751 400 4804 semper
420 4735 504 4797 stulti,
529 4737 618 4802 itaqua
640 4741 795 4791 Postumum
817 4751 926 4804 semper
945 4737 1055 4790 stultum
1077 4738 1153 4800 tacit,
1176 4741 1204 4790 44
1224 4741 1314 4790 tamen
1330 4738 1382 4790 boc
1398 4742 1423 4791 ei
1445 4745 1611 4808 prepositum

292 4824 345 4884 est,
369 4826 400 4872 ut
420 4821 556 4882 ostendat,
579 4824 750 4884 Postumum,
774 4823 847 4887 quod
866 4824 940 4887 regio
958 4823 1070 4888 imperio
1086 4822 1324 4888 obtemperaverit,
1348 4824 1411 4876 nibil
1428 4825 1523 4878 4444444
1540 4827 1611 4880 aliud

292 4905 341 4956 nisi
363 4908 464 4957 utnon
486 4918 581 4968 suuper
601 4905 697 4959 stultus
714 4909 798 4968 asset,
821 4906 883 4969 sed,
907 4918 991 4971 quum
1012 4907 1086 4958 initio
1107 4904 1203 4958 stultus
1225 4905 1330 4970 luisset,
1353 4921 1415 4960 aero
1431 4909 1526 4962 saltem
1542 4914 1612 4963 resl-

292 4991 417 5055 pisceret.
442 4992 552 5043 44444444.

357 5074 422 5138 §28
444 5089 470 5140 p.
489 5073 562 5137 4443,
580 5073 622 5126 il.
644 5075 673 5125 44
688 5079 772 5126 euleu
786 5074 871 5138 444444
886 5087 937 5124 444
950 5079 1051 5138 poterut
1065 5075 1115 5124 4444
1130 5075 1263 5126 diamur:
1280 5075 1326 5126 444
1341 5076 1407 5126 44444
1421 5079 1614 5130 4444444444444

293 5158 336 5221 qui
352 5171 370 5209 4
384 5171 444 5222 repe
459 5164 519 5210 esset
534 5160 688 5210 constitutos.
714 5160 823 5210 liectam
844 5159 971 5210 orationis
993 5157 1106 5209 iormam
1128 5159 1198 5210 hauc
1215 5172 1290 5210 esse:
1314 5159 1363 5210 4444
1378 5160 1613 5215 444444444--44444

293 5242 452 5301 contitutus,
469 5243 597 5295 Patricius
614 5244 642 5294 et
657 5241 767 5294 Orellius
783 5245 938 5303 senserunt;
958 5255 1020 5292 nam
1037 5255 1089 5293 nee
1105 5241 1223 5295 brevitas
1239 5242 1282 5294 ilia
1297 5244 1347 5294 4444
1362 5244 1479 5296 dicacem
1494 5249 1552 5311 (pru
1564 5250 1614 5299 4444

294 5327 409 5378 domem
429 5329 496 5388 esset)
518 5327 690 5379 Ciceroniana
712 5330 768 5388 est,
792 5326 841 5377 sed
861 5328 1004 5389 argenteae
1026 5327 1120 5377 aetatis
1140 5328 1316 5392 scriptorum,
1339 5340 1390 5379 neo
1412 5329 1563 5394 dioecetes,
1589 5333 1614 5385 ei

295 5409 462 5462 definiendus
485 5413 567 5473 esset,
590 5412 629 5463 sic
647 5411 815 5462 definiretur:
841 5411 884 5473 qui
899 5422 917 5459 4
931 5423 991 5474 repe
1006 5411 1151 5461 4444444444
1165 5417 1215 5474 est,
1238 5412 1353 5471 omisso,
1375 5413 1448 5476 quud
1465 5419 1545 5479 eaput
1561 5419 1612 5480 est,

295 5495 339 5546 eui
356 5496 395 5546 rei
413 5494 532 5559 agendae
550 5496 708 5547 constitutus
725 5496 796 5546 esset
818 5493 872 5558 (qvi
888 5507 906 5545 4
921 5505 981 5558 repe
996 5494 1031 5544 ad
1046 5494 1140 5545 reditas
1154 5495 1228 5559 rapui
1242 5495 1454 5547 444444444444
1468 5501 1616 5552 4444444444

294 5577 353 5645 est),
377 5581 405 5630 et
426 5592 485 5630 rem
502 5579 608 5630 conticit
623 5592 770 5647 verumque
787 5576 903 5630 ostendit
921 5576 1108 5641 imperiectum
1125 5579 1284 5630 coniunctivi
1301 5580 1406 5644 tempus
1422 5586 1491 5632 44444.
1517 5583 1615 5637 Sedet

296 5664 339 5727 qvi
359 5676 508 5728 pronomen
528 5664 622 5715 iniuria
645 5663 735 5715 delent
757 5665 784 5714 ei
805 5663 831 5713 in
853 5659 944 5712 verbis
960 5674 980 5712 4
993 5674 1053 5726 repe
1071 5660 1199 5714 mendum
1219 5661 1386 5728 relinquunt,
1407 5676 1456 5729 pru
1473 5666 1571 5731 quibus
1587 5671 1614 5723 ‘m

297 5745 374 5798 codd.
393 5746 518 5800 scribitur
533 5749 607 5811 retis,
625 5749 717 5810 444444,
734 5747 816 5798 aritia
841 5743 1019 5797 scribendum
1035 5746 1114 5810 putu:
1131 5745 1162 5796 ld
1176 5747 1358 5811 mensurare
1372 5760 1424 5800 444
1435 5755 1548 5817 met,
1565 5756 1616 5807 444

294 5831 411 5885 diem
427 5832 482 5899 (loc
497 5833 564 5887 4444
579 5833 678 5886 nomine
692 5831 786 5907 444444,
804 5828 858 5894 qvi
874 5840 912 5882 44
925 5827 1023 5895 repit)
1039 5833 1100 5882 44444
1113 5830 1267 5883 meriatur.
1289 5832 1443 5888 eremmon
1458 5837 1616 5895 4444444444·
1694 5852 1700 5865 ·
