3800 7350
316 1168 381 1235 aas
743 1174 896 1242 enarro
917 1176 997 1294 ¹ruo
1018 1177 1055 1242 r.
1076 1177 1218 1244 srsrro
1294 1063 1452 1286 mail

846 1294 913 1336 aar
927 1295 950 1326 i·
979 1290 996 1338 »4
1406 1334 1408 1341 .

316 1341 429 1406 foedus
449 1361 520 1406 meo
541 1343 695 1425 sanguine
716 1344 813 1409 ictum
834 1252 1063 1430 sancirilposre
1078 1345 1235 1423 dicebant.
1268 1344 1320 1412 25.
1335 1346 1405 1423 Qua
1425 1368 1460 1412 re
1482 1349 1639 1431 patefacta

317 1468 360 1483 -··
380 1455 486 1520 neque
508 1436 594 1500 enim
607 1436 799 1501 dissimulari
821 1445 942 1503 tantum
965 1439 1068 1503 scelus
1090 1443 1214 1522 poterat
1234 1461 1293 1503 nec
1314 1441 1412 1505 latere
1433 1475 1475 1490 -
1496 1443 1639 1525 promul·

318 1536 432 1611 gantur
452 1549 518 1593 uno
532 1528 710 1614 eodemque
732 1538 872 1615 tempore
894 1533 1077 1615 rogationes
1097 1532 1265 1618 abeodem
1287 1534 1412 1598 tribuno
1430 1536 1469 1598 de
1483 1554 1554 1599 mea
1567 1554 1639 1618 per-

318 1622 402 1684 nicie
424 1623 515 1686 etde
537 1623 709 1705 provinciis
731 1626 894 1689 consulum
915 1625 1111 1689 nominatim.
1161 1625 1400 1708 Marsum,

294 1728 310 1775 c
402 1717 457 1779 xi.
479 1716 539 1779 llic
559 1723 625 1781 tum
646 1724 775 1782 senatus
789 1717 959 1793 sollicitus,
980 1739 1053 1794 vos,
1075 1721 1198 1804 equites
1212 1721 1363 1795 Romani,
1384 1720 1526 1796 excitati,
1548 1721 1640 1785 ltalia

319 1817 432 1873 cuncta
453 1816 613 1892 permota,
643 1830 753 1874 omnes
775 1812 913 1897 denique
935 1815 1076 1877 omnium
1098 1833 1248 1896 generum
1270 1822 1366 1899 atque
1387 1814 1533 1879 ordinum
1555 1815 1639 1878 cives

318 1922 458 1967 summae
479 1903 526 1967 rei
547 1902 692 1986 publicae
713 1924 732 1968 a
746 1906 929 1970 consulibus
949 1915 1047 1991 atque
1062 1926 1080 1969 a
1094 1927 1217 1971 summo
1235 1907 1368 1990 imperio
1383 1907 1555 1995 petendum
1569 1929 1639 1973 esse

318 1995 472 2060 auxilium
492 1997 738 2073 arbitrabantur,
760 2019 832 2062 cum
853 1998 900 2063 illi
922 2000 981 2063 soli
996 2007 1102 2073 essent
1122 2009 1248 2084 praeter
1267 2000 1422 2064 furiosum
1436 2001 1526 2065 illum
1541 2001 1640 2065 tribu·

318 2109 394 2153 num
415 2089 480 2153 duo
501 2091 547 2155 rei
568 2090 714 2173 publicae
735 2093 894 2169 turbines,
917 2094 973 2177 qui
994 2113 1060 2157 nou
1082 2094 1175 2157 modo
1196 2095 1414 2177 praecipitanti
1435 2097 1553 2179 patriae
1574 2115 1640 2159 non

282 2183 540 2259 rosubrenirent,
568 2183 624 2247 sed
652 2204 722 2249 eam
748 2186 880 2250 nimium
906 2185 995 2250 tarde
1018 2186 1184 2250 concidere
1206 2194 1392 2251 maererent.
1428 2189 1640 2271 Flagitabatur

318 2276 358 2340 ab
378 2278 418 2341 iis
439 2278 580 2361 quotidie
601 2297 673 2341 cum
695 2279 845 2363 querellis
865 2281 1022 2344 bonorum
1043 2281 1194 2355 omnium,
1217 2286 1282 2344 lum
1306 2280 1400 2359 etiam
1421 2282 1567 2365 precibus
1591 2302 1641 2346 se-

317 2379 428 2447 natus,
448 2380 484 2436 ut
503 2392 606 2436 meam
627 2391 754 2436 causam
775 2374 989 2456 susciperent,
1018 2380 1164 2457 agerent,
1185 2374 1305 2456 aliquid
1328 2374 1465 2458 denique
1487 2375 1529 2439 ad
1551 2394 1641 2440 sena·

318 2471 387 2528 tum
414 2466 587 2530 referrent:
616 2486 681 2530 non
710 2466 805 2530 modo
833 2468 995 2550 negando,
1025 2467 1082 2530 sed
1113 2469 1208 2531 etiam
1228 2466 1390 2556 irridendo
1411 2468 1640 2551 amplissimum

319 2578 478 2643 quemque
506 2559 592 2623 illius
622 2560 741 2624 ordinis
769 2561 1030 2645 insequebantur.
1073 2557 1125 2625 26.
1146 2562 1206 2624 llic
1228 2561 1331 2624 subito
1354 2581 1427 2624 cum
1448 2562 1641 2626 incredibilis

282 2651 354 2715 lein
369 2652 556 2735 Capitolium
578 2653 744 2718 multitudo
759 2674 800 2717 ex
815 2661 882 2718 lota
897 2654 976 2719 urbe
992 2662 1168 2739 cunctaque
1182 2654 1274 2718 ltalia
1288 2654 1498 2729 convenisset,
1519 2656 1640 2718 vestem

317 2745 499 2809 mutandam
521 2767 631 2811 omues
652 2768 768 2832 meque
789 2749 884 2812 etiarn
905 2749 994 2812 omni
1014 2748 1137 2811 ratione
1151 2738 1288 2838 iprirato
1310 2731 1474 2838 consilio]
1489 2748 1641 2831 quoniam

318 2839 454 2924 publicis
483 2841 616 2906 ducibus
645 2862 696 2906 res
717 2842 845 2924 publica
866 2850 1004 2917 careret,
1030 2841 1264 2906 defendendum
1284 2848 1448 2924 putarunt.
1489 2837 1566 2933 Eral
1586 2862 1642 2906 eo·

152 2969 252 3108 alii
318 2932 1643 3094 liutticiiii¹¹z.i.iiiiiiiiiGililtiililiiiiii:

282 3127 385 3183 utum
408 3122 569 3185 consulem
591 3123 719 3187 orabat:
741 3142 814 3187 nam
831 3122 935 3186 alteri
960 3075 970 3103 l
989 3105 1187 3279 zomiiluset
1201 3140 1330 3187 severus
1345 3121 1490 3187 consulto
1504 3142 1539 3187 se
1555 3123 1641 3187 domi
1674 3082 1712 3200 ‚st

155 3287 159 3296 ,
235 3299 240 3312 Ι
320 3216 510 3280 continebat.
544 3217 615 3292 Qua
637 3225 702 3280 tum
723 3217 873 3299 superbia
886 3123 1000 3286 οἴῃ
1042 3217 1122 3279 iliud
1145 3235 1182 3278 ac
1202 3214 1289 3280 labes
1313 3215 1498 3299 amplissimi
1521 3217 1643 3281 ordinis

152 3307 220 3391 pri,
319 3328 429 3392 preces
458 3319 490 3374 et
517 3310 763 3373 clarissimorum
784 3311 901 3374 civium
923 3312 1070 3374 lacrimas
1091 3309 1285 3393 repudiavit!
1316 3309 1491 3393 meipsum
1512 3317 1548 3374 ut
1570 3330 1643 3375 oon-

152 3395 153 3399 ’
319 3403 447 3485 tempsit
466 3402 573 3467 helluo
593 3404 732 3487 patriae!
755 3423 827 3467 nam
849 3404 926 3486 quid
948 3424 1008 3487 ego
1029 3403 1209 3487 patrimonii
1223 3401 1341 3477 dicam,
1363 3402 1450 3486 quod
1463 3404 1518 3467 ille
1531 3411 1644 3479 totum,

152 3464 241 3572 ΨΚ
321 3482 655 3581 quamvisqu'aeetum
674 3496 807 3572 iaceret,
837 3499 954 3562 amisit.
991 3497 1129 3564 Venistis
1150 3496 1191 3561 ad
1213 3503 1372 3569 senatum,
1401 3515 1475 3569 ros,
1502 3498 1645 3581 inquam,

283 3589 445 3673 aequites
465 3591 613 3666 Romani,
635 3598 668 3655 et
688 3610 798 3655 omnes
818 3592 894 3656 boni
915 3598 1004 3656 reete
1025 3599 1142 3655 mutata
1162 3610 1284 3675 rosque
1304 3609 1363 3674 pro
1384 3609 1456 3653 meo
1478 3592 1582 3673 capite
1603 3589 1643 3655 ad

321 3684 419 3768 pedes
446 3683 572 3748 lenonis
592 3685 798 3769 impurissimi
820 3687 1009 3769 proiecistis.
1053 3687 1152 3760 Tum,
1181 3685 1293 3749 restris
1314 3683 1462 3768 precibus
1481 3706 1501 3749 a
1520 3687 1643 3751 latrone

321 3777 378 3841 iiio
405 3778 596 3860 repudiatis,
624 3780 673 3842 vir
693 3778 869 3843 incredibili
890 3779 973 3854 fide,
1006 3778 1222 3862 magnitudine
1245 3777 1360 3852 animi,
1388 3779 1580 3854 constantia,
1606 3780 1643 3843 1.

320 3872 470 3948 Ninnius,
498 3874 538 3936 ad
567 3880 709 3938 senatum
731 3872 771 3937 de
792 3894 827 3937 re
849 3874 976 3956 publica
996 3873 1117 3937 rettulit
1138 3880 1330 3956 senatusque
1351 3871 1501 3957 frequens
1522 3879 1643 3936 restem

321 3987 379 4050 pro
401 3986 471 4030 mea
492 3967 592 4031 salute
613 3967 795 4031 mutandam
817 3969 951 4031 censuit.
994 3968 1064 4029 llll.
1079 3963 1130 4029 27.
1153 3967 1179 4029 0
1198 3966 1282 4029 diem
1304 3965 1412 4040 illum,
1433 3966 1571 4040 iudices,
1592 3964 1642 4028 fu·

223 4061 237 4089 ⁵²
272 4069 445 4125 ernestum
467 4062 590 4125 senatui
610 4061 767 4146 bonisque
789 4061 949 4136 omnibus,
971 4061 1018 4124 rei
1040 4061 1185 4145 publicae
1206 4060 1270 4123 luci
1293 4078 1402 4133 osum,
1416 4057 1501 4122 mibi
1522 4057 1563 4120 ad
1585 4058 1642 4122 do·

321 4155 484 4219 mesticum
506 4173 680 4218 maerorem
700 4174 844 4238 gravem,
866 4154 906 4218 ad
928 4153 1120 4238 posteritatis
1141 4152 1271 4216 memori
1346 4151 1534 4247 qlopiosuml
1558 4152 1642 4228 Quid

1242 4272 1283 4317 o'l
1314 4282 1328 4305 Ν
1354 4274 1377 4318 ’θ
1407 4290 1458 4317 ,ω’

1390 4340 1400 4380 l

384 4445 409 4496 2.
428 4443 585 4496 dmiuulcre
601 4443 620 4495 P
638 4470 666 4480 -
685 4444 709 4495 3.
727 4445 855 4508 eodemqul
871 4446 900 4496 4)Ι
918 4469 947 4481 -
965 4444 990 4495 4.
1008 4443 1156 4494 maulim
1171 4441 1299 4493 curruum
1310 4444 1332 4493 G
1344 4467 1371 4477 -
1390 4443 1414 4492 c.
1434 4441 1526 4504 equus
1542 4441 1580 4492 .ii.
1593 4443 1643 4492 PG

322 4518 378 4583 ised
395 4517 477 4569 babet
492 4520 514 4569 G
530 4519 558 4568 ii.
577 4519 604 4569 iu
621 4518 739 4580 rasurai:
764 4519 856 4582 equites
872 4519 892 4568 0
911 4544 938 4556 -
957 4517 1041 4582 iulia]
1058 4518 1095 4568 lic
1110 4518 1156 4567 illc
1172 4518 1221 4567 PG
1238 4542 1266 4552 -
1285 4515 1310 4567 7.
1327 4529 1391 4579 rap.
1410 4517 1431 4567 P
1449 4542 1476 4552 -
1495 4515 1520 4566 9.
1539 4516 1605 4566 uduo
1622 4518 1643 4566 G

323 4620 350 4630 -
369 4594 409 4644 io.
428 4593 470 4643 red
485 4605 542 4644 eoru
558 4596 591 4644 P:
609 4595 651 4644 aed
667 4595 743 4645 eiicm
759 4596 795 4655 G,
812 4595 854 4645 sed
870 4605 926 4644 mm
941 4594 1019 4644 etiam
1035 4593 1137 4644 Ernesti
1155 4594 1183 4642 el
1199 4593 1260 4642 0-
1279 4591 1319 4640 44.
1338 4591 1371 4641 ub
1387 4591 1450 4641 iisG
1467 4589 1581 4642 eloreiii
1593 4590 1641 4654 iii:

320 4664 353 4717 ob
368 4666 406 4716 iris
416 4668 464 4717 Po
475 4692 503 4703 -
520 4666 609 4718 cotidie
625 4670 710 4719 PG—
730 4669 845 4732 querellis
859 4670 892 4719 P:
914 4669 1050 4730 quereliso
1065 4695 1091 4704 -
1112 4668 1151 4716 42.
1169 4671 1272 4731 operat
1288 4666 1392 4729 aliquid,
1411 4665 1515 4728 clerique
1529 4663 1645 4715 distinxit

320 4743 390 4792 Bake
402 4755 428 4807 p.
439 4743 485 4804 66;
504 4745 594 4794 contra
606 4744 752 4807 Seyiiertus
763 4758 790 4809 p.
800 4745 846 4795 58:
865 4748 967 4808 oqerersl
981 4742 1077 4806 aliquid
1093 4742 1205 4804 denique,
1223 4742 1258 4791 od
1274 4742 1326 4792 cel.
1344 4741 1402 4791 inP
1413 4742 1454 4792 est
1470 4743 1530 4790 aule
1548 4739 1645 4801 aliquid

320 4817 424 4880 signum
445 4817 625 4869 distinctionis.
649 4844 676 4854 -
700 4819 740 4870 43.
757 4821 879 4882 referrent
899 4832 949 4868 eoo
969 4819 1035 4869 PG:
1062 4818 1192 4880 referrent.
1214 4816 1246 4866 iii
1267 4830 1317 4866 ooo
1337 4817 1358 4867 t)
1377 4843 1404 4852 -
1429 4815 1559 4866 irridendo
1576 4817 1595 4865 P
1614 4841 1641 4850 -

321 4891 361 4942 46.
379 4892 455 4942 etium
470 4894 519 4943 PG
537 4893 577 4957 (ci.
596 4892 685 4945 iacob.
703 4907 730 4959 p.
748 4894 819 4957 ieet:
838 4894 891 4943 icet
907 4891 1052 4956 Madvigius
1069 4907 1095 4958 p.
1113 4892 1162 4944 iet
1179 4894 1274 4957 (meque
1290 4893 1358 4943 aaut
1372 4891 1479 4952 ratione,
1497 4893 1573 4942 eliam
1587 4892 1645 4954 pri·

319 4971 378 5019 ueto
393 4979 460 5017 coos.
478 4968 547 5019 coni.
565 4967 703 5032 Koechly.)
717 4995 744 5005 -
764 4969 802 5020 48.
822 4967 1043 5031 repraesentabunt
1059 4970 1080 5018 G
1100 4996 1126 5005 -
1146 4969 1186 5020 49.
1203 4968 1352 5019 memmium
1368 4964 1429 5017 edd.
1442 4967 1522 5015 velt:
1539 4978 1579 5016 ete
1594 4966 1645 5016 PG

321 5044 356 5107 (in
377 5041 456 5092 codd.
474 5041 539 5094 dett.
556 5041 631 5094 iocus
654 5043 738 5106 deest)
759 5070 786 5079 -
812 5045 897 5093 consul
918 5039 994 5094 1³¹-
1021 5044 1062 5094 eo.
1081 5057 1179 5095 secem
1194 5045 1280 5095 coemi
1295 5042 1404 5094 cumulo
1421 5041 1594 5092 Hotomanus.
1614 5066 1641 5076 -

319 5118 361 5169 24.
380 5116 482 5179 orienti
498 5119 519 5168 G
536 5130 605 5170 corr.
623 5119 650 5170 in
667 5121 775 5182 Quanta
796 5146 823 5156 -
842 5132 947 5169 comum
964 5120 997 5168 P:
1014 5131 1103 5169 corun
1119 5120 1154 5180 G3
1173 5131 1276 5169 coecum
1292 5119 1313 5169 0
1331 5144 1359 5154 -
1378 5117 1419 5167 22.
1436 5115 1564 5165 contorsit
1579 5116 1600 5165 P
1615 5140 1643 5151 —

319 5193 527 5245 carruccae:
544 5193 687 5245 bduoo-
707 5192 893 5257 quidilteP1-
913 5193 1257 5257 lotuuqucmuirquoeriruu
1273 5192 1382 5256 scripsi:
1400 5193 1646 5252 tuuqucquceuum

321 5267 365 5324 in:
382 5272 435 5318 tum
451 5267 524 5330 quast
539 5274 668 5331 quaestura
683 5272 783 5321 Pcorr.
797 5281 833 5318 m.
847 5269 862 5319 2
879 5271 906 5319 et
917 5270 952 5329 G,
971 5281 1048 5331 quuru
1064 5269 1136 5330 quusi
1152 5279 1194 5329 qu.
1208 5269 1244 5328 0;
1262 5268 1334 5330 quari
1350 5262 1530 5329 interpolatori
1541 5262 1643 5326 deberi,

321 5344 390 5394 Bake
408 5353 514 5406 quoque
531 5356 557 5407 p.
576 5345 608 5395 oo
624 5347 698 5395 recte
715 5342 848 5395 intellexit.
863 5370 891 5380 -
909 5343 951 5395 24.
967 5343 1058 5393 omisit.
1081 5342 1225 5393 Verislia-·
1239 5343 1280 5392 vir
1295 5339 1433 5392 ineruditi
1449 5339 1560 5403 scripsi:
1578 5340 1646 5389 cmi-

320 5419 359 5468 rit.
380 5417 486 5467 Venisset
501 5418 536 5467 od
551 5425 664 5470 amotum
679 5433 724 5470 uos
741 5420 794 5483 (uos
809 5432 855 5469 uos
871 5419 899 5481 G)
916 5418 1021 5478 inquom
1037 5416 1129 5479 equites
1146 5418 1185 5467 .ii.
1203 5421 1227 5467 et
1243 5428 1326 5467 omnes
1341 5414 1399 5464 boui
1414 5413 1484 5474 (boae
1500 5414 1538 5477 1³¹)
1554 5421 1646 5465 uatem

321 5494 356 5554 (su
374 5492 400 5542 in
419 5493 439 5542 P
458 5494 590 5557 punctata)
614 5498 686 5544 mulo
710 5496 817 5558 (mutclo
832 5491 871 5556 1³¹,
896 5499 988 5544 uester
1003 5492 1118 5542 mucius
1134 5493 1162 5554 G)
1183 5505 1276 5554 uosque
1293 5505 1342 5554 pro
1358 5503 1412 5541 meo
1428 5489 1511 5551 captu
1525 5489 1647 5552 adportes

320 5569 414 5619 uacuis
429 5568 583 5630 inpurum
595 5569 742 5632 proiecistis.
760 5583 817 5620 cum
832 5569 921 5620 uestris
933 5567 1049 5631 precibus
1065 5566 1097 5615 ob
1114 5566 1211 5617 tubum
1226 5565 1270 5617 illo
1284 5565 1424 5628 repudiatis
1439 5565 1482 5613 uir
1496 5563 1647 5615 incredibilis

321 5644 383 5701 PG3
401 5640 507 5693 ambil?
525 5644 582 5705 Vos,
600 5645 713 5707 inquom,
725 5645 817 5706 equites
826 5645 906 5704 Rern..
925 5649 948 5694 el
959 5655 1042 5693 omues
1053 5641 1109 5692 boni
1124 5648 1215 5693 cesam
1224 5638 1644 5702 mutcslirooeque--prcieclslirs

321 5731 378 5768 cum
392 5720 480 5769 ocrim
497 5719 613 5782 prectbur
632 5733 649 5770 o
672 5720 769 5771 ὶαινοηο
784 5720 827 5770 illo
841 5719 968 5783 repudiati
988 5718 1053 5768 estis.
1082 5716 1124 5766 Vir
1143 5717 1280 5770 incredibili
1297 5717 1329 5775 θ’,
1353 5715 1458 5776 inquom
1474 5715 1535 5779 poet
1549 5726 1594 5764 coa
1609 5713 1644 5764 ab

322 5796 427 5845 oratore
444 5794 578 5846 adiectum
596 5796 651 5858 est,
669 5793 742 5859 quod
758 5795 810 5846 iam
827 5807 907 5860 supra
918 5809 943 5845 v.
957 5795 972 5844 5
989 5792 1092 5857 equites
1103 5791 1290 5857 appellaverat.
1304 5817 1332 5827 -
1350 5789 1391 5841 27.
1404 5788 1546 5842 cootlcolio
1556 5791 1645 5840 omG

325 5893 352 5906 -
371 5868 412 5921 28.
431 5869 462 5923 de
478 5871 516 5921 Ji.
531 5884 559 5934 p.
577 5872 612 5931 1³3
629 5869 661 5921 de
674 5868 802 5934 republica
819 5884 851 5921 .r.
869 5871 890 5922 G
908 5895 937 5908 -
955 5868 1040 5921 retulit
1055 5866 1142 5919 PGO.
