3800 7350
671 1221 744 1288 cn.
766 1221 980 1287 xta-xiv.
1007 1219 1054 1307 ss
1075 1219 1223 1288 as-ro.
1521 1214 1605 1284 sarr

284 1414 349 1457 nou
370 1392 461 1465 huic,
483 1391 539 1456 sed
564 1391 699 1457 Gabinio
721 1391 858 1468 dederit,
887 1391 1096 1456 condemnato
1123 1392 1257 1456 Gahinio
1283 1390 1435 1474 utmm†
1461 1391 1516 1456 illa
1542 1412 1605 1476 quo

284 1506 321 1549 ea
343 1486 478 1569 pecunia
499 1485 542 1549 ait
562 1505 604 1550 en
624 1506 709 1549 nunc
731 1486 771 1549 de
793 1490 853 1551 cai
894 1485 979 1549 xiv.
1000 1487 1041 1550 it
1061 1485 1157 1549 hahet
1178 1492 1210 1549 et
1229 1486 1327 1563 celat;
1348 1493 1423 1550 sunt
1443 1486 1528 1549 enim
1549 1485 1605 1570 qui

283 1580 327 1642 ita
349 1580 527 1662 loquantur.
560 1577 653 1654 Quod
676 1599 776 1662 genus
799 1579 924 1643 taudem
947 1587 996 1643 est
1016 1579 1101 1644 istud
1122 1581 1342 1644 ostentationis
1356 1589 1388 1644 et
1405 1581 1548 1665 gloriae?
1570 1578 1605 1643 Si

284 1672 364 1735 nihil
387 1671 549 1736 habuisset
576 1693 742 1757 umquam,
769 1683 888 1747 tamen,
918 1675 945 1736 si
969 1674 1160 1757 quaesisset,
1189 1696 1244 1739 cur
1272 1674 1487 1739 dissimularet
1511 1692 1606 1737 causa

283 1786 347 1829 uon
371 1774 473 1829 esset:
496 1766 550 1850 qui
574 1785 648 1828 vero
671 1767 734 1829 duo
757 1766 841 1830 lauta
863 1774 895 1830 et
916 1768 1047 1850 copiosa
1072 1769 1261 1851 patrimonia
1281 1770 1454 1851 accepisset
1473 1779 1629 1850 remquet

282 1868 446 1944 praeterea
467 1860 558 1923 honis
575 1869 607 1923 et
625 1859 767 1924 honestis
783 1861 958 1924 rationihus
974 1861 1129 1936 auxisset,
1152 1862 1229 1945 quid
1244 1870 1327 1927 esset
1340 1862 1467 1926 tandem
1482 1878 1606 1936 causae,

284 1974 340 2018 cur
362 1953 537 2018 existimari
558 1953 656 2018 vellet
677 1955 753 2017 nihil
774 1954 912 2017 haberet
949 1951 1000 2017 39.
1016 1959 1064 2018 An
1081 1977 1152 2020 cum
1167 1957 1314 2021 credebat
1328 1957 1476 2021 inductus
1490 1954 1606 2029 usuris,

282 2048 315 2111 id
337 2048 450 2131 agebat
473 2056 507 2111 ut
528 2048 659 2111 haberet
680 2069 774 2132 quam
796 2048 985 2132 plurimum:
1007 2057 1211 2134 posteaquam
1235 2052 1342 2134 exegit
1355 2049 1443 2135 quod
1464 2048 1606 2114 credide·

281 2148 343 2216 rat,
374 2150 410 2204 ut
439 2142 673 2205 existimaretur
701 2146 817 2225 egerat
849 2144 972 2205 Nouum
994 2163 1095 2226 genus
1116 2144 1176 2209 hoc
1198 2145 1317 2228 gloriae
1339 2144 1543 2229 concupiscit
1565 2176 1606 2192 -

282 2235 469 2298 Dominatus
491 2244 538 2298 est
561 2236 661 2310 enim,
683 2237 803 2320 inquit,
825 2236 1046 2301 Alexandriae.
1060 2272 1103 2284 -
1126 2240 1224 2303 lmmo
1237 2259 1314 2302 vero
1331 2239 1363 2303 in
1378 2237 1644 2320 superbissimota

284 2327 448 2391 dominatu
470 2328 548 2391 init:
570 2330 700 2413 pertulit
721 2330 790 2413 ipse
813 2330 1005 2406 custodiam,
1027 2332 1106 2395 vidit
1128 2333 1159 2395 in
1176 2332 1310 2396 vinculis
1332 2331 1502 2395 familiares
1519 2349 1605 2404 suos,

282 2441 367 2484 mors
390 2421 430 2485 oh
453 2423 565 2486 oculos
587 2444 682 2506 saepe
703 2432 826 2488 versata
848 2432 910 2499 est,
932 2425 1038 2488 nudus
1058 2432 1154 2509 atque
1170 2444 1265 2507 egens
1279 2425 1320 2487 ad
1336 2434 1511 2488 extremum
1525 2422 1607 2505 fugit

281 2534 422 2598 eregno.
434 2548 477 2561 -
490 2512 540 2577 to.
556 2518 595 2580 At
607 2524 784 2600 permutata
801 2518 972 2602 aliquando
987 2520 1121 2601 pecunia
1141 2528 1203 2593 est;
1228 2518 1340 2584 ductae
1354 2538 1450 2583 naves
1464 2515 1605 2581 Postumi

280 2609 420 2673 Puteolis
452 2619 542 2685 sunt,
580 2610 705 2675 auditae
734 2612 883 2696 visaeque
913 2632 1044 2677 merces.
1090 2613 1230 2677 Fallaces
1260 2612 1389 2697 quidem
1418 2620 1450 2675 et
1475 2611 1606 2674 fucosae

281 2703 396 2766 chartis
425 2709 456 2766 et
485 2703 590 2767 linteis
613 2710 645 2767 et
665 2704 746 2768 vitro
768 2704 792 2786 †
814 2706 954 2770 delataer
983 2706 1098 2791 quihus
1120 2726 1192 2769 cum
1214 2707 1331 2770 multae
1352 2726 1448 2771 neves
1470 2704 1643 2769 reiertaess

279 2795 429 2871 fuissent,
452 2797 475 2878 †
490 2817 554 2860 una
574 2818 639 2861 non
654 2800 793 2880 potuerit
806 2818 913 2882 parva.
949 2800 1098 2885 Cataplus
1112 2800 1167 2865 ille
1181 2799 1389 2875 Puteolanus,
1403 2819 1506 2864 sermo
1519 2798 1605 2861 illius

279 2892 449 2973 temporis,
477 2899 705 2976 vectommque
735 2912 844 2958 cursus
872 2900 970 2978 atque
997 2894 1185 2967 ostentatio,
1214 2901 1281 2958 tum
1302 2893 1498 2957 suhinrisum
1520 2889 1605 2975 apud

280 2983 451 3048 malevolos
473 2985 614 3049 Postumi
636 3006 754 3050 nomen
774 2995 905 3071 propter
925 2988 1108 3071 opinionem
1130 2988 1284 3072 pecuniae
1304 2987 1414 3053 nescio
1435 3005 1531 3074 quam
1552 3003 1606 3049 ae·

280 3083 392 3141 statem
415 3097 528 3154 unam,
550 3099 616 3143 non
637 3079 745 3164 plures
767 3101 860 3145 aures
881 3080 1006 3146 refersit
1026 3081 1096 3145 istis
1117 3079 1327 3145 sermonibus.

279 3370 337 3420 cedo
355 3368 398 3420 ed.
417 3370 533 3419 lantino:
551 3369 641 3418 acam
659 3369 749 3431 (SUV)
767 3368 810 3418 vei
827 3370 931 3419 accreda
949 3369 977 3431 (E
986 3369 1015 3431 G)
1033 3368 1113 3419 codd.
1132 3394 1160 3405 -
1183 3370 1206 3419 4.
1224 3373 1311 3419 aaran
1326 3370 1372 3419 itta
1388 3383 1437 3432 qua
1452 3383 1484 3420 ea
1498 3372 1606 3433 pecunia

279 3446 311 3494 sit
326 3458 361 3494 aa
377 3457 444 3493 isaac
460 3444 490 3493 de
505 3457 536 3494 ea
553 3443 660 3494 codices
679 3444 735 3506 iqua
752 3444 829 3495 abest
846 3442 880 3493 eh
898 3445 944 3494 Ox.
963 3445 994 3504 8,
1011 3444 1057 3493 itta
1073 3457 1138 3508 quae
1154 3446 1201 3495 Ox.
1214 3446 1243 3507 Τ,
1261 3458 1311 3511 pro
1327 3460 1362 3496 aa
1378 3445 1460 3497 hahet
1475 3449 1496 3496 G
1512 3461 1539 3506 a,
1557 3447 1604 3497 Ox.

280 3520 299 3570 C
317 3524 362 3580 at,
380 3519 402 3568 H
419 3522 446 3567 at
462 3518 517 3578 ani:
535 3522 621 3567 uinus
636 3518 674 3567 itti
689 3530 745 3568 eam
760 3520 892 3581 pecuniam
907 3519 1014 3568 reddidit
1031 3532 1066 3567 aa
1082 3520 1159 3569 4444444
1173 3534 1240 3569 auec
1256 3519 1343 3571 dehet?
1359 3522 1379 3571 0
1396 3533 1458 3571 cum
1476 3521 1519 3571 ed.
1536 3523 1604 3572 luat.

280 3593 338 3655 (sed
358 3595 426 3644 haec
447 3592 505 3655 itte).
533 3594 736 3645 Perversitetem
759 3594 837 3644 huius
859 3591 978 3643 lectionis
1000 3590 1118 3655 vulgatae
1139 3590 1212 3644 solus
1235 3594 1359 3644 Garatoni
1380 3596 1477 3658 sensit,
1503 3594 1554 3645 sed
1570 3594 1605 3646 de

279 3669 337 3721 loco
355 3666 523 3720 emendando
541 3666 699 3733 desperavit.
726 3667 855 3719 Videntur
871 3665 946 3732 plura
964 3666 1143 3729 intercidissa;
1162 3668 1352 3720 liommsenius
1363 3669 1472 3735 quidem
1484 3670 1604 3737 supplet:

278 3751 363 3795 samm
384 3745 429 3794 itta
450 3757 497 3804 pro
513 3755 544 3794 sa
561 3755 667 3794 sacrari
686 3743 850 3808 [usstassais
865 3743 993 3804 inaudita
1009 3746 1122 3794 44444444
1137 3745 1164 3794 ia
1179 3745 1245 3794 haee
1260 3759 1295 3794 aa
1310 3759 1361 3796 eoa
1371 3747 1496 3805 44444444,
1516 3746 1558 3794 cast
1574 3758 1606 3795 sa

276 3818 392 3885 pecunia]
409 3821 485 3870 444444
500 3831 566 3868 ausa
583 3817 666 3868 deest?
684 3845 712 3856 -
729 3819 755 3869 i.
773 3820 838 3870 enim
855 3818 918 3870 Eli:
941 3817 1030 3868 44444444
1046 3818 1125 3869 GSV
1142 3843 1170 3856 -
1193 3819 1218 3871 3.
1237 3821 1299 3869 tttud
1314 3819 1400 3883 iilotz,
1423 3821 1495 3886 quod
1511 3821 1605 3872 vitians

279 3909 339 3947 esse
357 3894 575 3958 typographicam
593 3893 635 3944 ed.
655 3894 757 3943 Ernest.
777 3894 829 3944 iam
846 3892 924 3945 Orelli
941 3894 1049 3944 notavit.
1068 3920 1095 3929 —
1121 3892 1144 3946 i.
1162 3896 1185 3945 si
1205 3897 1348 3958 acquisisset
1363 3899 1491 3949 Patricius
1510 3922 1537 3935 -
1559 3910 1606 3946 cae·

278 3971 443 4021 dissimularet
459 3970 618 4032 Madvigius:
636 3983 683 4018 cur
698 3971 721 4018 si
732 3971 762 4030 (ts
772 3970 789 4018 S
799 3968 830 4030 V)
842 3969 1010 4018 dissimularet
1026 3967 1116 4028 codd,
1134 3969 1183 4020 sed
1201 3970 1302 4020 additS
1318 3970 1408 4022 hahere
1424 3974 1483 4036 post
1499 3971 1604 4032 diesim„
1647 3964 1652 3974 '

278 4045 446 4109 quodetiam
464 4045 489 4094 in
508 4044 523 4095 l
541 4046 604 4094 Osx.
623 4044 713 4099 deest:
732 4058 778 4093 cur
794 4059 818 4093 se
835 4047 927 4094 dudm.
946 4043 1037 4093 datm
1052 4044 1072 4093 0
1090 4057 1151 4095 cum
1170 4046 1271 4095 liureio
1289 4049 1316 4095 et
1331 4047 1447 4097 Weisiia
1466 4072 1493 4082 -
1512 4048 1536 4096 s.
1554 4060 1605 4096 eos

277 4127 336 4172 esset
352 4133 405 4171 om.
424 4120 444 4170 E
461 4145 494 4155 —
510 4120 534 4169 6.
552 4119 656 4168 honestis
673 4118 843 4168 actionibuss
863 4145 889 4155 -
908 4119 932 4168 7.
952 4118 1081 4167 aestimari
1099 4120 1117 4170 U
1137 4145 1164 4154 -
1191 4119 1215 4169 9.
1233 4121 1389 4182 eaistimetur
1404 4123 1437 4180 G,
1455 4125 1485 4171 ut
1501 4121 1604 4172 Ernesti

276 4195 371 4257 voluit,
393 4194 477 4245 verba
494 4195 533 4244 sia
549 4196 754 4259 interpungens:
777 4206 859 4258 opere,
881 4207 974 4243 amuco
990 4195 1041 4243 cet.
1064 4193 1092 4242 ld
1111 4206 1173 4243 cum
1190 4194 1310 4255 iecisset,
1329 4197 1450 4246 Garatoni
1467 4209 1498 4247 se
1515 4197 1605 4246 mirari

277 4272 353 4333 dicit,
377 4271 449 4334 quod
471 4283 522 4321 non
541 4271 627 4334 potius
644 4283 687 4320 vv.
705 4275 734 4319 ut
749 4269 993 4332 murmuravere
1010 4280 1060 4332 pro
1076 4267 1235 4332 glossemate
1253 4268 1384 4320 hahuerit.
1411 4271 1483 4330 Quae
1501 4271 1523 4320 st
1540 4283 1604 4322 sana

276 4350 351 4406 sunt,
368 4345 447 4397 lectio
464 4347 652 4396 metuantur
668 4346 819 4397 necessaria
837 4348 893 4405 est,
911 4357 975 4395 cum
992 4356 1023 4394 ex
1041 4344 1068 4392 id
1083 4342 1173 4406 caedat
1190 4356 1242 4394 uon
1258 4345 1343 4408 possit
1357 4345 1384 4393 id
1399 4346 1462 4409 epit,
1479 4349 1509 4396 ut
1524 4348 1606 4410 puta·

276 4424 313 4473 vit
333 4422 474 4482 Patricius,
499 4423 592 4487 repeti.
619 4423 647 4472 in
665 4423 793 4485 scriptura
813 4423 903 4470 autern
922 4417 1028 4483 «epesi
1042 4419 1157 4468 Nosses·
1174 4421 1226 4469 oet.
1244 4418 1366 4484 displicet
1382 4419 1496 4471 verbum
1511 4433 1605 4471 44444-

273 4499 359 4562 ps'sclt,
378 4497 450 4560 quod
468 4498 518 4547 iam
538 4497 649 4547 Graevio
667 4495 879 4546 additamentum
895 4493 1045 4546 videbator.
1073 4495 1099 4544 Si
1115 4492 1207 4544 delere
1225 4493 1353 4554 nolueris,
1371 4493 1465 4546 saltem
1483 4494 1605 4546 scriben-

277 4573 342 4624 dum
365 4574 428 4624 erit:
451 4574 549 4623 Novum
568 4586 645 4636 pesas
666 4572 706 4622 istc
731 4573 776 4633 (aa
793 4569 859 4630 stc?)
881 4570 916 4635 pt.
936 4571 1095 4632 concupiscit.
1119 4570 1237 4630 Priores,
1264 4570 1309 4634 qui
1330 4582 1436 4621 comma
1459 4571 1519 4633 post
1534 4582 1606 4634 spere

277 4647 391 4709 hahent,
410 4645 504 4698 saltem
522 4647 560 4697 sic
577 4645 696 4697 scrihere
714 4644 878 4697 debuerunt:
900 4649 929 4695 ut
950 4645 1106 4695 wisimar
1125 4657 1197 4709 spere
1216 4644 1318 4708 (nouus
1339 4657 1416 4709 prora
1434 4645 1480 4695 hac
1497 4643 1605 4710 plortae)

277 4722 445 4785 musas?
467 4749 495 4760 -·
521 4723 562 4773 lt.
580 4723 686 4771 44444444
706 4734 737 4769 v:
760 4720 848 4770 cinctis
868 4720 918 4771 CG
942 4746 970 4757 -
992 4720 1129 4782 (condiaris
1148 4721 1227 4773 sov
1250 4747 1278 4756 -
1303 4721 1343 4771 li.
1361 4725 1420 4771 aete
1438 4721 1522 4771 4444444
1539 4735 1556 4768 v
1573 4746 1601 4759 -

279 4799 318 4849 43.
338 4799 474 4859 aliquando
492 4796 569 4846 codd.
590 4797 661 4846 noti:
685 4795 786 4845 aliunde
803 4796 822 4845 0
842 4808 905 4846 cum
925 4797 1056 4859 Naugerio
1076 4799 1104 4846 et
1125 4795 1227 4858 cedit)
1244 4797 1349 4846 Pictam.
1366 4822 1400 4832 -
1419 4797 1509 4847 ductae
1528 4795 1605 4850 suv

280 4875 306 4923 et
323 4875 343 4923 G
361 4885 420 4937 sup.
439 4871 500 4923 lin:
519 4873 600 4922 dictae
617 4873 651 4934 ii,
670 4874 690 4922 G
707 4883 747 4935 pr.
766 4883 819 4929 m..
837 4870 853 4920 d
870 4872 949 4930 Oxx.;
968 4876 1041 4920 actae
1057 4871 1125 4921 coni.
1145 4870 1247 4932 lamb..
1264 4871 1398 4922 subductae
1413 4871 1557 4936 Madvigius
1574 4896 1602 4908 -

278 4947 318 4999 tl.
338 4947 461 5009 quaedam
477 4948 498 4996 G
515 4959 554 5010 pr.
568 4959 605 4998 m.
621 4974 648 4983 -
668 4947 708 4996 ts.
727 4947 824 4996 44444444
840 4944 920 4996 codd.
933 4943 1069 5009 plerique:
1088 4947 1194 4996 ddeteG
1208 4959 1248 5011 pr.
1261 4959 1312 5004 m.;
1329 4946 1428 4998 aetam
1443 4946 1603 5000 lectionaria

176 5029 180 5037 ’
280 5025 306 5073 in
323 5036 406 5087 marg.
420 5023 514 5073 Mureti
531 5025 571 5083 (ex
585 5021 692 5081 Ciot.‘i);
711 5022 806 5071 celatae
821 5019 913 5071 Lemh.
927 5033 960 5070 ex
978 5020 1056 5070 codd.
1071 5047 1096 5060 -
1118 5022 1157 5071 46.
1173 5023 1287 5084 patuerit
1302 5024 1336 5081 (ῖς
1351 5023 1465 5085 patuito
1477 5047 1505 5059 -
1520 5033 1605 5082 parm

278 5103 365 5148 artata
382 5100 483 5160 (ereata
499 5099 528 5158 G)
542 5097 600 5160 ptus
617 5097 760 5159 (inpiati)
778 5096 857 5146 codd.
877 5095 948 5150 notit
966 5108 1049 5156 namo
1065 5100 1138 5145 atata
1152 5096 1209 5157 ptiar
1221 5096 1280 5146 sod.
1293 5094 1422 5157 Turnebi,
1440 5096 1510 5146 unde
1528 5096 1601 5160 ipset

275 5186 368 5236 parua.
387 5172 519 5235 cataptus,
544 5185 625 5235 quam
648 5171 789 5222 lectionem
813 5169 904 5221 Lemb.
929 5171 956 5219 in
978 5182 1030 5220 uno
1050 5171 1210 5220 Memmiana
1227 5183 1257 5221 se
1273 5171 1407 5222 invenisse
1424 5170 1500 5228 dicit;
1520 5182 1605 5232 parua

278 5253 352 5309 atque
367 5253 449 5297 arcta.
469 5249 528 5310 quid
544 5247 670 5308 amptius?
693 5247 753 5297 cod.
772 5246 906 5311 pessimus
923 5246 1027 5296 ilatum.
1047 5247 1107 5308 (aaa
1123 5260 1173 5296 aas
1186 5247 1284 5308 patuit,
1306 5248 1415 5308 pecrseia
1430 5251 1517 5296 artata
1533 5246 1602 5296 coni.

277 5323 423 5383 Patricius.)
449 5323 624 5372 iiommsenio
646 5319 719 5372 locus
743 5321 782 5371 sic
803 5319 1006 5371 constituendus
1022 5319 1139 5371 videtur:
1159 5321 1191 5370 ,44
1207 5325 1325 5382 umecta
1343 5321 1479 5382 canusso
1495 5322 1605 5382 pxueta

278 5402 327 5457 est,·
349 5399 468 5448 emensae
486 5411 563 5447 aaaes
587 5399 612 5447 P.
637 5398 742 5447 Puteolis
763 5403 820 5446 naut
840 5398 943 5446 auditae
964 5397 1087 5457 erismae.
1107 5421 1134 5430 -
1162 5397 1256 5446 iterces
1271 5396 1324 5458 salt.
1343 5396 1442 5458 44444444
1456 5401 1479 5445 et
1493 5395 1603 5458 (acam,

279 5475 371 5523 chartis
391 5479 415 5523 et
436 5474 516 5523 linteis
536 5479 560 5523 et
579 5475 645 5523 citra
670 5473 771 5532 datatim
797 5472 885 5534 quibus
903 5485 961 5521 cum
981 5472 1075 5520 mattae
1090 5484 1165 5522 naues
1180 5472 1288 5536 refertae
1301 5472 1415 5534 1444444444,
1440 5483 1538 5520 namna
1553 5485 1604 5521 aas

276 5549 358 5611 potuit
375 5549 475 5610 parari.
502 5549 622 5611 cataplus
642 5549 683 5598 tlte
701 5547 848 5597 4444044444
864 5549 915 5596 cet.
936 5574 964 5584 -
988 5548 1027 5597 ti.
1045 5559 1133 5596 cursus
1149 5547 1166 5596 S
1184 5560 1253 5596 corr.
1271 5559 1303 5596 ex
1319 5547 1399 5605 usus,
1424 5545 1507 5597 verbs
1523 5559 1604 5597 senae

279 5623 346 5672 itlius
367 5627 441 5684 terap.
460 5626 487 5673 et
507 5637 596 5673 ausus
616 5628 692 5685 atque
708 5622 728 5673 0
744 5621 856 5672 inclusit.
879 5647 906 5658 —
929 5621 970 5671 ss.
987 5623 1120 5673 malevolos
1140 5623 1174 5673 E:
1196 5623 1326 5672 matuatus
1341 5622 1418 5674 SUV
1435 5648 1462 5658 -
1485 5628 1604 5672 4444444444

280 5711 333 5746 unc
350 5711 400 5745 aon
413 5697 498 5759 plures
514 5699 549 5756 ῦς
568 5703 687 5749 aestates
702 5710 781 5746 44444444
793 5695 909 5759 pluribus
929 5697 970 5760 (ex
986 5711 1040 5747 aaa
1055 5694 1073 5747 vi
1088 5698 1176 5760 pluris)
1193 5699 1229 5757 G;
1251 5703 1369 5748 aestatem
1386 5710 1465 5747 44444444
1479 5711 1529 5747 eos
1545 5710 1604 5748 aaa·

278 5774 345 5836 ptius
361 5773 489 5832 Muretus;
512 5778 605 5824 aestate
620 5787 673 5823 aaa
688 5771 826 5835 conpares
841 5769 919 5822 Orelli
940 5784 974 5821 ex
995 5784 1044 5822 sus
1066 5772 1136 5822 coni.
1162 5771 1233 5823 «cic.
1249 5785 1343 5831 444444,
1364 5786 1415 5822 eoa
1428 5772 1513 5833 plwee
1528 5771 1602 5829 dixit,

282 5851 311 5898 ut
327 5845 450 5897 celeriter
470 5860 609 5899 sermones
631 5846 760 5898 deiecisse
783 5844 959 5909 significarem
981 5846 1120 5910 4444444444
1134 5859 1211 5898 aas-ee
1225 5859 1275 5912 pro
1290 5847 1427 5898 mutim
1441 5845 1545 5897 4444444
1559 5848 1603 5898 vix

282 5922 332 5974 dici
349 5923 440 5987 puto.»
457 5924 557 5975 mnne
572 5923 643 5986 epist.
660 5923 717 5973 crit.
736 5921 770 5972 ad
786 5919 861 5972 ona.
879 5932 906 5985 p.
925 5918 983 5973 tat.
1002 5946 1030 5960 -
1048 5919 1089 5977 st.
1107 5921 1181 5977 uir
1195 5921 1246 5974 CG
1262 5944 1291 5960 ··
1307 5920 1407 5989 44444444
1420 5921 1463 5974 ssd
1477 5920 1534 5972 841.
