3800 7350
602 1169 675 1234 cn.
696 1165 1035 1231 xxxiii-xxxiv.
1062 1162 1108 1248 33
1130 1158 1277 1226 44-44.
1520 1159 1603 1226 usos

280 1340 383 1402 bonus
411 1357 513 1421 augur
533 1370 574 1385 -
597 1338 630 1402 C.
655 1337 795 1400 Laelium
824 1336 1009 1401 diceres-
1038 1335 1123 1398 alio
1154 1334 1218 1398 die
1239 1332 1351 1418 iuquit.
1385 1331 1602 1417 Oimpuden·

281 1436 356 1499 tiam
386 1431 594 1515 singulareml
632 1432 716 1507 Quid
738 1429 884 1493 videras?
914 1430 993 1515 quid
1014 1433 1179 1493 senseras?
1206 1428 1283 1513 quid
1306 1428 1476 1491 audieras?
1497 1447 1601 1511 neque

280 1527 363 1592 euim
393 1534 424 1589 te
455 1526 493 1588 de
520 1526 607 1590 caelo
635 1545 777 1589 servasse
807 1522 931 1599 dixisti,
963 1543 1020 1587 nec
1047 1522 1143 1586 bodie
1165 1521 1254 1586 dicis.
1300 1520 1335 1583 Id
1359 1522 1454 1605 igitur
1476 1522 1604 1586 obvenit

280 1621 408 1696 vitium,
431 1620 518 1703 quod
540 1626 574 1682 lu
595 1621 657 1683 iam
679 1616 831 1683 Kalendis
853 1618 1008 1681 Ianuariis
1028 1616 1169 1680 futurum
1185 1637 1255 1680 esse
1270 1616 1453 1698 provideras
1469 1624 1501 1680 et
1514 1624 1601 1680 tauto

281 1721 355 1778 anie
384 1711 596 1797 praedixeras.
636 1715 719 1795 Ergo
741 1711 869 1775 hercule
891 1730 1021 1794 magna,
1050 1720 1087 1773 ut
1107 1732 1215 1794 spero,
1238 1718 1290 1773 tua
1312 1710 1418 1792 potius
1440 1730 1534 1793 quam
1556 1709 1626 1772 reis

280 1807 426 1891 publicae
449 1806 624 1870 calamitate
647 1806 815 1869 ementitus
838 1825 871 1867 es
886 1804 1044 1887 auspicia,
1066 1804 1264 1868 obstrinxisti
1282 1803 1433 1886 religione
1447 1804 1603 1886 populum

280 1901 472 1976 Romanum,
502 1920 604 1984 augur
631 1900 758 1982 auguri,
786 1898 895 1962 consul
925 1898 1047 1962 consuli
1078 1898 1282 1962 obnuntiasti.
1323 1897 1405 1960 Nolo
1427 1897 1534 1980 plura,
1562 1916 1603 1960 ue

280 2001 351 2057 acta
372 1993 554 2057 Dolabellae
576 1991 685 2056 videar
700 1991 892 2066 convellere,
915 2012 997 2076 quae
1012 2012 1141 2055 necesse
1157 2000 1206 2056 est
1218 1991 1390 2075 aliquando
1405 1989 1445 2054 ad
1461 1998 1604 2055 nostrum

280 2086 448 2169 collegium
477 2085 666 2150 deferantur.
705 2081 762 2160 84.
787 2085 847 2148 Sed
876 2086 1087 2167 arrogantiam
1109 2086 1247 2149 bominis
1268 2084 1530 2167 insolentiamque
1552 2104 1604 2149 co·

280 2180 432 2263 gnoscite.
477 2179 577 2256 Quam
604 2179 660 2242 diu
689 2187 722 2242 tu
745 2179 851 2253 voles,
879 2179 1010 2242 vitiosus
1033 2179 1144 2242 consul
1165 2179 1345 2243 Dolabella:
1374 2199 1499 2255 rursus,
1531 2200 1602 2243 cum
1613 2193 1641 2240 44

281 2275 385 2350 voles,
407 2274 502 2338 salvis
524 2274 673 2357 auspiciis
695 2281 829 2335 creatus.
867 2274 899 2336 Si
914 2272 994 2335 nibil
1009 2280 1072 2348 est,
1094 2295 1164 2337 cum
1179 2293 1280 2355 augur
1297 2274 1335 2337 iis
1351 2272 1455 2335 verbis
1469 2273 1603 2347 nuntiat,

283 2369 398 2454 quibus
421 2376 454 2431 tu
477 2367 646 2440 nuntiasti,
677 2362 826 2429 confitere
849 2374 895 2440 te,
922 2386 994 2428 cum
1016 2365 1099 2429 slio
1121 2364 1187 2430 die
1210 2367 1347 2441 dixeris,
1376 2366 1517 2430 sobrium
1538 2386 1602 2429 non

284 2459 401 2525 fuisse:
430 2460 480 2523 sin
511 2468 558 2523 est
583 2459 691 2544 aliqua
719 2460 766 2523 vis
794 2460 827 2523 iu
855 2461 924 2524 istis
947 2461 1068 2536 verbis,
1097 2480 1134 2524 ea
1155 2480 1237 2544 quae
1260 2461 1302 2523 sit
1322 2480 1420 2544 augur
1441 2479 1460 2523 a
1482 2459 1603 2542 bollega

280 2576 418 2639 requiro.

365 2648 512 2711 XXXIV.
535 2648 597 2711 Sed
621 2668 660 2711 ne
682 2647 763 2712 forte
785 2669 825 2712 ex
845 2649 951 2713 multis
973 2650 1067 2713 rebus
1089 2650 1184 2732 gestis
1199 2649 1328 2713 Antonii
1341 2669 1408 2711 rem
1422 2667 1516 2711 uuam
1532 2647 1603 2732 pul·
1614 2661 1642 2707 44
1730 2669 1735 2684 ··

281 2742 466 2806 uberrimam
498 2741 654 2805 transiliat
682 2743 796 2817 oratio,
826 2743 865 2805 ad
896 2744 1080 2828 Lupercalia
1108 2743 1280 2806 veniamus.
1323 2744 1393 2806 Nou
1416 2743 1604 2818 dissimulat,

280 2842 384 2920 patres
399 2834 585 2918 conscripti:
608 2844 738 2918 apparet
753 2856 823 2899 esse
838 2844 1048 2911 commotum:
1070 2835 1173 2912 sudat,
1189 2837 1295 2921 pallet.
1324 2836 1495 2913 Quidlibet,
1508 2838 1604 2902 modo

282 2948 322 2991 ue
351 2935 501 3003 nauseet,
532 2928 642 3003 iaciat,
676 2925 762 3013 quod
790 2929 822 2992 in
855 2931 975 3012 porticu
1004 2930 1142 2993 Minucia
1169 2930 1253 2993 fecit.
1299 2929 1388 3006 Quae
1409 2939 1513 3013 potest
1534 2933 1604 2996 esse

283 3020 490 3103 turpitudinis
513 3030 617 3086 tautae
640 3020 807 3086 defensio?
838 3023 936 3108 Cupio
958 3024 1085 3098 audire,
1106 3033 1142 3086 ut
1163 3024 1304 3099 videam,
1328 3025 1384 3088 ubi
1406 3026 1542 3090 rbetoris
1564 3027 1605 3089 sit

282 3123 369 3179 tanta
397 3134 535 3192 merces,
564 3116 597 3179 id
625 3123 673 3180 est
701 3117 755 3180 ubi
784 3136 912 3201 campus
943 3118 1116 3180 Leontinus
1137 3127 1298 3200 appareat.
1339 3115 1391 3180 85.
1414 3120 1550 3183 Sedebat
1571 3120 1642 3181 ineo

281 3209 392 3271 rostris
414 3208 535 3294 collega
557 3218 645 3285 tuus,
675 3211 808 3273 amictus
830 3219 903 3292 toga
924 3231 1099 3294 purpurea,
1128 3212 1161 3273 in
1182 3212 1261 3275 sella
1282 3232 1397 3287 aurea,
1425 3220 1604 3276 coronatus.

281 3302 452 3378 Esceudis,
474 3303 598 3368 accedis
619 3302 660 3366 ad
682 3302 794 3366 sellam
814 3304 921 3366 —ita
943 3324 1013 3366 eras
1035 3305 1213 3387 Lupercus,
1239 3313 1275 3369 ut
1295 3315 1326 3369 te
1349 3305 1512 3368 consulem
1535 3325 1604 3369 esse

283 3395 464 3460 meminisse
486 3396 619 3461 deberes
642 3431 698 3471 -·,
720 3395 864 3460 diadema
885 3397 1037 3461 ostendis.
1074 3398 1215 3461 Gemitus
1238 3406 1305 3462 toto
1325 3398 1406 3463 loro.
1434 3401 1524 3464 Unde
1540 3400 1606 3463 dia·

283 3491 397 3553 demat
418 3510 481 3555 nou
505 3490 589 3554 enim
611 3490 765 3554 abiectum
788 3490 978 3565 sustuleras,
1000 3491 1056 3554 sed
1079 3492 1230 3555 attuleras
1253 3492 1346 3557 domo
1369 3494 1553 3557 meditatum
1574 3499 1607 3556 et

282 3587 451 3667 cogitatum
473 3584 584 3648 scelus.
617 3585 665 3646 Tu
685 3582 830 3647 diadema
852 3584 1038 3668 imponebas
1053 3605 1124 3648 cum
1148 3586 1296 3669 plangore
1311 3587 1442 3669 populi:
1465 3586 1519 3650 ille
1534 3600 1643 3650 cumss

282 3677 395 3760 plausu
417 3677 591 3742 reiiciebat.
628 3679 676 3741 Tu
699 3698 773 3762 crgo
789 3698 890 3753 unus,
913 3679 1081 3754 scelerate,
1103 3681 1250 3743 inventus
1266 3700 1300 3744 es
1315 3681 1389 3764 qui,
1411 3702 1482 3744 cum
1497 3690 1608 3745 auctor

282 3772 370 3855 regui
391 3792 494 3848 esses,
516 3792 599 3847 eum,
621 3792 716 3856 quem
733 3772 884 3855 collegam
898 3773 1053 3849 habebas,
1076 3773 1240 3837 dominum
1254 3774 1370 3838 bebere
1385 3775 1500 3853 velles:
1522 3775 1607 3839 idem

283 3873 436 3941 tentares,
458 3864 534 3949 quid
558 3865 694 3950 populus
716 3866 876 3930 Romanus
896 3864 979 3930 ferre
1002 3875 1035 3930 et
1055 3868 1120 3950 pati
1142 3876 1258 3951 posse:
1283 3863 1349 3976 336.
1370 3869 1411 3932 st
1431 3869 1527 3932 etiam
1548 3869 1607 3932 mi·

284 4058 384 4112 Urlichs
402 4061 442 4123 (N.
460 4061 525 4112 llus.
545 4061 618 4111 44444.
637 4061 668 4120 V,
687 4073 713 4124 p.
726 4059 798 4122 463);
821 4061 985 4112 minuant:
1005 4065 1173 4126 suprapotmn
1189 4064 1297 4112 4444444
1312 4061 1410 4121 cossi:
1433 4063 1520 4114 Kahut
1535 4062 1607 4127 (sns-

282 4135 368 4185 mods.
385 4136 452 4186 44444.
474 4136 550 4186 Vitae
568 4136 631 4186 4838
653 4148 679 4199 p.
698 4136 737 4198 bl:
760 4136 1063 4201 444444--44444434444
1083 4139 1192 4189 4444464
1211 4138 1309 4196 clasis:
1332 4138 1476 4202 Madvigius
1494 4139 1556 4203 (Op.
1575 4140 1606 4200 11,

284 4223 311 4275 p.
330 4210 386 4272 330)
405 4212 574 4262 Garatoniom
592 4214 620 4261 et
635 4210 785 4274 Zumptium
803 4210 850 4271 (dic
865 4210 1035 4277 Abstlmmonp
1051 4213 1092 4263 444
1108 4219 1172 4264 rom.
1192 4214 1263 4265 44444
1278 4213 1363 4265 Berol.
1384 4214 1446 4264 4837
1463 4227 1490 4278 p.
1505 4214 1544 4275 46)
1562 4227 1608 4265 se-

285 4287 361 4335 cutus
377 4285 536 4336 4444484444
552 4286 613 4335 sule
630 4285 716 4335 (444444
733 4282 876 4336 delendum
893 4289 1001 4344 censet,
1019 4300 1034 4335 a
1052 4287 1149 4351 qulbus
1166 4289 1201 4339 ita
1218 4290 1277 4339 Cer.
1290 4290 1368 4339 Peter
1381 4288 1554 4350 (conpoctas
1565 4289 1610 4339 der

287 4360 526 4424 Vorsosaunprpcscb.
538 4360 584 4410 der
593 4364 657 4408 rdm.
670 4358 787 4422 Repubtitc
798 4372 824 4423 p.
837 4360 878 4423 68)
891 4360 1020 4422 dissentit,
1038 4364 1068 4411 ut
1083 4360 1172 4424 legere
1189 4361 1274 4413 malit:
1293 4364 1470 4414 resuscitantur
1479 4363 1609 4416 4444444--

284 4435 417 4499 sustracto.
445 4435 499 4486 Nos
520 4435 546 4484 lu
564 4433 613 4484 loci
631 4435 842 4498 interpunctione
859 4435 1032 4486 Niebubrium
1050 4437 1134 4486 secuti
1151 4450 1244 4489 sumus
1262 4439 1296 4500 (v.
1315 4439 1372 4488 eius
1388 4438 1454 4488 Hist.
1472 4438 1547 4488 Rom.
1564 4439 1607 4499 444,

285 4522 311 4574 p.
329 4509 378 4560 398
395 4509 479 4574 433),
503 4510 578 4561 cuius
599 4510 728 4561 sententia
752 4509 786 4559 ita
806 4510 981 4561 Mommsenio
1007 4509 1135 4574 probatur
1153 4512 1194 4572 (44.
1212 4513 1252 4563 dia
1267 4513 1403 4564 4444444444
1421 4510 1506 4561 Tribus
1520 4525 1547 4576 p.
1566 4511 1607 4572 si,

285 4587 339 4635 uot.
357 4583 414 4647 ti),
432 4586 462 4634 ut
478 4585 524 4634 444
539 4595 584 4634 :cos
600 4586 660 4635 aute
677 4585 802 4649 mffroptu
818 4583 971 4635 addendum
989 4587 1034 4634 nut
1051 4587 1085 4634 ita
1104 4587 1289 4649 corrigendum
1307 4600 1368 4639 esse
1380 4589 1504 4638 censent:
1523 4588 1610 4638 4444444

284 4661 407 4724 eosdm,
423 4663 452 4709 44
469 4657 519 4723 (vel
535 4659 573 4708 444
587 4658 623 4722 ut)
640 4658 748 4722 adsolet,
772 4660 905 4724 suffragio.
929 4659 968 4710 Cl.
988 4657 1022 4709 de
1042 4657 1101 4711 loeo
1119 4662 1199 4712 etiam
1215 4660 1300 4714 Orellii
1318 4674 1459 4713 excursum
1476 4661 1501 4712 in
1520 4661 1563 4712 ed.
1582 4676 1606 4713 4.

284 4735 349 4787 4836
365 4749 392 4801 p.
410 4733 459 4787 463
475 4745 536 4798 sqq.
555 4735 583 4784 et
598 4733 768 4798 ltarqusrdtii
784 4735 872 4799 Antiq.
890 4735 966 4785 Rom.
984 4736 1022 4796 11,
1044 4735 1073 4796 3,
1091 4749 1118 4801 p.
1138 4737 1177 4788 46.
1197 4763 1224 4773 -
1249 4739 1274 4789 4.
1291 4737 1318 4789 C.
1337 4738 1372 4786 V:
1396 4750 1449 4788 om.
1467 4739 1490 4789 b
1508 4762 1535 4774 -
1555 4738 1609 4788 444-

284 4809 699 4873 ccrcth-tnpudcnts'omvn
719 4836 746 4847 -
770 4810 858 4860 3444
879 4812 945 4860 ssim
966 4811 1005 4871 D:
1032 4810 1395 4877 ci.ador.Phll.1,§t⁰.
1415 4838 1443 4848 -
1467 4813 1606 4865 dcccv:

283 4899 362 4949 44444
377 4886 400 4936 D
418 4912 447 4924 -
468 4883 493 4936 4.
508 4885 658 4948 prouidere:
674 4886 743 4935 mei:
764 4886 930 4948 praevideras
946 4884 1055 4943 Lemb:
1079 4889 1107 4936 nt
1122 4901 1148 4937 v.
1167 4886 1202 4938 ad
1218 4886 1234 4952 5
1249 4887 1290 4939 34.
1310 4913 1337 4924 -
1361 4887 1386 4937 6.
1404 4888 1522 4939 cumulos
1537 4888 1560 4936 V
1577 4914 1605 4923 -

284 4963 419 5013 4444444444
433 4959 480 5022 V¹;
498 4961 621 5011 4444444444
637 4962 660 5022 4,
678 4963 709 5011 44
725 4961 750 5010 44
768 4975 784 5012 4
801 4975 834 5013 ex
850 4961 1005 5011 obstrtnctut
1023 4963 1174 5012 correctum
1193 4966 1242 5013 est.
1256 4987 1283 4998 —
1302 4961 1420 5026 4444444444
1433 4976 1460 5025 p.
1478 4964 1508 5012 44.
1526 4963 1563 5012 V:
1579 4977 1607 5026 p.

285 5035 521 5101 8444344441)-
541 5035 776 5086 inmundam:
794 5036 942 5086 mosttoutsti
959 5036 1022 5085 D·-
1042 5049 1073 5086 44
1090 5040 1136 5086 oto
1152 5035 1351 5087 (4484444444-
1370 5035 1608 5099 8.ssttolipuondo

285 5112 347 5161 41-
366 5110 391 5161 9.
404 5110 545 5173 4414444444·
560 5109 583 5159 V
595 5137 623 5146 -
642 5111 819 5176 adrogantium
830 5110 853 5158 V
865 5136 892 5146 -
912 5111 953 5161 48.
967 5111 1083 5172 0444444
1100 5115 1110 5159 4
1129 5137 1156 5148 -
1174 5124 1277 5160 curasan
1293 5123 1349 5174 3-
1369 5111 1409 5162 44.
1425 5114 1534 5176 aruspicia
1544 5113 1567 5161 V
1578 5141 1605 5152 -

284 5183 1177 5249 8484444434-4444ς444434ς44444-4344444413-
1196 5187 1341 5236 cumomt
1360 5211 1387 5222 -
1407 5187 1446 5238 43.
1460 5189 1606 5250 ottquomV

286 5286 314 5297 -
328 5261 434 5325 omis
449 5261 509 5324 434
526 5287 554 5297 -
573 5259 614 5310 48.
626 5261 738 5324 34444444
749 5286 777 5298 -
790 5259 880 5311 Actum
891 5260 926 5309 V:
943 5261 980 5311 44.
992 5261 1092 5312 Antonii
1104 5261 1199 5323 (444444
1209 5263 1227 5323 4)
1240 5260 1283 5311 DO
1297 5287 1324 5298 -
1340 5259 1608 5324 pulcherrimumsortc

286 5336 412 5387 transiliat
427 5336 451 5387 V
469 5362 496 5371 -
515 5335 556 5387 ti.
575 5336 680 5399 odporct
696 5336 719 5384 V
737 5361 764 5372 -
782 5335 852 5386 audet
867 5337 879 5385 t
896 5362 923 5371 -
942 5336 1043 5396 34444444
1059 5349 1115 5400 3-
1135 5336 1176 5387 48.
1193 5335 1290 5386 4444444
1307 5335 1372 5396 444),
1390 5348 1459 5398 quae
1475 5337 1607 5401 scripture

285 5410 401 5462 notanda
417 5412 467 5463 est.
484 5437 511 5448 -
526 5411 653 5473 portlocan
667 5410 691 5459 V
709 5437 737 5447 -
755 5410 868 5461 44444444
882 5408 945 5459 Vb:
964 5412 1092 5462 4444444444
1108 5409 1252 5475 (minuatis)
1269 5423 1284 5459 4
1293 5412 1341 5474 34)
1359 5410 1468 5461 diluistis
1484 5410 1503 5460 0
1518 5437 1545 5447 ·-
1564 5410 1606 5461 49.

286 5485 440 5538 444444)-
463 5486 695 5550 ratboss'ngt-
717 5486 801 5535 sltV:
825 5485 947 5537 om.l)0
967 5513 993 5523 -
1017 5486 1207 5536 20.iuucv:
1233 5485 1357 5538 om.DO
1376 5509 1403 5522 -
1428 5486 1556 5549 compuV
1576 5512 1604 5523 -

286 5564 327 5615 34.
345 5560 485 5627 44444344
502 5587 530 5599 -
552 5560 594 5612 33.
612 5562 718 5612 ascendis
734 5560 769 5610 V:
792 5561 940 5611 ascendisii
959 5588 986 5597 -
1010 5561 1097 5612 :ettam
1112 5562 1214 5611 mttere:
1231 5560 1254 5610 V
1271 5587 1299 5599 -
1317 5559 1358 5612 33.
1376 5561 1514 5611 4444444444
1529 5562 1607 5610 essct

287 5664 316 5673 -
334 5636 375 5689 34.
393 5636 522 5688 4444444444
537 5635 600 5685 V·
618 5635 659 5687 38.
676 5633 810 5698 4444444444
826 5634 892 5684 Vat
909 5660 936 5670 —
954 5635 1056 5698 4444444
1071 5635 1131 5683 V-
1149 5636 1191 5687 36.
1205 5635 1281 5699 pluas
1296 5635 1358 5684 v-
1376 5635 1492 5687 4444444444
1509 5634 1545 5683 V:
1563 5648 1606 5684 re-

285 5709 488 5776 ciptcbotebg;
510 5710 718 5775 4444444444-
741 5710 939 5761 scstcrottv-
962 5707 1606 5775 comom.b¹-2i.reptV-eumousqucm

286 5785 350 5836 b-
368 5784 562 5851 colluaman:
580 5785 699 5851 4444434444
714 5785 856 5850 44344434
874 5811 902 5823 -
921 5785 1031 5836 idcmV:
1049 5786 1153 5839 44444444
1168 5784 1202 5848 b;
1220 5791 1244 5838 44
1258 5786 1323 5837 444444
1339 5786 1467 5850 4340-
1486 5786 1527 5837 38.
1542 5789 1606 5837 4444-

283 5866 370 5926 ptores
385 5861 448 5913 mel.
467 5887 495 5899 -
509 5861 598 5928 populi
612 5861 713 5914 4444444
728 5861 752 5910 V
766 5888 795 5900 -
810 5862 928 5925 potuisset
943 5874 968 5911 e.

329 5953 420 6005 cumo
433 5952 460 6004 τ.
469 5952 496 6005 44.
1350 5956 1391 6022 80
