3800 7350
513 1724 857 1814 onamonrnr
882 1720 1335 1836 uuummouerna

699 1946 855 2020 mm
875 1943 1134 2022 octavus

859 2168 990 2181 m-

346 2343 369 2405 i.
392 2338 422 2405 t.
445 2338 615 2405 Confusius
635 2340 787 2404 hesterno
808 2339 860 2403 die
883 2345 931 2404 est
951 2345 1022 2402 acta
1042 2358 1109 2412 res,
1132 2337 1166 2401 C.
1188 2339 1306 2414 rann,
1326 2357 1424 2421 quam
1444 2338 1587 2425 postula·

262 2437 316 2499 bat
336 2437 516 2501 institutum
538 2434 721 2499 consulatus
742 2434 797 2498 tui.
832 2436 946 2497 Parum
969 2432 1045 2496 mihi
1067 2432 1155 2495 visus
1177 2451 1211 2495 es
1233 2451 1304 2506 sos,
1331 2433 1445 2516 quinus
1473 2433 1586 2498 cedere

263 2550 326 2594 nou
347 2529 450 2604 soles,
472 2529 639 2593 sustinere.
672 2530 751 2591 Nam
774 2548 844 2591 oum
866 2535 996 2592 senatus
1018 2544 1056 2589 ea
1074 2526 1175 2589 virtus
1196 2523 1323 2600 fuisset,
1344 2547 1427 2609 quae
1440 2528 1533 2603 solet,
1555 2534 1587 2592 at

262 2643 333 2687 cum
355 2643 389 2687 re
411 2622 558 2686 riderent
577 2642 688 2687 omnes
710 2642 781 2687 osse
802 2622 935 2696 bellum,
959 2620 1155 2704 quidamque
1169 2618 1202 2681 id
1216 2619 1346 2682 veritum
1359 2623 1587 2686 removendum

261 2716 503 2791 arbitrarentur,
532 2725 587 2781 tua
613 2717 760 2781 voluntas
789 2717 823 2779 in
845 2714 1039 2779 discessione
1063 2712 1124 2775 tuit
1143 2711 1185 2775 ad
1205 2713 1368 2777 lenitatem
1390 2716 1611 2800 propensione

261 2811 351 2874 Victa
383 2818 432 2874 est
460 2811 557 2894 igitur
583 2818 712 2895 propter
739 2810 827 2874 verbi
856 2808 1057 2892 asperitatem
1085 2814 1117 2870 te
1144 2813 1271 2871 auctmo
1292 2814 1401 2872 nostra
1419 2809 1587 2874 sententia.

260 2905 346 2968 Vicit
367 2906 402 2967 L.
425 2903 585 2980 Caesaris,
614 2903 800 2987 amplissimi
823 2903 900 2978 viri,
923 2900 980 2985 qui
1001 2899 1089 2964 verbi
1109 2900 1274 2964 atrocitate
1295 2900 1424 2983 dempta
1443 2902 1587 2967 oratione

259 2996 320 3059 fuit
339 3017 436 3082 quam
457 2999 615 3062 sententia
636 2998 749 3061 lenior.
782 2996 982 3080 Quamquam
1005 2994 1032 3057 is
1047 2993 1192 3078 quidem,
1214 3002 1384 3079 antequam
1398 2996 1588 3060 sententiam

260 3089 397 3166 diceret,
430 3091 700 3177 propinquitatem
729 3090 903 3155 excusarit.
945 3089 1033 3153 Idem
1054 3087 1170 3152 iecerat
1192 3106 1243 3151 me
1265 3086 1450 3153 consulein
1471 3091 1588 3154 sororis

259 3185 344 3260 viro,
366 3184 452 3270 qnod
473 3185 535 3249 hoc
557 3193 699 3268 tempore
720 3186 752 3248 in
775 3184 894 3249 sororis
914 3182 983 3245 filio
1003 3181 1097 3256 iecit,
1127 3187 1162 3244 ut
1183 3189 1215 3244 et
1235 3181 1321 3245 luctu
1342 3182 1460 3247 sororis
1481 3200 1626 3249 more-to

259 3284 348 3342 retur
378 3286 410 3342 et
438 3279 532 3344 saluti
558 3278 668 3363 populi
699 3277 830 3342 Romani
851 3276 1043 3360 provideret.
1078 3272 1109 3337 2.
1129 3276 1235 3358 Atque
1255 3275 1325 3357 ipss
1346 3284 1452 3340 tamen
1475 3278 1590 3342 Caesar

258 3372 421 3455 praecepit
442 3371 532 3435 vobis
554 3370 693 3455 quodam
716 3371 828 3447 modo,
857 3379 963 3455 patres
985 3368 1170 3452 conscripti,
1201 3387 1243 3432 no
1264 3369 1326 3431 sihi
1346 3372 1589 3447 assentiremini,

259 3484 332 3528 oum
365 3465 410 3527 ita
442 3464 539 3540 dixit,
572 3465 666 3528 otiam
693 3467 881 3528 sententiam
910 3484 944 3527 se
976 3462 1134 3526 dicturum
1162 3460 1261 3524 fuisse
1282 3481 1417 3547 umque
1438 3486 1474 3529 ss
1494 3485 1532 3528 ac
1553 3486 1588 3529 ro

258 3557 384 3641 publica
414 3557 558 3641 dignam,
586 3557 650 3621 nisi
678 3558 916 3641 propinquitate
944 3556 1162 3640 impediretur.
1197 3555 1282 3639 Ergo
1310 3556 1366 3621 ille
1394 3560 1588 3624 avunculus:

258 3672 336 3717 num
358 3652 452 3717 etiam
474 3671 532 3717 ros
554 3650 718 3727 arunmli,
740 3651 797 3736 qui
818 3651 865 3716 itti
888 3652 966 3718 estis
986 3650 1135 3716 assensit
1596 3669 1626 3718 ss

343 3746 384 3810 At
404 3746 438 3810 in
460 3767 526 3830 quo
547 3746 608 3811 tuit
628 3747 861 3811 controversia?
882 3747 962 3811 Belli
983 3767 1099 3810 noman
1120 3746 1306 3829 ponendum
1320 3746 1450 3832 quidam
1467 3748 1501 3812 in
1515 3769 1588 3812 sen·

258 3842 358 3905 tentia
384 3860 450 3904 non
477 3841 645 3924 putabam:
677 3840 847 3905 tumultum
874 3838 1036 3925 appellare
1064 3841 1238 3917 malebant,
1269 3842 1371 3926 ignari
1398 3862 1464 3907 non
1493 3844 1588 3909 modo

258 3954 379 4010 rerum,
406 3936 578 4000 sedetiam
600 3934 788 4011 verborum
810 3943 915 4018 potest
936 3934 1021 3999 enim
1043 3955 1114 4000 esso
1134 3936 1271 4012 bellum,
1291 3945 1328 4001 ot
1348 3937 1502 4002 tumultus
1522 3958 1588 4002 non

258 4029 316 4104 sit,
339 4030 492 4095 tumultus
514 4049 584 4093 essa
606 4029 675 4092 sine
695 4028 781 4093 bello
803 4048 868 4091 non
890 4035 1006 4111 potest
1048 4031 1079 4092 3.
1102 4028 1188 4105 Quid
1205 4038 1254 4094 est
1268 4031 1353 4094 enim
1368 4030 1456 4094 aliud
1471 4032 1588 4096 tumul-

258 4128 309 4186 tus
331 4124 394 4187 uisi
421 4122 616 4206 perturbatio
646 4129 750 4198 tanta,
779 4129 816 4186 ut
836 4123 937 4186 maior
959 4123 1055 4187 timor
1075 4123 1217 4188 oriatur?
1245 4122 1333 4188 unde
1353 4123 1449 4190 etiam
1469 4139 1625 4190 nomento

323 4438 1586 4505 acouuatostctcst-auest-aquan-t.rsom.g-t.stasisossb

260 4511 317 4576 (sed
339 4526 381 4564 sco
403 4515 429 4565 in
450 4516 514 4579 ras.)
540 4541 567 4552 -
592 4517 616 4566 6.
634 4516 714 4581 ipttor
735 4521 801 4567 esto
822 4543 849 4554 -
871 4522 909 4567 ter
930 4518 998 4580 (pter
1013 4516 1091 4579 corr.)
1115 4515 1186 4567 uerti
1201 4517 1238 4576 V;
1260 4515 1401 4569 saritam
1419 4521 1481 4584 agi
1497 4519 1588 4584 maliet

257 4585 327 4638 uerti
342 4591 451 4653 praeter
466 4589 488 4639 V
505 4587 578 4641 sotus
595 4589 623 4652 b,
641 4590 658 4641 i.
678 4602 714 4653 s.,
732 4593 762 4641 ut
778 4605 811 4641 ex
828 4590 917 4642 multis
933 4589 1037 4642 indictis
1054 4592 1177 4656 apparat,
1202 4589 1288 4642 codex
1304 4589 1378 4643 idem
1394 4604 1448 4656 quo
1464 4606 1530 4646 osus
1546 4598 1589 4646 est

260 4681 319 4732 car.
338 4682 507 4747 supernus.)
526 4705 554 4720 -
574 4683 598 4733 τ.
616 4683 645 4734 s.
663 4683 701 4735 n:
719 4682 747 4734 c.
764 4684 787 4734 v
805 4709 833 4720 -
852 4665 918 4735 aaz.
937 4685 986 4745 aq
1005 4696 1095 4734 cose
1111 4696 1168 4748 ς-
1187 4683 1347 4748 mm
1360 4685 1414 4736 oss
1429 4686 1466 4748 v;
1483 4688 1589 4752 mte-

258 4756 710 4821 simuaoirg-dsmitoV-tt.
729 4758 882 4822 441444-
903 4757 1444 4820 9.iscarottomsctossorosisutrost-
1464 4762 1589 4827 itiquoa

259 4835 367 4892 tmepore
382 4831 427 4881 hoe
443 4832 470 4882 iu
485 4834 579 4884 morta
593 4833 874 4886 munusturtmediis
891 4847 945 4886 om.
966 4860 994 4869 —
1015 4834 1068 4899 fitis
1089 4847 1121 4885 oe
1141 4834 1169 4885 ie
1184 4837 1539 4902 nopotensmoacrsturabg
1558 4865 1585 4876 -

258 4905 295 4967 ut]
312 4909 339 4954 ct
354 4906 429 4969 utV,
447 4908 496 4959 sod
512 4913 541 4958 ct
556 4910 761 4973 punctatum-
781 4911 812 4972 st]
831 4910 873 4972 qut
889 4923 905 4961 a
924 4935 951 4945 -
973 4909 1013 4960 44.
1031 4909 1107 4960 sciuit
1122 4908 1184 4960 v-
1200 4908 1289 4972 popuii
1303 4910 1409 4961 nossent
1424 4911 1489 4962 Va:
1506 4913 1545 4963 roi
1559 4928 1586 4977 p.

258 4978 364 5042 bgto,
383 4983 413 5030 ut
430 4985 471 5032 ast
487 4981 551 5034 Phti.
570 4983 617 5047 tx,
637 4982 653 5048 5
671 4985 711 5035 ts.
730 5010 758 5021 -
779 4984 821 5035 ⁴2.
838 4985 965 5049 praecepti
981 4985 1050 5034 V-
1067 4984 1254 5036 comtum
1270 4984 1318 5048 Vg
1333 5012 1368 5023 —
1384 4985 1424 5037 ia.
1441 4999 1468 5036 ss
1483 5000 1537 5039 om.
1550 4987 1585 5050 V;

259 5053 318 5105 tort.
336 5055 416 5107 atium
430 5070 457 5107 ss
472 5060 632 5121 natantium
655 5059 689 5111 ci.
708 5061 799 5112 tamen
815 5060 928 5125 iladvig.
948 5059 983 5111 sd
1000 5061 1055 5112 cic.
1074 5057 1108 5110 do
1125 5057 1189 5110 tion.
1208 5071 1235 5125 p.
1254 5058 1311 5110 670.
1332 5086 1360 5096 -
1383 5073 1462 5124 eaque
1478 5066 1539 5126 agi
1554 5090 1587 5101 -

259 5129 298 5194 cc]
316 5134 410 5182 stt-
430 5130 471 5184 ti.
489 5135 627 5185 cccmus
643 5136 671 5186 et
686 5134 784 5188 deinde
801 5137 932 5199 coenasti,
951 5136 1001 5188 sed
1018 5136 1061 5186 ost
1076 5137 1192 5198 utroque
1208 5132 1268 5186 tooo
1285 5148 1300 5185 o
1315 5147 1380 5187 am.
1392 5135 1417 5186 2.
1431 5160 1459 5172 —
1480 5138 1520 5187 ts.
1532 5137 1589 5187 atis

258 5205 434 5270 cdmungt
452 5209 545 5260 assessi
560 5210 689 5260 misa-
709 5210 868 5262 i6..ioa-
883 5210 1111 5276 mmmm
1129 5211 1156 5260 io
1172 5210 1527 5276 wmiaqutdornmctdsm
1542 5212 1588 5277 gt)

258 5281 280 5331 D
300 5307 326 5316 -
347 5282 387 5332 47.
405 5281 535 5345 appellari
552 5284 574 5334 V
593 5311 620 5321 -
644 5285 684 5336 48.
699 5291 780 5349 potest
796 5288 900 5338 mian
918 5301 988 5340 corr.
1006 5300 1040 5338 ex
1058 5290 1194 5350 poticam
1215 5290 1295 5350 potest
1310 5286 1537 5337 osiam-awaus
1553 5292 1588 5338 cst

258 5356 377 5406 tmnuttcs
393 5357 476 5409 hehet
491 5356 610 5409 isidorus
626 5359 851 5424 inrigg.XV111,
869 5363 922 5425 4,7
939 5365 967 5414 et
983 5361 1080 5414 deinde
1097 5362 1255 5413 eriusu
1265 5361 1374 5412 tusum
1387 5375 1438 5411 soa
1453 5362 1545 5413 cahat.
1556 5388 1584 5399 -

259 5428 534 5483 tumescat-oi
549 5434 669 5484 imcutit
683 5436 915 5487 ooostttsmutiau
930 5441 1075 5488 ommam
1090 5435 1220 5487 isidorus:
1237 5440 1266 5486 st
1282 5435 1517 5498 tumorum,
1534 5437 1588 5487 stae

258 5505 381 5555 tumulo:
399 5507 666 5569 mmmmm
684 5510 711 5560 in
727 5510 751 5560 V
767 5511 1007 5563 autemmcttss
1027 5524 1064 5562 m.
1082 5511 1098 5562 2
1114 5510 1469 5577 steetmwituadscrtptum
1485 5514 1536 5563 est.
1557 5538 1584 5549 -

259 5579 300 5630 ts.
318 5580 372 5630 stae
391 5580 451 5632 betto
472 5595 522 5635 esso
541 5582 559 5634 h
583 5584 610 5635 et
628 5585 645 5636 2
662 5584 741 5636 codd.
759 5587 932 5639 Monacouses
953 5587 1130 5651 antiquissimi
1152 5585 1424 5651 (Benedictobnranus
1440 5587 1468 5637 et
1488 5585 1586 5637 Frisiu-

259 5656 356 5720 gensis)
373 5656 476 5709 isidori.
489 5682 517 5693 -·
537 5658 602 5721 ocio
617 5660 684 5709 mais
699 5665 781 5711 astu
792 5661 894 5713 &utun
908 5667 943 5714 cat
959 5662 1079 5713 tuosius
1093 5660 1177 5713 hahet
1190 5660 1364 5724 Quintilianus
1374 5662 1433 5724 Vti,
1452 5661 1483 5723 3,
1500 5661 1542 5711 tt.
1556 5685 1584 5695 -

259 5729 442 5781 maut-
466 5732 1585 5801 univ-so.porastutoV-usassttamotctssasmttsstnocordueeodd.

259 5803 316 5868 sti
334 5805 407 5868 quoti
422 5807 498 5858 timor
511 5807 605 5861 mattas
619 5808 745 5864 isidorus.
