3800 7350
698 1200 771 1266 cn.
794 1201 950 1266 x-xu
976 1159 1023 1285 ss
1045 1196 1192 1265 ao-sr.
1520 1188 1604 1259 reos

287 1371 415 1444 videtis,
437 1368 477 1433 de
497 1369 671 1448 honoribus
693 1377 724 1433 et
745 1372 892 1454 praemiis
913 1372 994 1436 bena
1016 1370 1056 1434 de
1077 1390 1112 1434 re
1133 1369 1259 1456 publica
1279 1367 1464 1433 meritorum
1486 1372 1519 1430 et
1538 1384 1605 1429 me·

286 1464 439 1526 rentium:
461 1483 594 1546 quorum
617 1463 791 1548 principem
814 1464 978 1529 iudicastis
1000 1485 1090 1541 eum,
1112 1465 1167 1549 qui
1187 1465 1265 1540 tuit,
1288 1464 1322 1529 C.
1344 1463 1526 1536 Caesarem,
1547 1458 1604 1544 qui

286 1560 327 1621 44.
343 1557 471 1620 Antonii
494 1556 629 1641 impetus
651 1557 788 1623 nefarios
811 1559 850 1623 ab
871 1558 950 1623 urbe
972 1558 1006 1622 in
1028 1558 1160 1624 Galliam
1182 1557 1313 1623 avertit:
1335 1563 1402 1621 tum
1423 1556 1537 1620 milites
1551 1572 1606 1616 ve·

286 1658 428 1723 tetanos,
457 1650 512 1733 qui
534 1651 627 1734 primi
650 1651 814 1716 Caesarem
837 1654 936 1717 secuti
960 1659 1052 1727 sunt,
1082 1662 1179 1737 atque
1201 1652 1274 1716 illas
1294 1651 1447 1716 caelestes
1468 1649 1606 1714 divinas·

288 1762 349 1825 que
371 1742 510 1826 legiones
531 1745 673 1827 Martiam
696 1752 728 1808 et
750 1754 893 1831 quartam
915 1746 1159 1829 comprobastis,
1191 1745 1321 1828 quihus,
1350 1764 1421 1808 cum
1442 1741 1630 1807 consulemt

286 1858 377 1901 suum
399 1856 464 1900 non
486 1837 580 1902 modo
603 1839 820 1923 reliquissent,
849 1840 906 1904 sed
936 1840 1021 1904 bello
1044 1840 1137 1903 etiam
1160 1846 1441 1923 persequerentur,
1469 1836 1607 1902 honores
1659 1862 1661 1868 ·

286 1938 318 1994 et
338 1931 478 2015 praemia
499 1931 732 2015 spopondistis:
763 1933 1014 2016 eodemquedie
1042 1935 1079 1996 D.
1103 1933 1207 2008 Bruti,
1237 1933 1499 2016 praestantissimi
1520 1930 1608 2004 civis,

286 2025 388 2088 edicto
417 2024 513 2087 allato
542 2032 637 2109 atque
666 2027 846 2110 proposito,
880 2027 997 2090 iactum
1024 2028 1094 2092 eius
1123 2027 1345 2102 collaudastis,
1377 2026 1528 2110 quodque
1554 2022 1608 2086 ille

285 2118 402 2183 trellum
430 2118 552 2201 privato
582 2119 715 2183 consilio
743 2130 938 2203 susceperat,
972 2121 1003 2184 id
1031 2141 1088 2186 vos
1113 2119 1299 2184 auctoritate
1320 2120 1444 2203 publica
1465 2137 1609 2201 compro-

285 2212 393 2277 bastis.
436 2208 487 2274 49.
510 2212 595 2288 Quid
625 2213 723 2297 igitur
749 2213 804 2277 illo
832 2215 883 2276 die
905 2214 992 2278 aliud
1014 2217 1122 2299 egistis
1144 2214 1206 2278 uisi
1228 2223 1264 2278 ut
1283 2214 1406 2278 hostem
1427 2210 1608 2277 iudicaretis
1617 2219 1647 2267 ta

286 2308 482 2370 Antonium?
514 2307 571 2371 His
593 2308 705 2370 vestris
728 2306 861 2371 decretis
882 2316 936 2372 aut
962 2309 1095 2374 illesos
1117 2329 1220 2394 aequo
1242 2309 1348 2373 animo
1368 2307 1531 2391 adspicere
1552 2324 1609 2389 po-

288 2403 360 2465 terit
387 2399 523 2464 aut'vos
552 2401 642 2465 illum
669 2402 738 2466 siae
766 2401 876 2465 dolore
905 2423 1028 2473 summo
1057 2403 1224 2468 videbitisi
1259 2402 1402 2465 Exclusit
1422 2400 1513 2464 illum
1534 2418 1553 2461 a
1574 2416 1609 2461 re

288 2495 429 2579 publica,
463 2492 624 2568 distraxit,
657 2496 837 2579 segregavit
864 2515 928 2560 non
951 2497 1051 2562 solum
1074 2498 1178 2561 scelus
1204 2497 1320 2580 ipsius,
1352 2492 1541 2565 sedetiam,
1572 2496 1610 2554 ut

288 2589 366 2652 mihi
387 2587 528 2661 videtur,
550 2588 676 2653 fortuna
696 2590 852 2674 quaedam
874 2590 920 2655 rei
943 2591 1099 2675 publicae.
1133 2591 1194 2668 Qui
1217 2592 1244 2654 si
1266 2590 1376 2673 legatis
1397 2586 1535 2673 paruerit
1547 2583 1610 2647 llo-
1698 2587 1767 2674 s

270 2701 434 2765 ‚mamque
457 2680 602 2771 redierit,
624 2702 700 2746 num
722 2701 871 2767 umquam
893 2685 1025 2769 perditis
1040 2684 1161 2749 civibus
1175 2683 1326 2749 vexillum
1341 2701 1405 2767 quo
1420 2684 1647 2745 concurrentia

286 2776 467 2840 defuturum
487 2776 627 2859 putatis?
652 2776 714 2839 Sed
735 2777 797 2840 hoc
818 2780 921 2842 minus
936 2798 1064 2842 vereorc
1087 2779 1253 2854 suntalia,
1274 2796 1356 2862 quae
1371 2776 1469 2858 magis
1483 2776 1610 2837 timeam

287 2879 318 2934 et
339 2870 485 2953 cogitem.
521 2871 699 2954 Numquam
720 2870 844 2954 parebit
863 2872 917 2935 ille
939 2872 1068 2956 legatis:
1107 2874 1182 2936 nori
1202 2871 1341 2936 hominis
1361 2870 1532 2943 insaniam,
1560 2887 1610 2930 ar·

286 2963 478 3046 rogantiam;
511 2963 585 3026 novi
619 2965 742 3047 perdita
774 2965 908 3028 consilia
938 2966 1129 3041 amicorum,
1162 2966 1278 3048 quilius
1311 2965 1367 3039 ille
1396 2972 1444 3028 est
1472 2960 1609 3025 deditus.

285 3056 336 3121 30.
358 3059 475 3123 Lucius
499 3058 627 3142 quidem
649 3058 746 3130 frater
767 3059 851 3134 eius,
874 3066 983 3142 utpote
1006 3060 1061 3143 qui
1084 3080 1215 3143 peregre
1234 3060 1437 3143 depugnarit,
1456 3054 1609 3120 familiam

237 3203 243 3215 .
285 3152 382 3215 ducit
420 3152 469 3215 Sit
490 3172 547 3236 per
568 3172 603 3216 se
625 3152 693 3233 ipse
716 3173 829 3228 sanus,
852 3153 940 3236 quod
961 3173 1134 3236 numquam
1155 3153 1230 3217 erit:
1261 3174 1318 3236 per
1339 3154 1398 3216 hos
1419 3172 1489 3215 esse
1511 3148 1646 3213 cita-ta

287 3266 359 3309 men
388 3266 451 3310 non
483 3246 600 3310 licebit.
635 3248 768 3310 'leretur
796 3248 917 3310 interea
938 3255 1081 3330 tempus,
1108 3248 1184 3311 belli
1207 3255 1375 3331 apparatus
1395 3244 1609 3327 refrigescent.

287 3339 376 3404 Unde
399 3348 446 3403 est
468 3338 573 3404 adhuc
593 3340 712 3404 bellurn
733 3347 865 3404 tractum
880 3339 998 3402 nisiex
1018 3340 1227 3404 retardatione
1243 3348 1275 3404 et
1287 3341 1396 3403 morai
1418 3339 1459 3402 Ut
1473 3338 1609 3420 primum

287 3441 360 3515 post
382 3433 554 3497 discessum
576 3434 708 3498 latronis
731 3434 780 3497 vel
810 3435 914 3518 potius
937 3433 1135 3517 desperatam
1156 3434 1263 3517 sugam
1283 3433 1383 3497 libere
1404 3439 1533 3497 senatus
1553 3430 1610 3494 ha·

287 3527 354 3590 beri
376 3529 495 3610 potuit,
518 3548 645 3611 semper
667 3525 802 3610 flagitavi
825 3535 861 3590 ut
880 3546 1136 3590 corrrocarcmur.
1173 3526 1245 3603 Quo
1268 3527 1320 3591 dia
1342 3529 1478 3611 primurn
1492 3545 1610 3591 conso·

286 3620 348 3685 cati
379 3641 503 3696 sumus,
533 3641 607 3687 cum
637 3622 793 3705 designati
823 3621 971 3699 consules
1001 3640 1066 3686 non
1088 3621 1251 3698 adessent,
1280 3621 1341 3686 ieci
1363 3620 1517 3686 sententia
1538 3631 1646 3684 maara

286 3717 422 3779 maximo
445 3724 550 3780 restro
573 3736 732 3780 consensu
753 3716 958 3780 fundamenta
980 3716 1026 3778 rei
1049 3715 1209 3799 publicae,
1239 3717 1339 3780 serius
1362 3716 1491 3779 omnino
1513 3735 1610 3799 quam
1731 3715 1735 3735 ⁹

286 3809 391 3873 decuit
412 3843 453 3856 -
475 3829 535 3873 nec
557 3811 640 3874 enim
663 3817 735 3873 ante
758 3812 847 3893 potui
869 3842 927 3884 -,
961 3808 1017 3872 sed
1047 3815 1152 3871 tamen
1179 3809 1207 3872 si
1237 3829 1277 3871 ex
1304 3829 1342 3872 eo
1371 3817 1513 3892 tempore
1540 3809 1609 3871 dies

285 3903 391 3967 nullus
413 3904 610 3976 intermissus
634 3910 733 3977 esset,
760 3904 877 3966 bellum
898 3900 1042 3985 profecto
1065 3901 1187 3964 nullum
1207 3901 1405 3965 haberemus.
1440 3898 1492 3965 34.
1508 3901 1608 3964 Omna

285 3994 403 4058 malurn
432 4016 565 4060 nascens
588 3996 679 4060 tacita
701 3996 909 4078 opprimitur:
938 3994 1145 4058 inveteratum
1167 3994 1204 4059 fit
1230 3995 1418 4080 plerumque
1439 3995 1608 4059 robustius.

285 4091 348 4154 Sed
370 4100 436 4154 tum
459 4090 724 4174 exspectabantur
738 4087 900 4153 Kalendae
914 4088 1097 4161 Ianuariae,
1117 4087 1252 4151 tortasse
1266 4108 1330 4151 uon
1345 4096 1439 4152 recte.
1463 4090 1533 4153 xil.
1547 4091 1645 4152 Ve·eo

286 4205 353 4246 rum
376 4185 545 4268 praeterita
567 4184 756 4249 omittamus.
792 4182 938 4246 Etiamne
960 4181 1183 4245 hanc-moram
1205 4176 1411 4266 [sileremus],
1439 4183 1514 4247 dum
1534 4202 1609 4266 pro·

350 4463 374 4512 4.
390 4461 503 4524 mannis
519 4460 550 4509 νΙ
570 4485 596 4497 -
614 4460 638 4510 4.
657 4461 811 4510 indicaniatis
827 4462 850 4511 D
869 4487 897 4498 -
917 4461 941 4511 3.
959 4473 1060 4511 mareas
1075 4461 1107 4510 V¹
1127 4488 1154 4500 -
1176 4456 1263 4513 4444444
1279 4462 1315 4522 ν;
1333 4462 1366 4512 ab
1380 4461 1441 4513 sarde
1456 4465 1492 4514 44.
1509 4463 1610 4514 Antonii

282 4539 388 4599 impons
407 4538 434 4586 in
454 4537 563 4587 04444444
584 4536 674 4586 martit
695 4535 770 4586 adert
791 4536 933 4587 tuisianus
954 4547 981 4599 p.
998 4535 1047 4586 409
1072 4538 1099 4585 et
1117 4535 1199 4586 Prisc.
1217 4536 1309 4599 44ν444,
1328 4536 1373 4597 ta,
1392 4536 1407 4600 fl
1425 4536 1485 4599 4444,
1510 4538 1537 4588 44
1554 4551 1608 4603 quo

283 4616 372 4662 minen
390 4611 483 4674 legitur
499 4616 611 4662 namura
622 4637 650 4648 -
668 4611 764 4675 gatiam
774 4611 797 4659 V
809 4637 836 4647 -
854 4611 929 4660 uertit
944 4610 1009 4662 D-
1028 4616 1081 4660 tron
1096 4612 1183 4662 deindo
1193 4611 1228 4670 V;
1246 4611 1333 4662 deinde
1349 4611 1400 4662 DO
1411 4638 1439 4650 -
1456 4609 1481 4661 4.
1497 4612 1609 4674 maor

282 4688 345 4736 ν-
363 4692 416 4736 tans
432 4692 507 4749 atqae
524 4687 558 4745 ν;
577 4691 629 4736 tarn
645 4685 703 4735 Do.
724 4686 753 4737 in
771 4683 868 4749 duplici
885 4686 1016 4750 scriptura
1033 4687 1164 4737 incertum
1181 4688 1222 4738 est
1239 4686 1302 4751 quid
1320 4686 1373 4737 Cic.
1391 4687 1539 4751 scripserit3
1559 4699 1609 4738 nos

282 4765 371 4812 tamen
383 4768 436 4811 tarn
444 4787 480 4800 --
489 4766 564 4824 atquc
573 4759 779 4824 praeterendum
790 4761 998 4811 existimavimus
1010 4774 1070 4812 eam
1082 4763 1248 4826 potissimum
1262 4760 1298 4811 ob
1310 4772 1428 4823 causam,
1440 4760 1512 4825 quod
1523 4761 1610 4812 4444404

282 4843 380 4886 --tum
396 4839 438 4888 est
454 4835 531 4887 lectio
542 4833 646 4899 vulgata
663 4835 740 4886 codd.
753 4833 926 4902 deteriorum,
942 4847 1011 4899 quae
1026 4835 1063 4886 ad
1081 4836 1216 4900 propriam
1233 4849 1302 4900 quae
1318 4835 1405 4887 luerat
1420 4836 1446 4885 iu
1461 4836 1609 4900 archetypo

282 4911 387 4963 videtur
397 4910 502 4962 adiecta
514 4922 624 4962 esses-
637 4909 709 4960 444444
720 4909 779 4960 V·
792 4910 902 4960 emesa
911 4908 961 4960 Vb
975 4936 1002 4948 -
1020 4911 1045 4962 d.
1058 4911 1234 4974 comprobastis
1250 4913 1381 4963 fremas:
1398 4911 1563 4974 commodatis
1574 4912 1607 4972 V;

282 4987 442 5035 444440-
462 4984 624 5036 6.4444ν-
642 4985 904 5045 porsmmntarv-
924 4987 1182 5049 spopondunt·
1202 4987 1511 5039 nomm-acutae
1527 4988 1610 5050 adque

280 5061 342 5111 V·
361 5061 516 5111 conlaudatis
532 5060 568 5118 Vi
587 5059 773 5110 collaudavistis
788 5061 810 5109 Ι)
827 5085 854 5095 -
873 5060 898 5111 9.
916 5063 1076 5124 conpronatis
1088 5063 1124 5123 V;
1143 5063 1350 5127 consprobanistir
1365 5063 1388 5113 1>
1402 5089 1429 5099 -
1452 5063 1492 5114 40.
1511 5064 1608 5115 aliatV

282 5150 351 5188 corr.
363 5151 394 5187 ex
406 5143 452 5187 444
464 5162 490 5172 -
508 5136 669 5186 nin'Veorr.
683 5149 715 5185 ex
731 5136 792 5185 sinat
807 5161 833 5172 -
847 5138 919 5185 ntV:
939 5143 967 5186 44
982 5151 1011 5187 re
1027 5141 1104 5202 agl:
1121 5138 1222 5201 44444),
1234 5137 1450 5203 serapiaca·
1471 5138 1511 5188 44.
1523 5138 1608 5188 asinio

282 5227 361 5274 aequo
378 5215 440 5263 4)-
459 5212 499 5262 44.
518 5224 595 5274 arcp
613 5209 879 5272 (padamaiv-
895 5212 935 5262 ta.
954 5212 1094 5272 4444444-
1114 5214 1192 5276 ipsias
1207 5219 1235 5264 44
1251 5218 1326 5264 nam
1342 5213 1401 5262 nini
1418 5215 1430 5261 4
1447 5238 1475 5250 -
1494 5215 1608 5264 lanam

281 5300 401 5350 arnqaam
416 5290 444 5339 Ρ.
462 5287 515 5337 itte.
536 5284 677 5337 Muellerus
694 5282 792 5348 (Philol.
811 5285 858 5346 444,
876 5287 947 5348 iti),
965 5289 995 5337 ut
1011 5288 1064 5337 iam
1078 5288 1201 5338 Gmatoni
1218 5286 1405 5352 proposuerat:
1423 5300 1560 5349 nunquam
1571 5287 1605 5346 V;

282 5377 342 5412 nans
359 5363 457 5424 quando
474 5361 526 5414 DO
545 5388 571 5396 -
592 5362 632 5411 46.
650 5360 749 5413 sedne.
766 5357 798 5409 ν1
818 5384 845 5397 -
864 5361 917 5411 alia
934 5361 964 5411 od
981 5364 1123 5424 44444)-
1142 5363 1224 5426 magis
1240 5363 1483 5414 omn-aneon
1499 5365 1522 5411 at
1538 5361 1608 5424 cogi·

282 5443 330 5488 tarn
347 5438 382 5486 V:
401 5450 455 5488 orn.
469 5438 491 5487 D
505 5462 532 5474 -
554 5437 592 5486 44.
611 5435 719 5486 nomines
736 5435 798 5483 V-
817 5436 933 5486 insanam
949 5438 1065 5488 Falernus
1079 5464 1106 5473 —
1125 5439 1303 5503 adrogantiam
1318 5437 1341 5488 V
1358 5464 1386 5474 -
1410 5436 1450 5487 49.
1468 5437 1496 5487 4..
1510 5437 1608 5498 guidon

283 5514 334 5562 VD
349 5539 375 5548 -
394 5513 479 5563 40444
495 5524 569 5575 spara
584 5511 665 5570 ch¹3
683 5511 765 5574 siper
780 5524 806 5561 rc
822 5511 884 5562 V²D
903 5537 930 5547 -
949 5512 1108 5562 4444444444·
1124 5515 1176 5572 44;
1195 5510 1396 5575 4444444444)-
1414 5511 1608 5575 reprigeacmtt

284 5615 312 5626 -
331 5588 371 5637 44.
390 5592 498 5637 accaron
513 5588 548 5638 V:
573 5587 666 5636 omi)
690 5611 718 5622 -
742 5599 775 5637 aa
794 5587 832 5637 ret
852 5587 994 5638 tardatione
1009 5586 1049 5637 ht
1067 5615 1093 5626 -
1119 5588 1161 5638 43.
1180 5587 1255 5638 utere
1270 5587 1293 5635 V
1309 5587 1336 5637 ln
1352 5599 1404 5636 ras.
1422 5598 1460 5636 m.
1478 5586 1494 5635 4
1510 5584 1605 5646 haben

283 5662 341 5713 tort.
361 5660 446 5711 luerat
462 5666 515 5712 tato
537 5688 564 5698 -
587 5661 628 5711 45.
647 5660 758 5711 adessem
774 5660 834 5726 legis
849 5662 895 5712 tect
913 5664 923 5711 4
944 5687 972 5698 -
1000 5662 1199 5712 adnumeret
1220 5687 1247 5697 -
1270 5672 1388 5711 consessa
1403 5659 1535 5723 4044444444
1550 5673 1608 5710 mna

281 5737 444 5800 fondamento
454 5737 489 5794 ν,
507 5737 534 5787 44
551 5749 603 5801 quo
620 5736 790 5787 maniiestum
808 5740 850 5787 est
865 5734 1011 5800 glossema;
1030 5734 1123 5786 saltem
1141 5737 1275 5788 nescimus
1287 5734 1350 5799 quid
1363 5733 1452 5786 lateat.
1467 5761 1494 5770 -
1507 5735 1608 5785 annino

281 5811 360 5860 cerins
376 5813 387 5861 t
403 5837 429 5847 -
448 5813 490 5862 44.
504 5813 622 5875 potnasct
638 5812 780 5874 4444444444
795 5811 822 5875 bl
841 5817 923 5862 tannen
941 5813 963 5862 4)
982 5838 1009 5848 -
1033 5810 1075 5860 49.
1092 5825 1195 5862 4444444
1210 5811 1233 5861 ν
1255 5823 1323 5860 corr.
1342 5822 1375 5860 ea
1391 5822 1438 5858 nas
1455 5834 1483 5844 -
1506 5808 1547 5861 30.
1564 5810 1606 5859 scd

283 5887 341 5938 dam
358 5885 405 5938 Vb
424 5912 451 5922 -
471 5885 511 5937 34.
529 5886 668 5952 adsererent
688 5887 747 5937 inv
764 5897 800 5937 m.
818 5886 835 5937 4
851 5887 878 5936 44
895 5898 979 5951 marg.
991 5883 1131 5952 supplevit.
1150 5886 1217 5937 Cum
1236 5886 1276 5935 tot
1291 5882 1425 5951 ellipsibus
1441 5883 1468 5934 iu
1483 5883 1525 5936 tris
1542 5896 1605 5935 ora·
