3800 7350
624 1183 698 1247 car.
720 1185 1046 1249 xxxu-xxxur.
1073 1186 1119 1269 ss
1135 1185 1281 1251 rr-sr.
1528 1181 1610 1251 uer
1635 1207 1640 1218 ·

293 1352 376 1415 enim
405 1359 452 1414 est
480 1371 561 1414 onus
590 1353 735 1415 beneficii
764 1355 863 1435 gratia
884 1386 941 1428 -,
965 1355 1020 1417 sed
1048 1356 1123 1438 quia
1150 1377 1244 1438 saepe
1273 1364 1463 1419 concurrunt
1485 1356 1609 1439 aliquo-

293 1466 360 1507 mm
388 1444 468 1507 bene
497 1444 536 1506 de
566 1465 615 1508 me
645 1447 825 1509 meritorum
856 1448 936 1510 inter
965 1449 1052 1530 ipsos
1075 1451 1310 1523 contentiones,
1341 1457 1377 1511 nt
1398 1449 1510 1512 eodem
1532 1454 1609 1509 tem-

292 1558 367 1620 pore
398 1539 429 1600 in
459 1557 569 1601 omnes
591 1561 700 1603 verear
722 1560 761 1602 ue
783 1542 835 1602 vix
858 1541 976 1623 possim
999 1549 1104 1623 gratus
1131 1543 1239 1604 videri.
1283 1540 1334 1604 79.
1360 1542 1422 1603 Sed
1446 1561 1505 1624 ego
1530 1540 1609 1604 haec

292 1632 370 1695 meis
392 1630 585 1714 ponderibus
608 1633 815 1707 examinabo,
839 1655 902 1696 non
925 1635 1026 1698 solum
1049 1636 1125 1719 quid
1148 1636 1263 1718 cuique
1279 1637 1425 1708 debeam,
1446 1634 1609 1697 sedetiam

291 1724 366 1808 quid
389 1724 542 1807 cuiusque
556 1726 678 1788 intersit
693 1737 723 1788 et
740 1726 816 1809 quid
832 1748 850 1790 a
865 1748 914 1789 me
930 1730 1082 1810 cariusque
1098 1737 1221 1811 temp'us
1235 1737 1350 1812 poscat.
1374 1728 1521 1791 XXXIII.
1536 1726 1631 1807 egi-s

291 1828 342 1881 tur
362 1818 499 1882 studium
523 1827 611 1881 tuum
633 1820 683 1882 vel
705 1821 815 1893 ctiam,
838 1823 864 1883 si
888 1823 952 1894 vis,
976 1821 1181 1895 existimatio,
1204 1822 1273 1884 laus
1295 1820 1484 1884 aedilitatis:
1506 1827 1538 1882 at
1553 1818 1609 1881 Cn.

290 1911 407 1975 Plancii
436 1911 538 1985 salus,
568 1914 686 1994 patria,
717 1911 871 1975 fortunae.
902 1914 1029 1976 Salvum
1061 1923 1093 1976 tu
1125 1935 1174 1977 me
1203 1935 1273 1977 esse
1301 1914 1430 1996 cupisti:
1463 1913 1513 1975 hic
1534 1910 1611 1974 lecit

289 2006 401 2079 etiam,
431 2012 465 2067 ut
487 2025 556 2067 esse
578 2027 712 2087 possem.
753 2006 913 2069 Distineor·
939 2015 1043 2069 tamen
1067 2015 1099 2070 et
1121 2007 1255 2070 divellor
1277 2006 1386 2070 dolore
1408 2013 1439 2068 et
1460 2006 1494 2067 in
1515 2023 1610 2067 causa

290 2099 408 2181 dispari
432 2099 549 2162 offendi
573 2109 602 2162 te
625 2120 643 2161 a
666 2122 714 2161 me
738 2100 848 2173 doleo,
879 2100 953 2174 sed,
976 2121 1025 2163 me
1047 2100 1117 2163 dius
1139 2101 1249 2173 fidius,
1272 2100 1371 2162 multo
1393 2101 1486 2162 eitius
1508 2117 1609 2161 meam

289 2193 423 2254 salutem
445 2211 503 2273 pro
526 2200 556 2254 te
579 2193 723 2255 abiecero
746 2214 839 2276 quarn
865 2186 920 2254 eni
943 2194 1059 2255 l‘lancii
1082 2194 1213 2257 salutem
1236 2193 1394 2257 tradidero
1416 2192 1646 2255 contentionitt

287 2294 370 2347 tuac.
414 2282 464 2344 80.
487 2285 626 2359 Etenim,
659 2286 795 2360 iudices,
827 2307 898 2348 cum
927 2287 1071 2349 omnibus
1100 2288 1266 2350 virtutibus
1296 2308 1346 2349 me
1371 2288 1516 2349 allectum
1539 2305 1609 2349 esse

288 2378 399 2460 cupio,
432 2385 498 2440 tum
527 2379 605 2440 nihil
635 2388 684 2440 est
713 2378 799 2461 quod
826 2380 931 2442 malim
961 2401 1053 2462 quam
1084 2402 1133 2443 me
1156 2390 1187 2443 et
1209 2402 1279 2444 esse
1300 2388 1422 2462 gratum
1444 2387 1476 2443 et
1497 2380 1609 2443 videri.

289 2472 372 2534 llaec
394 2480 443 2533 est
463 2472 546 2533 enim
570 2492 632 2534 una
653 2473 751 2534 virtus
774 2493 837 2535 non
861 2475 960 2536 solum
984 2474 1135 2547 maxima,
1158 2475 1213 2537 sed
1236 2474 1329 2537 etiam
1345 2473 1608 2536 matervirtntum

287 2564 427 2626 omnium
458 2564 659 2647 reliquarum.
701 2566 785 2640 Quid
818 2577 864 2630 est
894 2567 996 2649 pietas
1027 2569 1087 2631 nisi
1111 2568 1255 2631 voluntas
1277 2576 1365 2650 grata
1387 2567 1419 2629 in
1441 2568 1608 2649 parentes?

288 2658 343 2743 qui
365 2666 440 2720 sunt
460 2659 535 2720 boui
558 2659 660 2732 cives,
690 2659 744 2741 qui
766 2661 859 2733 belli,
882 2662 936 2743 qui
960 2661 1043 2723 domi
1066 2662 1105 2725 de
1127 2663 1229 2744 patria
1250 2661 1331 2723 bene
1353 2666 1524 2731 merentes,
1546 2659 1647 2721 uisiu

287 2753 340 2836 qui
365 2753 484 2834 patriae
506 2752 658 2816 beneficia
680 2756 913 2818 meminerunt?
942 2757 998 2837 qui
1022 2756 1140 2827 sancti,
1169 2758 1223 2839 qui
1246 2755 1434 2837 religionum
1456 2752 1608 2826 colentes,

287 2848 348 2910 nisi
380 2847 435 2929 qui
466 2847 607 2909 meritam
639 2849 687 2911 dis
709 2849 939 2911 immortalibus
962 2850 1092 2931 qratiam
1115 2849 1207 2911 iustis
1227 2847 1403 2910 honoribus
1424 2855 1457 2909 et
1479 2845 1608 2910 memori

286 2948 390 3004 mente
412 2940 620 3022 persolvunt?
650 2940 740 3016 Quae
764 2949 959 3025 potestesse
981 2944 1063 3004 vitae
1086 2942 1264 3005 iucunditas
1286 2941 1419 3004 sublatis
1440 2940 1607 3012 amicitiis?

285 3054 367 3118 quae
394 3053 487 3116 porro
520 3033 658 3095 amicitia
687 3041 789 3117 potest
817 3057 887 3097 esse
909 3036 991 3097 iuter
1013 3036 1176 3117 ingratos?
1220 3031 1271 3097 8t.
1294 3035 1374 3109 Quis
1396 3042 1444 3097 est
1465 3042 1606 3097 nostrum

285 3125 455 3190 liberaliter
488 3127 656 3201 educatus,
690 3126 739 3188 cui
770 3147 832 3189 non
861 3128 1063 3201 educatores,
1096 3130 1146 3192 cui
1174 3150 1236 3191 non
1266 3128 1405 3209 magistri
1434 3130 1483 3191 sui
1510 3135 1644 3212 atqueu

285 3220 447 3292 doctores,
469 3220 518 3281 cui
542 3240 605 3281 non
629 3220 716 3282 locus
740 3220 808 3302 ipse
831 3228 934 3284 mutus
957 3222 1028 3294 ille,
1052 3222 1104 3285 ubi
1126 3223 1219 3285 alitus
1241 3229 1294 3284 aut
1315 3221 1429 3284 doctus
1450 3228 1513 3293 est,
1534 3241 1606 3283 cum

284 3321 372 3397 grata
398 3311 615 3376 recordatione
646 3314 678 3374 iu
708 3323 812 3376 mente
843 3319 1007 3377 versetur?
1039 3315 1134 3378 Cuius
1156 3335 1234 3397 opes
1256 3322 1361 3377 tantae
1383 3333 1453 3377 esse
1474 3321 1608 3396 possunt

285 3418 338 3472 aut
358 3428 509 3490 umquam
522 3407 660 3481 luerunt,
685 3428 767 3489 quae
782 3409 850 3470 sine
866 3408 1035 3471 multorum
1050 3410 1222 3471 amicorum
1238 3406 1351 3471 ciliciis
1363 3412 1448 3470 stare
1462 3407 1607 3489 possint?

285 3522 366 3585 quae
395 3509 479 3564 certo
508 3501 629 3563 sublata
656 3502 804 3564 memoria
833 3509 865 3564 et
886 3501 985 3583 gratia
1007 3502 1095 3564 nulla
1117 3510 1242 3586 exstare
1264 3508 1406 3583 possum.
1447 3497 1605 3582 Equidem

284 3595 363 3658 nihil
390 3601 453 3657 tam
484 3595 645 3678 proprium
675 3594 813 3657 hominis
844 3595 990 3657 existimo
1020 3615 1113 3679 quam
1143 3616 1206 3658 non
1229 3594 1325 3657 modo
1346 3591 1516 3667 beneficio,
1549 3593 1643 3656 sedat

285 3691 378 3752 etiarn
401 3688 639 3752 benevolentiae
661 3686 892 3771 significatione
914 3689 1054 3772 alligari,
1084 3690 1163 3752 nihil
1186 3709 1279 3771 porro
1303 3696 1365 3752 tam
1386 3688 1604 3761 inhumanum,

285 3793 346 3845 tam
369 3784 519 3855 immane,
541 3789 604 3844 tam
626 3782 727 3845 lerum
751 3802 843 3865 quam
867 3783 1120 3846 committerent
1142 3781 1298 3847 beneficio
1318 3803 1382 3846 non
1399 3780 1501 3845 dicam
1522 3780 1605 3843 indi·

284 3897 380 3959 gnus,
402 3876 457 3938 scd
481 3876 581 3937 victus
603 3895 673 3938 esse
696 3875 831 3941 videare.
870 3873 920 3937 82.
944 3877 1034 3950 Quae
1057 3898 1127 3941 eum
1151 3878 1194 3940 ita
1216 3879 1293 3950 sint,
1316 3876 1376 3939 iam
1392 3875 1604 3950 succumbam,

282 3970 478 4042 Laterensis,
500 3969 551 4030 isti
575 3977 628 4031 tuo
651 3968 773 4030 crimini
797 3988 910 4051 meque
933 3971 966 4031 in
989 3990 1027 4032 eo
1050 3971 1136 4054 ipso,
1166 3971 1198 4030 in
1220 3990 1285 4051 quo
1308 3969 1386 4032 nibil
1409 3976 1604 4050 potestesse

282 4064 432 4135 nimium,
462 4063 612 4143 quoniam
636 4062 676 4123 ita
699 4069 732 4123 tu
755 4062 817 4135 vis,
848 4061 979 4124 nimium
1007 4071 1127 4144 gratum
1151 4084 1220 4126 esse
1242 4060 1413 4125 concedam
1434 4069 1640 4144 petamqueso

282 4178 300 4220 a
322 4157 428 4229 vohis,
450 4156 586 4229 iudices,
608 4162 643 4217 ut
665 4174 736 4216 enm
759 4152 911 4216 beneficio
934 4155 1195 4239 complectamini,
1217 4177 1312 4239 quem
1328 4158 1382 4237 qui
1401 4154 1604 4237 reprehendit

281 4253 313 4313 in
336 4271 374 4313 eo
396 4249 616 4333 reprehendit,
639 4247 726 4331 quod
748 4255 871 4329 gratum
893 4257 1017 4330 praeter
1039 4250 1165 4312 modum
1187 4250 1271 4312 dicat
1285 4268 1365 4312 esse.
1393 4252 1504 4332 Neque
1518 4249 1602 4311 enim

281 4344 360 4408 illud
382 4342 422 4407 ad
444 4340 662 4425 negligendam
685 4361 786 4404 meam
809 4341 939 4423 gratiam
963 4342 1057 4405 debet
1077 4342 1198 4415 valere,
1220 4342 1309 4426 quod
1323 4341 1406 4406 dixit
1426 4342 1524 4416 idem,
1546 4363 1602 4406 vos

282 4458 340 4500 nec
363 4444 513 4499 nocentes
536 4455 596 4498 nee
618 4434 773 4518 litigiosos
796 4454 882 4507 esse,
910 4455 974 4516 qno
1003 4436 1107 4498 minus
1129 4456 1178 4498 me
1199 4436 1285 4518 apud
1307 4456 1363 4498 vos
1384 4436 1489 4499 valere
1510 4455 1603 4519 opor-

283 4541 380 4594 teret:
403 4530 494 4613 quasi
517 4549 591 4594 vero
614 4529 646 4590 in
669 4529 807 4591 amicitia
828 4549 898 4591 mea
920 4549 986 4591 nou
1007 4530 1086 4592 haec
1108 4528 1274 4614 praesidia,
1296 4530 1323 4592 si
1338 4549 1420 4612 quae
1434 4530 1515 4592 sorte
1530 4536 1641 4592 suntet

282 4625 315 4686 iu
347 4645 414 4698 me,
440 4631 548 4706 parata
579 4642 702 4705 semper
731 4620 840 4683 amicis
863 4642 932 4684 esse
954 4623 1118 4686 maluerim
1140 4643 1234 4706 quam
1257 4623 1443 4686 necessaria.
1478 4622 1602 4685 Etenim

346 4897 369 4944 t.
389 4908 443 4957 repo
462 4894 482 4943 Τ
501 4919 527 4928 -
550 4896 736 4955 accusarunt
752 4895 772 4942 0
791 4920 817 4929 —
837 4894 981 4955 aliquorum
1001 4894 1171 4943 Garatonius:
1195 4901 1300 4956 propter
1318 4895 1461 4957 aliquorum
1479 4894 1549 4945 Teo
1572 4921 1600 4930 -

281 4975 304 5021 a.
318 4969 535 5033 tpsascorme-
551 4969 575 5017 3.
588 4969 696 5017 mucul
710 4994 736 5003 -
755 4982 800 5031 epo
815 4970 876 5021 hace
892 4973 927 5021 T:
946 4973 1006 5020 hoec
1022 4985 1067 5034 eqo
1085 4973 1118 5026 E;
1135 4984 1182 5033 epo
1196 4972 1272 5020 horo
1287 4998 1312 5008 -
1332 4971 1356 5023 l.
1373 4969 1523 5022 mutabo
1539 4968 1558 5016 T
1572 4992 1599 5003 -

281 5048 305 5096 6.
323 5047 379 5094 tous
393 5044 529 5095 adsidetis
545 5043 649 5106 lespius
669 5069 695 5078 -
714 5043 738 5092 7.
754 5044 839 5105 ploret
854 5047 923 5096 satur
939 5048 959 5096 T
975 5073 1008 5083 -
1026 5047 1051 5096 8.
1071 5047 1197 5095 buterum
1213 5052 1296 5096 tornea
1312 5047 1332 5097 Ε
1351 5073 1378 5083 -
1398 5047 1438 5096 to.
1456 5045 1565 5095 obiecaeo
1581 5044 1602 5092 l·

282 5119 480 5183 -ptcecil-
502 5119 594 5167 tt.me
609 5118 740 5167 uirtutibus
756 5119 775 5169 E
790 5122 985 5183 —cdteetuml'
1001 5148 1026 5156 -
1046 5122 1267 5183 thessepratreu
1283 5121 1343 5170 TE:
1361 5120 1599 5184 prumano-

284 5195 406 5244 taliae
426 5193 492 5242 aaut
512 5197 547 5242 cst
567 5193 601 5251 T;
627 5193 672 5241 Est
693 5192 758 5242 enda
779 5195 839 5244 boec
862 5197 880 5245 l}
901 5222 927 5233 -
956 5195 1382 5256 thooueuputasoma-
1405 5194 1599 5257 porcuth-

282 5270 321 5318 u.
341 5269 406 5331 Quid
420 5273 478 5318 suut
493 5269 513 5317 T
526 5293 552 5304 -
574 5267 614 5317 46.
633 5267 675 5328 qui
690 5267 839 5331 reltpiouum
854 5271 958 5319 cotenus
973 5270 1055 5321 habet
1071 5271 1215 5321 Arusianus
1232 5271 1267 5321 hl.
1287 5284 1312 5334 p.
1324 5271 1374 5320 22⁰
1384 5271 1429 5320 ed.
1440 5270 1559 5320 hindam.
1572 5293 1598 5304 -

280 5343 398 5406 rebpiooo
413 5343 433 5393 E
451 5368 478 5377 -
498 5342 538 5391 tl.
557 5342 595 5391 dds
611 5343 645 5391 T:
665 5344 712 5391 dits
728 5344 776 5393 EO
795 5370 821 5380 -
846 5345 949 5394 mmrori
965 5359 999 5395 m.
1015 5345 1158 5407 persuadet
1175 5343 1256 5395 hebet
1272 5346 1420 5397 Priscianus
1436 5347 1490 5404 Vll,
1509 5343 1600 5402 lhbl.

285 5441 310 5452 -
331 5416 689 5467 sodomamaciem&
709 5418 1013 5469 iucuuddasuttucO-
1032 5416 1602 5471 at.tuemuause-uotauosathahat

284 5491 430 5541 Priscianus
446 5490 481 5551 X,
500 5491 529 5550 6,
548 5491 588 5542 36.
603 5516 632 5527 -
650 5492 726 5541 abtas
741 5493 761 5541 Τ
770 5493 804 5542 E:
823 5494 889 5554 altus
905 5496 934 5544 0.
953 5495 992 5544 Cl.
1006 5494 1134 5546 liletzium
1151 5495 1194 5547 ed.
1203 5496 1304 5547 Tenhn.
1323 5511 1349 5560 p.
1362 5497 1439 5547 Xllll.
1451 5521 1485 5532 -
1500 5498 1536 5543 est
1546 5504 1600 5542 om.
1643 5528 1649 5541 .

284 5566 303 5615 E
323 5590 350 5600 -
368 5563 409 5615 il.
426 5565 510 5616 muas
526 5567 583 5616 TE.
609 5567 679 5616 «Sed
698 5580 829 5630 quaenam
851 5569 899 5620 ieta
916 5570 1000 5619 oratio
1018 5572 1072 5621 est:
1097 5571 1173 5620 entes
1192 5584 1250 5633 opes
1269 5577 1356 5621 metae
1375 5583 1426 5621 esse
1443 5573 1600 5631 pumat-n

284 5653 349 5702 quoe
358 5666 372 5677 -
381 5666 395 5676 ·
404 5646 472 5691 sture
484 5642 597 5704 possiet?
612 5654 678 5703 quoe
692 5647 759 5693 certe
776 5642 856 5706 (opes)
869 5668 905 5679 ··
915 5643 1001 5692 cutm
1016 5649 1116 5693 acuere
1130 5647 1250 5705 possum?
1271 5646 1300 5695 ln
1317 5644 1398 5695 altera
1414 5644 1525 5696 lectione
1542 5656 1603 5694 sen·

285 5715 363 5764 tentia
381 5716 515 5778 aptissima
532 5716 600 5767 haec
611 5719 664 5766 est:
684 5730 749 5781 opes
761 5717 868 5778 olflciis,
887 5718 972 5767 officia
984 5720 1064 5780 gratia
1077 5720 1219 5769 nituntur.»
1231 5719 1381 5770 llornarcns.
1397 5748 1424 5758 -
1441 5721 1482 5770 26.
1500 5719 1602 5768 beniuo-

283 5790 453 5840 teutius'l'-
473 5791 514 5841 27.
533 5792 709 5843 tumansl'-
727 5792 768 5843 29.
785 5794 1052 5855 mequeluoeueT-
1071 5794 1112 5845 31.
1130 5793 1394 5857 eosplsctoeuc'oIT-
1412 5793 1602 5858 asmodae-

283 5864 343 5915 dcm
358 5864 379 5916 Τ
396 5888 424 5902 -
442 5862 482 5919 dl.
499 5868 609 5920 ademtis
623 5879 668 5918 uer
685 5866 806 5934 itttptorus
821 5868 850 5920 T.
910 5908 913 5912 ,
