<?xml version="1.0" encoding="UTF-8"?>
<!DOCTYPE html PUBLIC "-//W3C//DTD XHTML 1.0 Transitional//EN"
    "http://www.w3.org/TR/xhtml1/DTD/xhtml1-transitional.dtd">
<html xmlns="http://www.w3.org/1999/xhtml" xml:lang="en" lang="en">
 <head>
  <title>
</title>
<meta http-equiv="Content-Type" content="text/html;charset=utf-8" />
  <meta name='ocr-system' content='tesseract 3.04.00' />
  <meta name='ocr-capabilities' content='ocr_page ocr_carea ocr_par ocr_line ocrx_word'/>
</head>
<body>
  <div class='ocr_page' id='page_1' title='image "./operaquaesupers08halmgoog/operaquaesupers08halmgoog_0221.png"; bbox 0 0 3800 7350; ppageno 0'>
   <div class='ocr_carea' id='block_1_1' title="bbox 646 1185 1595 1280">
    <p class='ocr_par' dir='ltr' id='par_1_1' title="bbox 646 1185 1595 1280">
     <span class='ocr_line' id='line_1_1' title="bbox 646 1185 1595 1280; baseline -0.006 -19"><span class='ocrx_word' id='word_1_1' title='bbox 646 1196 720 1262; x_wconf 73' lang='lat' dir='ltr'><strong>uu.</strong></span> <span class='ocrx_word' id='word_1_2' title='bbox 738 1195 983 1263; x_wconf 76' lang='lat' dir='ltr'><strong>rvr-xum</strong></span> <span class='ocrx_word' id='word_1_3' title='bbox 1008 1193 1055 1280; x_wconf 74' lang='lat' dir='ltr'><strong>§s</strong></span> <span class='ocrx_word' id='word_1_4' title='bbox 1076 1192 1222 1262; x_wconf 78' lang='lat' dir='ltr'><strong>as-ro.</strong></span> <span class='ocrx_word' id='word_1_5' title='bbox 1532 1185 1595 1256; x_wconf 79' lang='lat' dir='ltr'><strong>ssa</strong></span> 
     </span>
    </p>
   </div>
   <div class='ocr_carea' id='block_1_2' title="bbox 275 1365 1643 4540">
    <p class='ocr_par' dir='ltr' id='par_1_2' title="bbox 275 1365 1643 4540">
     <span class='ocr_line' id='line_1_2' title="bbox 277 1365 1597 1452; baseline -0.002 -21"><span class='ocrx_word' id='word_1_6' title='bbox 277 1365 419 1452; x_wconf 78' lang='lat' dir='ltr'><strong>publice,</strong></span> <span class='ocrx_word' id='word_1_7' title='bbox 446 1384 556 1430; x_wconf 82' lang='lat' dir='ltr'><strong>omnes</strong></span> <span class='ocrx_word' id='word_1_8' title='bbox 584 1365 660 1429; x_wconf 90' lang='lat' dir='ltr'><strong>boni</strong></span> <span class='ocrx_word' id='word_1_9' title='bbox 688 1366 816 1449; x_wconf 91' lang='lat' dir='ltr'><strong>proprie</strong></span> <span class='ocrx_word' id='word_1_10' title='bbox 843 1367 1005 1450; x_wconf 76' lang='lat' dir='ltr'>enixeque</span> <span class='ocrx_word' id='word_1_11' title='bbox 1027 1373 1240 1449; x_wconf 76' lang='lat' dir='ltr'><strong>susceperant.</strong></span> <span class='ocrx_word' id='word_1_12' title='bbox 1272 1365 1336 1431; x_wconf 83' lang='lat' dir='ltr'><strong>llas</strong></span> <span class='ocrx_word' id='word_1_13' title='bbox 1355 1384 1407 1431; x_wconf 89' lang='lat' dir='ltr'><strong>res</strong></span> <span class='ocrx_word' id='word_1_14' title='bbox 1428 1385 1597 1449; x_wconf 71' lang='lat' dir='ltr'><strong>gesseram,</strong></span> 
     </span>
     <span class='ocr_line' id='line_1_3' title="bbox 277 1458 1598 1547; baseline 0.004 -23"><span class='ocrx_word' id='word_1_15' title='bbox 277 1480 412 1547; x_wconf 81' lang='lat' dir='ltr'><strong>quarum</strong></span> <span class='ocrx_word' id='word_1_16' title='bbox 433 1479 498 1524; x_wconf 91' lang='lat' dir='ltr'><strong>non</strong></span> <span class='ocrx_word' id='word_1_17' title='bbox 519 1478 603 1523; x_wconf 92' lang='lat' dir='ltr'><strong>unus</strong></span> <span class='ocrx_word' id='word_1_18' title='bbox 626 1468 749 1535; x_wconf 86' lang='lat' dir='ltr'><strong>auctor,</strong></span> <span class='ocrx_word' id='word_1_19' title='bbox 770 1460 826 1525; x_wconf 90' lang='lat' dir='ltr'><strong>sed</strong></span> <span class='ocrx_word' id='word_1_20' title='bbox 849 1461 915 1524; x_wconf 84' lang='lat' dir='ltr'><strong>dux</strong></span> <span class='ocrx_word' id='word_1_21' title='bbox 935 1459 1077 1523; x_wconf 87' lang='lat' dir='ltr'><strong>omnium</strong></span> <span class='ocrx_word' id='word_1_22' title='bbox 1089 1460 1260 1524; x_wconf 81' lang='lat' dir='ltr'><strong>voluntatis</strong></span> <span class='ocrx_word' id='word_1_23' title='bbox 1279 1458 1426 1538; x_wconf 83' lang='lat' dir='ltr'><strong>fuissem,</strong></span> <span class='ocrx_word' id='word_1_24' title='bbox 1448 1482 1598 1547; x_wconf 89' lang='lat' dir='ltr'><strong>quaeque</strong></span> 
     </span>
     <span class='ocr_line' id='line_1_4' title="bbox 276 1552 1599 1637; baseline 0.001 -18"><span class='ocrx_word' id='word_1_25' title='bbox 276 1575 341 1619; x_wconf 82' lang='lat' dir='ltr'><strong>noa</strong></span> <span class='ocrx_word' id='word_1_26' title='bbox 370 1554 469 1619; x_wconf 80' lang='lat' dir='ltr'><strong>modo</strong></span> <span class='ocrx_word' id='word_1_27' title='bbox 500 1554 541 1617; x_wconf 84' lang='lat' dir='ltr'><strong>ad</strong></span> <span class='ocrx_word' id='word_1_28' title='bbox 574 1554 764 1636; x_wconf 76' lang='lat' dir='ltr'><strong>singularem</strong></span> <span class='ocrx_word' id='word_1_29' title='bbox 795 1574 896 1617; x_wconf 89' lang='lat' dir='ltr'><strong>meam</strong></span> <span class='ocrx_word' id='word_1_30' title='bbox 925 1553 1073 1637; x_wconf 78' lang='lat' dir='ltr'>gloriam,</span> <span class='ocrx_word' id='word_1_31' title='bbox 1108 1552 1164 1617; x_wconf 88' lang='lat' dir='ltr'><strong>sed</strong></span> <span class='ocrx_word' id='word_1_32' title='bbox 1186 1554 1226 1618; x_wconf 90' lang='lat' dir='ltr'><strong>ad</strong></span> <span class='ocrx_word' id='word_1_33' title='bbox 1247 1573 1444 1619; x_wconf 90' lang='lat' dir='ltr'><strong>communem</strong></span> <span class='ocrx_word' id='word_1_34' title='bbox 1465 1555 1599 1620; x_wconf 79' lang='lat' dir='ltr'><strong>adulam</strong></span> 
     </span>
     <span class='ocr_line' id='line_1_5' title="bbox 275 1647 1600 1732; baseline -0.001 -19"><span class='ocrx_word' id='word_1_35' title='bbox 275 1649 416 1713; x_wconf 86' lang='lat' dir='ltr'><strong>omnium</strong></span> <span class='ocrx_word' id='word_1_36' title='bbox 444 1649 559 1713; x_wconf 81' lang='lat' dir='ltr'><strong>civium</strong></span> <span class='ocrx_word' id='word_1_37' title='bbox 587 1654 619 1711; x_wconf 89' lang='lat' dir='ltr'><strong>et</strong></span> <span class='ocrx_word' id='word_1_38' title='bbox 639 1666 740 1730; x_wconf 89' lang='lat' dir='ltr'><strong>prope</strong></span> <span class='ocrx_word' id='word_1_39' title='bbox 762 1649 904 1730; x_wconf 77' lang='lat' dir='ltr'><strong>gentium</strong></span> <span class='ocrx_word' id='word_1_40' title='bbox 926 1647 1139 1731; x_wconf 82' lang='lat' dir='ltr'><strong>pertinerent3</strong></span> <span class='ocrx_word' id='word_1_41' title='bbox 1170 1667 1209 1712; x_wconf 88' lang='lat' dir='ltr'><strong>ea</strong></span> <span class='ocrx_word' id='word_1_42' title='bbox 1229 1647 1410 1712; x_wconf 85' lang='lat' dir='ltr'><strong>conditione</strong></span> <span class='ocrx_word' id='word_1_43' title='bbox 1431 1668 1600 1732; x_wconf 72' lang='lat' dir='ltr'><strong>gesseram,</strong></span> 
     </span>
     <span class='ocr_line' id='line_1_6' title="bbox 275 1740 1625 1827; baseline 0.001 -22"><span class='ocrx_word' id='word_1_44' title='bbox 275 1750 313 1806; x_wconf 84' lang='lat' dir='ltr'><strong>ut</strong></span> <span class='ocrx_word' id='word_1_45' title='bbox 332 1763 439 1807; x_wconf 84' lang='lat' dir='ltr'><strong>meum</strong></span> <span class='ocrx_word' id='word_1_46' title='bbox 459 1742 577 1806; x_wconf 83' lang='lat' dir='ltr'><strong>Iactum</strong></span> <span class='ocrx_word' id='word_1_47' title='bbox 599 1761 723 1826; x_wconf 86' lang='lat' dir='ltr'><strong>semper</strong></span> <span class='ocrx_word' id='word_1_48' title='bbox 743 1747 1036 1825; x_wconf 83' lang='lat' dir='ltr'><strong>omnes&#39;praastare</strong></span> <span class='ocrx_word' id='word_1_49' title='bbox 1051 1743 1198 1827; x_wconf 88' lang='lat' dir='ltr'><strong>tuerique</strong></span> <span class='ocrx_word' id='word_1_50' title='bbox 1214 1740 1375 1807; x_wconf 83' lang='lat' dir='ltr'><strong>dalrerent</strong></span> <span class='ocrx_word' id='word_1_51' title='bbox 1411 1741 1510 1807; x_wconf 81' lang='lat' dir='ltr'><strong>xvu.</strong></span> <span class='ocrx_word' id='word_1_52' title='bbox 1525 1743 1625 1807; x_wconf 77' lang='lat' dir='ltr'><strong>Erato</strong></span> 
     </span>
     <span class='ocr_line' id='line_1_7' title="bbox 276 1835 1602 1920; baseline 0.001 -20"><span class='ocrx_word' id='word_1_53' title='bbox 276 1843 382 1900; x_wconf 83' lang='lat' dir='ltr'><strong>antem</strong></span> <span class='ocrx_word' id='word_1_54' title='bbox 404 1835 482 1899; x_wconf 92' lang='lat' dir='ltr'><strong>mibi</strong></span> <span class='ocrx_word' id='word_1_55' title='bbox 503 1836 664 1900; x_wconf 88' lang='lat' dir='ltr'><strong>contentio</strong></span> <span class='ocrx_word' id='word_1_56' title='bbox 684 1854 748 1898; x_wconf 93' lang='lat' dir='ltr'><strong>nnn</strong></span> <span class='ocrx_word' id='word_1_57' title='bbox 770 1856 841 1899; x_wconf 88' lang='lat' dir='ltr'><strong>cum</strong></span> <span class='ocrx_word' id='word_1_58' title='bbox 861 1838 981 1900; x_wconf 84' lang='lat' dir='ltr'><strong>victore</strong></span> <span class='ocrx_word' id='word_1_59' title='bbox 1001 1836 1160 1910; x_wconf 84' lang='lat' dir='ltr'><strong>exercitu,</strong></span> <span class='ocrx_word' id='word_1_60' title='bbox 1185 1837 1241 1899; x_wconf 85' lang='lat' dir='ltr'><strong>sed</strong></span> <span class='ocrx_word' id='word_1_61' title='bbox 1262 1857 1334 1901; x_wconf 86' lang='lat' dir='ltr'><strong>cum</strong></span> <span class='ocrx_word' id='word_1_62' title='bbox 1355 1836 1460 1920; x_wconf 87' lang='lat' dir='ltr'><strong>operis</strong></span> <span class='ocrx_word' id='word_1_63' title='bbox 1481 1837 1602 1901; x_wconf 91' lang='lat' dir='ltr'><strong>condu-</strong></span> 
     </span>
     <span class='ocr_line' id='line_1_8' title="bbox 276 1929 1602 2014; baseline 0.002 -20"><span class='ocrx_word' id='word_1_64' title='bbox 276 1932 337 1995; x_wconf 82' lang='lat' dir='ltr'><strong>ctis</strong></span> <span class='ocrx_word' id='word_1_65' title='bbox 357 1929 452 1995; x_wconf 81' lang='lat' dir='ltr'><strong>etad</strong></span> <span class='ocrx_word' id='word_1_66' title='bbox 473 1929 682 2014; x_wconf 83' lang='lat' dir='ltr'><strong>diripiendam</strong></span> <span class='ocrx_word' id='word_1_67' title='bbox 702 1931 813 1993; x_wconf 91' lang='lat' dir='ltr'><strong>urbem</strong></span> <span class='ocrx_word' id='word_1_68' title='bbox 835 1930 1016 2005; x_wconf 88' lang='lat' dir='ltr'><strong>concitatis;</strong></span> <span class='ocrx_word' id='word_1_69' title='bbox 1038 1930 1192 1994; x_wconf 80' lang='lat' dir='ltr'><strong>habebam</strong></span> <span class='ocrx_word' id='word_1_70' title='bbox 1214 1931 1375 1994; x_wconf 88' lang='lat' dir='ltr'><strong>inimicum</strong></span> <span class='ocrx_word' id='word_1_71' title='bbox 1397 1949 1462 1993; x_wconf 87' lang='lat' dir='ltr'><strong>non</strong></span> <span class='ocrx_word' id='word_1_72' title='bbox 1482 1929 1517 1994; x_wconf 84' lang='lat' dir='ltr'><strong>G.</strong></span> <span class='ocrx_word' id='word_1_73' title='bbox 1536 1933 1602 1996; x_wconf 86' lang='lat' dir='ltr'><strong>bla-</strong></span> 
     </span>
     <span class='ocr_line' id='line_1_9' title="bbox 275 2022 1602 2108; baseline 0.001 -20"><span class='ocrx_word' id='word_1_74' title='bbox 275 2024 376 2100; x_wconf 87' lang='lat' dir='ltr'><strong>rium,</strong></span> <span class='ocrx_word' id='word_1_75' title='bbox 395 2031 548 2089; x_wconf 89' lang='lat' dir='ltr'><strong>terrorem</strong></span> <span class='ocrx_word' id='word_1_76' title='bbox 569 2022 725 2097; x_wconf 87' lang='lat' dir='ltr'><strong>bostium,</strong></span> <span class='ocrx_word' id='word_1_77' title='bbox 748 2044 836 2105; x_wconf 87' lang='lat' dir='ltr'><strong>spem</strong></span> <span class='ocrx_word' id='word_1_78' title='bbox 859 2023 1099 2107; x_wconf 78' lang='lat' dir='ltr'><strong>subsidiumque</strong></span> <span class='ocrx_word' id='word_1_79' title='bbox 1113 2025 1251 2108; x_wconf 86' lang='lat' dir='ltr'><strong>patriae,</strong></span> <span class='ocrx_word' id='word_1_80' title='bbox 1272 2023 1328 2087; x_wconf 87' lang='lat' dir='ltr'><strong>sed</strong></span> <span class='ocrx_word' id='word_1_81' title='bbox 1343 2023 1407 2088; x_wconf 94' lang='lat' dir='ltr'><strong>duo</strong></span> <span class='ocrx_word' id='word_1_82' title='bbox 1421 2024 1602 2106; x_wconf 88' lang='lat' dir='ltr'><strong>importuna</strong></span> 
     </span>
     <span class='ocr_line' id='line_1_10' title="bbox 276 2115 1602 2206; baseline 0.003 -27"><span class='ocrx_word' id='word_1_83' title='bbox 276 2117 438 2200; x_wconf 75' lang='lat' dir='ltr'><strong>prodigia,</strong></span> <span class='ocrx_word' id='word_1_84' title='bbox 460 2137 541 2200; x_wconf 90' lang='lat' dir='ltr'><strong>quos</strong></span> <span class='ocrx_word' id='word_1_85' title='bbox 563 2125 702 2200; x_wconf 76' lang='lat' dir='ltr'><strong>egestas,</strong></span> <span class='ocrx_word' id='word_1_86' title='bbox 724 2137 806 2199; x_wconf 93' lang='lat' dir='ltr'><strong>quos</strong></span> <span class='ocrx_word' id='word_1_87' title='bbox 828 2116 910 2206; x_wconf 74' lang='lat' dir='ltr'><strong>aeris</strong></span> <span class='ocrx_word' id='word_1_88' title='bbox 931 2116 1028 2179; x_wconf 87' lang='lat' dir='ltr'><strong>alieni</strong></span> <span class='ocrx_word' id='word_1_89' title='bbox 1048 2115 1250 2199; x_wconf 74' lang='lat' dir='ltr'><strong>magnitudo,</strong></span> <span class='ocrx_word' id='word_1_90' title='bbox 1273 2138 1354 2200; x_wconf 91' lang='lat' dir='ltr'><strong>quos</strong></span> <span class='ocrx_word' id='word_1_91' title='bbox 1369 2117 1496 2193; x_wconf 78' lang='lat' dir='ltr'><strong>levius,</strong></span> <span class='ocrx_word' id='word_1_92' title='bbox 1519 2137 1602 2203; x_wconf 91' lang='lat' dir='ltr'><strong>quos</strong></span> 
     </span>
     <span class='ocr_line' id='line_1_11' title="bbox 275 2206 1640 2294; baseline 0 -20"><span class='ocrx_word' id='word_1_93' title='bbox 275 2209 460 2294; x_wconf 81' lang='lat' dir='ltr'><strong>improbitas</strong></span> <span class='ocrx_word' id='word_1_94' title='bbox 480 2212 608 2274; x_wconf 92' lang='lat' dir='ltr'><strong>tribuno</strong></span> <span class='ocrx_word' id='word_1_95' title='bbox 629 2210 673 2292; x_wconf 92' lang='lat' dir='ltr'><strong>pl.</strong></span> <span class='ocrx_word' id='word_1_96' title='bbox 696 2210 883 2273; x_wconf 87' lang='lat' dir='ltr'><strong>constrictos</strong></span> <span class='ocrx_word' id='word_1_97' title='bbox 904 2208 1079 2272; x_wconf 75' lang='lat' dir='ltr'><strong>addixerat.</strong></span> <span class='ocrx_word' id='word_1_98' title='bbox 1121 2206 1173 2271; x_wconf 82' lang='lat'><strong>39.</strong></span> <span class='ocrx_word' id='word_1_99' title='bbox 1195 2211 1261 2274; x_wconf 84' lang='lat' dir='ltr'><strong>Nec</strong></span> <span class='ocrx_word' id='word_1_100' title='bbox 1282 2209 1362 2271; x_wconf 92' lang='lat' dir='ltr'><strong>mibi</strong></span> <span class='ocrx_word' id='word_1_101' title='bbox 1378 2218 1446 2273; x_wconf 90' lang='lat' dir='ltr'><strong>erat</strong></span> <span class='ocrx_word' id='word_1_102' title='bbox 1462 2230 1514 2274; x_wconf 91' lang='lat' dir='ltr'><strong>res</strong></span> <span class='ocrx_word' id='word_1_103' title='bbox 1527 2227 1640 2274; x_wconf 75' lang='lat' dir='ltr'><strong>cumin</strong></span> 
     </span>
     <span class='ocr_line' id='line_1_12' title="bbox 277 2301 1602 2389; baseline 0.001 -21"><span class='ocrx_word' id='word_1_104' title='bbox 277 2303 466 2379; x_wconf 80' lang='lat' dir='ltr'><strong>Saturnino,</strong></span> <span class='ocrx_word' id='word_1_105' title='bbox 489 2306 562 2389; x_wconf 90' lang='lat' dir='ltr'><strong>qui,</strong></span> <span class='ocrx_word' id='word_1_106' title='bbox 592 2303 679 2388; x_wconf 92' lang='lat' dir='ltr'><strong>quod</strong></span> <span class='ocrx_word' id='word_1_107' title='bbox 700 2324 720 2366; x_wconf 88' lang='lat' dir='ltr'><strong>u</strong></span> <span class='ocrx_word' id='word_1_108' title='bbox 742 2324 776 2366; x_wconf 88' lang='lat' dir='ltr'><strong>se</strong></span> <span class='ocrx_word' id='word_1_109' title='bbox 799 2311 968 2387; x_wconf 85' lang='lat' dir='ltr'><strong>quaestore</strong></span> <span class='ocrx_word' id='word_1_110' title='bbox 990 2301 1131 2367; x_wconf 89' lang='lat' dir='ltr'><strong>Ostiensi</strong></span> <span class='ocrx_word' id='word_1_111' title='bbox 1152 2323 1210 2386; x_wconf 89' lang='lat' dir='ltr'><strong>per</strong></span> <span class='ocrx_word' id='word_1_112' title='bbox 1231 2304 1433 2386; x_wconf 74' lang='lat' dir='ltr'><strong>ignominiam</strong></span> <span class='ocrx_word' id='word_1_113' title='bbox 1455 2304 1495 2368; x_wconf 85' lang='lat' dir='ltr'><strong>ad</strong></span> <span class='ocrx_word' id='word_1_114' title='bbox 1517 2306 1602 2389; x_wconf 87' lang='lat' dir='ltr'><strong>prin-</strong></span> 
     </span>
     <span class='ocr_line' id='line_1_13' title="bbox 275 2395 1601 2481; baseline 0.001 -20"><span class='ocrx_word' id='word_1_115' title='bbox 275 2397 378 2481; x_wconf 70' lang='lat' dir='ltr'><strong>oipem</strong></span> <span class='ocrx_word' id='word_1_116' title='bbox 400 2406 434 2461; x_wconf 83' lang='lat' dir='ltr'><strong>ct</strong></span> <span class='ocrx_word' id='word_1_117' title='bbox 453 2406 583 2462; x_wconf 85' lang='lat' dir='ltr'><strong>senatus</strong></span> <span class='ocrx_word' id='word_1_118' title='bbox 605 2403 637 2461; x_wconf 88' lang='lat' dir='ltr'><strong>et</strong></span> <span class='ocrx_word' id='word_1_119' title='bbox 658 2398 810 2471; x_wconf 78' lang='lat' dir='ltr'><strong>civitatis,</strong></span> <span class='ocrx_word' id='word_1_120' title='bbox 832 2398 873 2459; x_wconf 84' lang='lat' dir='ltr'><strong>u.</strong></span> <span class='ocrx_word' id='word_1_121' title='bbox 897 2396 1064 2470; x_wconf 84' lang='lat' dir='ltr'><strong>Scaurum,</strong></span> <span class='ocrx_word' id='word_1_122' title='bbox 1086 2416 1153 2459; x_wconf 89' lang='lat' dir='ltr'><strong>rem</strong></span> <span class='ocrx_word' id='word_1_123' title='bbox 1167 2395 1405 2472; x_wconf 78' lang='lat' dir='ltr'><strong>frumentariam</strong></span> <span class='ocrx_word' id='word_1_124' title='bbox 1419 2398 1601 2462; x_wconf 84' lang='lat' dir='ltr'><strong>translatam</strong></span> 
     </span>
     <span class='ocr_line' id='line_1_14' title="bbox 277 2488 1601 2573; baseline 0 -17"><span class='ocrx_word' id='word_1_125' title='bbox 277 2491 409 2566; x_wconf 85' lang='lat' dir='ltr'><strong>sciebat,</strong></span> <span class='ocrx_word' id='word_1_126' title='bbox 431 2493 573 2556; x_wconf 88' lang='lat' dir='ltr'><strong>dolorem</strong></span> <span class='ocrx_word' id='word_1_127' title='bbox 594 2511 688 2553; x_wconf 89' lang='lat' dir='ltr'><strong>suurn</strong></span> <span class='ocrx_word' id='word_1_128' title='bbox 709 2509 822 2572; x_wconf 74' lang='lat' dir='ltr'><strong>magna</strong></span> <span class='ocrx_word' id='word_1_129' title='bbox 837 2488 1040 2552; x_wconf 84' lang='lat' dir='ltr'><strong>contentione</strong></span> <span class='ocrx_word' id='word_1_130' title='bbox 1055 2489 1153 2552; x_wconf 90' lang='lat' dir='ltr'><strong>animi</strong></span> <span class='ocrx_word' id='word_1_131' title='bbox 1172 2489 1437 2573; x_wconf 77' lang='lat' dir='ltr'><strong>persequebaturt</strong></span> <span class='ocrx_word' id='word_1_132' title='bbox 1458 2492 1515 2556; x_wconf 87' lang='lat' dir='ltr'><strong>sed</strong></span> <span class='ocrx_word' id='word_1_133' title='bbox 1529 2512 1601 2556; x_wconf 90' lang='lat' dir='ltr'><strong>cum</strong></span> 
     </span>
     <span class='ocr_line' id='line_1_15' title="bbox 277 2583 1603 2667; baseline -0.001 -17"><span class='ocrx_word' id='word_1_134' title='bbox 277 2605 453 2649; x_wconf 82' lang='lat' dir='ltr'><strong>scurrarum</strong></span> <span class='ocrx_word' id='word_1_135' title='bbox 474 2585 680 2667; x_wconf 76' lang='lat' dir='ltr'><strong>locupletium</strong></span> <span class='ocrx_word' id='word_1_136' title='bbox 702 2592 822 2657; x_wconf 91' lang='lat' dir='ltr'><strong>scorto,</strong></span> <span class='ocrx_word' id='word_1_137' title='bbox 844 2603 916 2646; x_wconf 91' lang='lat' dir='ltr'><strong>cum</strong></span> <span class='ocrx_word' id='word_1_138' title='bbox 938 2584 1055 2646; x_wconf 92' lang='lat' dir='ltr'><strong>sororis</strong></span> <span class='ocrx_word' id='word_1_139' title='bbox 1077 2583 1239 2659; x_wconf 89' lang='lat' dir='ltr'><strong>adultero,</strong></span> <span class='ocrx_word' id='word_1_140' title='bbox 1261 2603 1334 2648; x_wconf 90' lang='lat' dir='ltr'><strong>cum</strong></span> <span class='ocrx_word' id='word_1_141' title='bbox 1356 2593 1537 2667; x_wconf 81' lang='lat' dir='ltr'><strong>stuprorum</strong></span> <span class='ocrx_word' id='word_1_142' title='bbox 1554 2605 1603 2650; x_wconf 88' lang='lat' dir='ltr'><strong>sa·</strong></span> 
     </span>
     <span class='ocr_line' id='line_1_16' title="bbox 279 2674 1641 2754; baseline 0.001 -12"><span class='ocrx_word' id='word_1_143' title='bbox 279 2679 425 2754; x_wconf 86' lang='lat' dir='ltr'><strong>cerdote,</strong></span> <span class='ocrx_word' id='word_1_144' title='bbox 452 2699 524 2742; x_wconf 86' lang='lat' dir='ltr'><strong>eum</strong></span> <span class='ocrx_word' id='word_1_145' title='bbox 545 2674 705 2752; x_wconf 85' lang='lat' dir='ltr'><strong>venefico,</strong></span> <span class='ocrx_word' id='word_1_146' title='bbox 735 2697 805 2740; x_wconf 86' lang='lat' dir='ltr'><strong>cum</strong></span> <span class='ocrx_word' id='word_1_147' title='bbox 835 2676 1084 2751; x_wconf 89' lang='lat' dir='ltr'><strong>testamentario,</strong></span> <span class='ocrx_word' id='word_1_148' title='bbox 1115 2697 1186 2739; x_wconf 89' lang='lat' dir='ltr'><strong>cum</strong></span> <span class='ocrx_word' id='word_1_149' title='bbox 1208 2677 1340 2751; x_wconf 90' lang='lat' dir='ltr'><strong>sicario,</strong></span> <span class='ocrx_word' id='word_1_150' title='bbox 1369 2697 1441 2741; x_wconf 89' lang='lat' dir='ltr'><strong>cum</strong></span> <span class='ocrx_word' id='word_1_151' title='bbox 1463 2679 1641 2743; x_wconf 75' lang='lat' dir='ltr'><strong>latronezrt</strong></span> 
     </span>
     <span class='ocr_line' id='line_1_17' title="bbox 277 2768 1604 2856; baseline -0.001 -18"><span class='ocrx_word' id='word_1_152' title='bbox 277 2791 360 2856; x_wconf 86' lang='lat' dir='ltr'><strong>quos</strong></span> <span class='ocrx_word' id='word_1_153' title='bbox 380 2772 527 2837; x_wconf 89' lang='lat' dir='ltr'><strong>homines</strong></span> <span class='ocrx_word' id='word_1_154' title='bbox 548 2772 593 2846; x_wconf 89' lang='lat' dir='ltr'><strong>si,</strong></span> <span class='ocrx_word' id='word_1_155' title='bbox 614 2770 648 2833; x_wconf 93' lang='lat' dir='ltr'><strong>id</strong></span> <span class='ocrx_word' id='word_1_156' title='bbox 672 2769 757 2855; x_wconf 92' lang='lat' dir='ltr'><strong>quod</strong></span> <span class='ocrx_word' id='word_1_157' title='bbox 779 2769 872 2833; x_wconf 86' lang='lat' dir='ltr'><strong>facile</strong></span> <span class='ocrx_word' id='word_1_158' title='bbox 893 2770 977 2834; x_wconf 83' lang='lat' dir='ltr'><strong>iactu</strong></span> <span class='ocrx_word' id='word_1_159' title='bbox 999 2770 1061 2834; x_wconf 81' lang='lat' dir='ltr'><strong>suit</strong></span> <span class='ocrx_word' id='word_1_160' title='bbox 1081 2777 1113 2834; x_wconf 89' lang='lat' dir='ltr'><strong>et</strong></span> <span class='ocrx_word' id='word_1_161' title='bbox 1134 2773 1220 2855; x_wconf 94' lang='lat' dir='ltr'><strong>quod</strong></span> <span class='ocrx_word' id='word_1_162' title='bbox 1241 2768 1308 2835; x_wconf 85' lang='lat' dir='ltr'><strong>fieri</strong></span> <span class='ocrx_word' id='word_1_163' title='bbox 1329 2770 1439 2836; x_wconf 89' lang='lat' dir='ltr'><strong>debuit</strong></span> <span class='ocrx_word' id='word_1_164' title='bbox 1453 2773 1604 2856; x_wconf 88' lang='lat' dir='ltr'><strong>quodque</strong></span> 
     </span>
     <span class='ocr_line' id='line_1_18' title="bbox 277 2863 1603 2950; baseline -0.001 -20"><span class='ocrx_word' id='word_1_165' title='bbox 277 2886 298 2930; x_wconf 87' lang='lat' dir='ltr'><strong>a</strong></span> <span class='ocrx_word' id='word_1_166' title='bbox 318 2887 369 2932; x_wconf 83' lang='lat' dir='ltr'><strong>nra</strong></span> <span class='ocrx_word' id='word_1_167' title='bbox 390 2867 502 2950; x_wconf 87' lang='lat' dir='ltr'><strong>optimi</strong></span> <span class='ocrx_word' id='word_1_168' title='bbox 523 2872 556 2927; x_wconf 90' lang='lat' dir='ltr'><strong>et</strong></span> <span class='ocrx_word' id='word_1_169' title='bbox 575 2863 737 2928; x_wconf 87' lang='lat' dir='ltr'><strong>fortissimi</strong></span> <span class='ocrx_word' id='word_1_170' title='bbox 760 2863 846 2927; x_wconf 85' lang='lat' dir='ltr'><strong>ciros</strong></span> <span class='ocrx_word' id='word_1_171' title='bbox 868 2864 1070 2946; x_wconf 76' lang='lat' dir='ltr'><strong>flagitabant,</strong></span> <span class='ocrx_word' id='word_1_172' title='bbox 1091 2864 1122 2925; x_wconf 84' lang='lat' dir='ltr'><strong>vi</strong></span> <span class='ocrx_word' id='word_1_173' title='bbox 1138 2865 1298 2949; x_wconf 88' lang='lat' dir='ltr'><strong>armisque</strong></span> <span class='ocrx_word' id='word_1_174' title='bbox 1313 2884 1523 2948; x_wconf 86' lang='lat' dir='ltr'><strong>superassem,</strong></span> <span class='ocrx_word' id='word_1_175' title='bbox 1537 2885 1603 2930; x_wconf 92' lang='lat' dir='ltr'><strong>non</strong></span> 
     </span>
     <span class='ocr_line' id='line_1_19' title="bbox 277 2956 1604 3042; baseline 0 -19"><span class='ocrx_word' id='word_1_176' title='bbox 277 2960 410 3023; x_wconf 82' lang='lat' dir='ltr'><strong>verebar</strong></span> <span class='ocrx_word' id='word_1_177' title='bbox 430 2978 470 3022; x_wconf 95' lang='lat' dir='ltr'><strong>ne</strong></span> <span class='ocrx_word' id='word_1_178' title='bbox 492 2958 564 3042; x_wconf 93' lang='lat' dir='ltr'><strong>quis</strong></span> <span class='ocrx_word' id='word_1_179' title='bbox 586 2964 640 3021; x_wconf 88' lang='lat' dir='ltr'><strong>ant</strong></span> <span class='ocrx_word' id='word_1_180' title='bbox 651 2958 714 3020; x_wconf 85' lang='lat' dir='ltr'><strong>rim</strong></span> <span class='ocrx_word' id='word_1_181' title='bbox 730 2958 761 3020; x_wconf 85' lang='lat' dir='ltr'><strong>vi</strong></span> <span class='ocrx_word' id='word_1_182' title='bbox 777 2956 940 3042; x_wconf 89' lang='lat' dir='ltr'><strong>depulsam</strong></span> <span class='ocrx_word' id='word_1_183' title='bbox 954 2956 1200 3041; x_wconf 82' lang='lat' dir='ltr'><strong>reprehenderet</strong></span> <span class='ocrx_word' id='word_1_184' title='bbox 1213 2965 1268 3022; x_wconf 92' lang='lat' dir='ltr'><strong>aut</strong></span> <span class='ocrx_word' id='word_1_185' title='bbox 1280 2960 1475 3041; x_wconf 89' lang='lat' dir='ltr'><strong>perditorum</strong></span> <span class='ocrx_word' id='word_1_186' title='bbox 1489 2959 1604 3023; x_wconf 83' lang='lat' dir='ltr'><strong>civium</strong></span> 
     </span>
     <span class='ocr_line' id='line_1_20' title="bbox 278 3050 1605 3136; baseline 0 -20"><span class='ocrx_word' id='word_1_187' title='bbox 278 3053 328 3116; x_wconf 76' lang='lat' dir='ltr'><strong>vel</strong></span> <span class='ocrx_word' id='word_1_188' title='bbox 348 3053 456 3136; x_wconf 88' lang='lat' dir='ltr'><strong>potius</strong></span> <span class='ocrx_word' id='word_1_189' title='bbox 477 3052 723 3116; x_wconf 81' lang='lat' dir='ltr'><strong>domesticorum</strong></span> <span class='ocrx_word' id='word_1_190' title='bbox 742 3050 883 3115; x_wconf 87' lang='lat' dir='ltr'><strong>bostium</strong></span> <span class='ocrx_word' id='word_1_191' title='bbox 905 3059 1037 3115; x_wconf 67' lang='lat' dir='ltr'><strong>monem</strong></span> <span class='ocrx_word' id='word_1_192' title='bbox 1058 3059 1223 3116; x_wconf 83' lang='lat' dir='ltr'><strong>maereret.</strong></span> <span class='ocrx_word' id='word_1_193' title='bbox 1264 3052 1328 3117; x_wconf 89' lang='lat' dir='ltr'><strong>Sed</strong></span> <span class='ocrx_word' id='word_1_194' title='bbox 1350 3073 1400 3116; x_wconf 88' lang='lat' dir='ltr'><strong>me</strong></span> <span class='ocrx_word' id='word_1_195' title='bbox 1423 3053 1478 3117; x_wconf 94' lang='lat' dir='ltr'><strong>illa</strong></span> <span class='ocrx_word' id='word_1_196' title='bbox 1497 3073 1605 3118; x_wconf 85' lang='lat' dir='ltr'><strong>more-</strong></span> 
     </span>
     <span class='ocr_line' id='line_1_21' title="bbox 276 3144 1643 3230; baseline 0.001 -20"><span class='ocrx_word' id='word_1_197' title='bbox 276 3153 367 3210; x_wconf 80' lang='lat' dir='ltr'><strong>rant:</strong></span> <span class='ocrx_word' id='word_1_198' title='bbox 390 3145 535 3209; x_wconf 90' lang='lat' dir='ltr'><strong>omnibus</strong></span> <span class='ocrx_word' id='word_1_199' title='bbox 556 3145 590 3208; x_wconf 93' lang='lat' dir='ltr'><strong>in</strong></span> <span class='ocrx_word' id='word_1_200' title='bbox 613 3144 814 3208; x_wconf 90' lang='lat' dir='ltr'><strong>contionibus</strong></span> <span class='ocrx_word' id='word_1_201' title='bbox 835 3144 892 3207; x_wconf 87' lang='lat' dir='ltr'><strong>illa</strong></span> <span class='ocrx_word' id='word_1_202' title='bbox 912 3144 995 3208; x_wconf 79' lang='lat' dir='ltr'><strong>iuria</strong></span> <span class='ocrx_word' id='word_1_203' title='bbox 1017 3145 1173 3208; x_wconf 88' lang='lat' dir='ltr'><strong>clamabat</strong></span> <span class='ocrx_word' id='word_1_204' title='bbox 1190 3165 1243 3220; x_wconf 89' lang='lat' dir='ltr'><strong>se,</strong></span> <span class='ocrx_word' id='word_1_205' title='bbox 1265 3166 1348 3230; x_wconf 88' lang='lat' dir='ltr'><strong>quaa</strong></span> <span class='ocrx_word' id='word_1_206' title='bbox 1361 3145 1481 3211; x_wconf 80' lang='lat' dir='ltr'><strong>iaceret</strong></span> <span class='ocrx_word' id='word_1_207' title='bbox 1495 3154 1643 3211; x_wconf 77' lang='lat' dir='ltr'><strong>contrata</strong></span> 
     </span>
     <span class='ocr_line' id='line_1_22' title="bbox 277 3237 1605 3324; baseline -0.001 -20"><span class='ocrx_word' id='word_1_208' title='bbox 277 3239 410 3304; x_wconf 70' lang='lat' dir='ltr'><strong>calm</strong></span> <span class='ocrx_word' id='word_1_209' title='bbox 431 3259 551 3315; x_wconf 87' lang='lat' dir='ltr'><strong>meam,</strong></span> <span class='ocrx_word' id='word_1_210' title='bbox 573 3238 677 3304; x_wconf 83' lang='lat' dir='ltr'><strong>facere</strong></span> <span class='ocrx_word' id='word_1_211' title='bbox 699 3246 827 3302; x_wconf 89' lang='lat' dir='ltr'><strong>auctore</strong></span> <span class='ocrx_word' id='word_1_212' title='bbox 851 3237 906 3300; x_wconf 87' lang='lat' dir='ltr'><strong>Cn.</strong></span> <span class='ocrx_word' id='word_1_213' title='bbox 928 3239 1096 3322; x_wconf 84' lang='lat' dir='ltr'><strong>Pompeio,</strong></span> <span class='ocrx_word' id='word_1_214' title='bbox 1117 3238 1292 3304; x_wconf 83' lang='lat' dir='ltr'><strong>clarissimo</strong></span> <span class='ocrx_word' id='word_1_215' title='bbox 1314 3240 1382 3303; x_wconf 83' lang='lat' dir='ltr'><strong>viro</strong></span> <span class='ocrx_word' id='word_1_216' title='bbox 1405 3239 1551 3324; x_wconf 83' lang='lat' dir='ltr'><strong>mihique</strong></span> <span class='ocrx_word' id='word_1_217' title='bbox 1571 3248 1605 3303; x_wconf 91' lang='lat' dir='ltr'><strong>et</strong></span> 
     </span>
     <span class='ocr_line' id='line_1_23' title="bbox 276 3330 1605 3417; baseline 0 -20"><span class='ocrx_word' id='word_1_218' title='bbox 276 3353 362 3398; x_wconf 81' lang='lat' dir='ltr'><strong>nuuc</strong></span> <span class='ocrx_word' id='word_1_219' title='bbox 381 3340 415 3397; x_wconf 88' lang='lat' dir='ltr'><strong>et</strong></span> <span class='ocrx_word' id='word_1_220' title='bbox 435 3332 542 3417; x_wconf 79' lang='lat' dir='ltr'><strong>quoad</strong></span> <span class='ocrx_word' id='word_1_221' title='bbox 563 3332 653 3396; x_wconf 90' lang='lat' dir='ltr'><strong>licuit</strong></span> <span class='ocrx_word' id='word_1_222' title='bbox 673 3330 873 3396; x_wconf 90' lang='lat' dir='ltr'><strong>amicissimo.</strong></span> <span class='ocrx_word' id='word_1_223' title='bbox 906 3334 949 3396; x_wconf 90' lang='lat' dir='ltr'><strong>bl.</strong></span> <span class='ocrx_word' id='word_1_224' title='bbox 965 3331 1111 3408; x_wconf 90' lang='lat' dir='ltr'><strong>Crassus,</strong></span> <span class='ocrx_word' id='word_1_225' title='bbox 1133 3353 1270 3416; x_wconf 89' lang='lat' dir='ltr'><strong>quocum</strong></span> <span class='ocrx_word' id='word_1_226' title='bbox 1292 3332 1369 3397; x_wconf 91' lang='lat' dir='ltr'><strong>mibi</strong></span> <span class='ocrx_word' id='word_1_227' title='bbox 1391 3352 1500 3397; x_wconf 85' lang='lat' dir='ltr'><strong>omnes</strong></span> <span class='ocrx_word' id='word_1_228' title='bbox 1514 3341 1605 3397; x_wconf 85' lang='lat' dir='ltr'><strong>erant</strong></span> 
     </span>
     <span class='ocr_line' id='line_1_24' title="bbox 278 3424 1604 3509; baseline 0 -19"><span class='ocrx_word' id='word_1_229' title='bbox 278 3427 437 3491; x_wconf 88' lang='lat' dir='ltr'><strong>amicitiae</strong></span> <span class='ocrx_word' id='word_1_230' title='bbox 457 3426 722 3500; x_wconf 88' lang='lat' dir='ltr'><strong>necessitudines,</strong></span> <span class='ocrx_word' id='word_1_231' title='bbox 750 3425 800 3489; x_wconf 87' lang='lat' dir='ltr'><strong>vir</strong></span> <span class='ocrx_word' id='word_1_232' title='bbox 819 3424 1026 3499; x_wconf 82' lang='lat' dir='ltr'><strong>fortissimus,</strong></span> <span class='ocrx_word' id='word_1_233' title='bbox 1055 3427 1094 3490; x_wconf 90' lang='lat' dir='ltr'><strong>ab</strong></span> <span class='ocrx_word' id='word_1_234' title='bbox 1117 3428 1228 3492; x_wconf 87' lang='lat' dir='ltr'><strong>eadem</strong></span> <span class='ocrx_word' id='word_1_235' title='bbox 1249 3428 1305 3490; x_wconf 91' lang='lat' dir='ltr'><strong>illa</strong></span> <span class='ocrx_word' id='word_1_236' title='bbox 1326 3434 1415 3509; x_wconf 85' lang='lat' dir='ltr'><strong>peste</strong></span> <span class='ocrx_word' id='word_1_237' title='bbox 1436 3426 1604 3492; x_wconf 75' lang='lat' dir='ltr'><strong>infestissi-</strong></span> 
     </span>
     <span class='ocr_line' id='line_1_25' title="bbox 278 3516 1602 3605; baseline 0 -22"><span class='ocrx_word' id='word_1_238' title='bbox 278 3541 348 3583; x_wconf 75' lang='grc' dir='ltr'><strong>ιω</strong></span> <span class='ocrx_word' id='word_1_239' title='bbox 368 3540 441 3583; x_wconf 87' lang='lat' dir='ltr'><strong>esse</strong></span> <span class='ocrx_word' id='word_1_240' title='bbox 461 3520 539 3582; x_wconf 90' lang='lat' dir='ltr'><strong>meis</strong></span> <span class='ocrx_word' id='word_1_241' title='bbox 560 3518 698 3583; x_wconf 89' lang='lat' dir='ltr'><strong>fortunis</strong></span> <span class='ocrx_word' id='word_1_242' title='bbox 725 3517 974 3601; x_wconf 87' lang='lat' dir='ltr'><strong>praedicabatur.</strong></span> <span class='ocrx_word' id='word_1_243' title='bbox 1012 3516 1046 3582; x_wconf 81' lang='lat' dir='ltr'><strong>G.</strong></span> <span class='ocrx_word' id='word_1_244' title='bbox 1069 3520 1201 3596; x_wconf 88' lang='lat' dir='ltr'><strong>Caesar,</strong></span> <span class='ocrx_word' id='word_1_245' title='bbox 1230 3522 1286 3605; x_wconf 91' lang='lat' dir='ltr'><strong>qui</strong></span> <span class='ocrx_word' id='word_1_246' title='bbox 1308 3540 1328 3585; x_wconf 89' lang='lat' dir='ltr'><strong>a</strong></span> <span class='ocrx_word' id='word_1_247' title='bbox 1348 3541 1399 3585; x_wconf 89' lang='lat' dir='ltr'><strong>me</strong></span> <span class='ocrx_word' id='word_1_248' title='bbox 1419 3521 1508 3585; x_wconf 92' lang='lat' dir='ltr'><strong>nullo</strong></span> <span class='ocrx_word' id='word_1_249' title='bbox 1530 3540 1602 3584; x_wconf 90' lang='lat' dir='ltr'><strong>mec</strong></span> 
     </span>
     <span class='ocr_line' id='line_1_26' title="bbox 277 3610 1639 3685; baseline 0.004 -7"><span class='ocrx_word' id='word_1_250' title='bbox 277 3614 391 3679; x_wconf 89' lang='lat' dir='ltr'><strong>merito</strong></span> <span class='ocrx_word' id='word_1_251' title='bbox 420 3612 543 3678; x_wconf 91' lang='lat' dir='ltr'><strong>alienus</strong></span> <span class='ocrx_word' id='word_1_252' title='bbox 572 3633 642 3678; x_wconf 90' lang='lat' dir='ltr'><strong>esse</strong></span> <span class='ocrx_word' id='word_1_253' title='bbox 670 3611 820 3685; x_wconf 88' lang='lat' dir='ltr'><strong>debebat,</strong></span> <span class='ocrx_word' id='word_1_254' title='bbox 849 3610 1088 3677; x_wconf 86' lang='lat' dir='ltr'><strong>inimicissimus</strong></span> <span class='ocrx_word' id='word_1_255' title='bbox 1109 3634 1180 3680; x_wconf 88' lang='lat' dir='ltr'><strong>esse</strong></span> <span class='ocrx_word' id='word_1_256' title='bbox 1201 3635 1290 3680; x_wconf 86' lang='lat' dir='ltr'><strong>meae</strong></span> <span class='ocrx_word' id='word_1_257' title='bbox 1312 3614 1404 3679; x_wconf 88' lang='lat' dir='ltr'><strong>saluti</strong></span> <span class='ocrx_word' id='word_1_258' title='bbox 1425 3614 1465 3679; x_wconf 88' lang='lat' dir='ltr'><strong>ab</strong></span> <span class='ocrx_word' id='word_1_259' title='bbox 1488 3614 1639 3684; x_wconf 77' lang='lat' dir='ltr'><strong>cousus</strong></span> 
     </span>
     <span class='ocr_line' id='line_1_27' title="bbox 278 3703 1602 3792; baseline -0.002 -18"><span class='ocrx_word' id='word_1_260' title='bbox 278 3708 471 3792; x_wconf 86' lang='lat' dir='ltr'><strong>quotidianis</strong></span> <span class='ocrx_word' id='word_1_261' title='bbox 501 3709 702 3772; x_wconf 85' lang='lat' dir='ltr'><strong>contionibus</strong></span> <span class='ocrx_word' id='word_1_262' title='bbox 723 3706 894 3772; x_wconf 86' lang='lat' dir='ltr'><strong>dicebatur.</strong></span> <span class='ocrx_word' id='word_1_263' title='bbox 937 3703 990 3769; x_wconf 72' lang='lat'><strong>40.</strong></span> <span class='ocrx_word' id='word_1_264' title='bbox 1012 3708 1069 3771; x_wconf 87' lang='lat' dir='ltr'><strong>llis</strong></span> <span class='ocrx_word' id='word_1_265' title='bbox 1090 3727 1125 3771; x_wconf 92' lang='lat' dir='ltr'><strong>se</strong></span> <span class='ocrx_word' id='word_1_266' title='bbox 1146 3709 1247 3772; x_wconf 89' lang='lat' dir='ltr'><strong>tribus</strong></span> <span class='ocrx_word' id='word_1_267' title='bbox 1268 3708 1450 3773; x_wconf 88' lang='lat' dir='ltr'><strong>auctoribus</strong></span> <span class='ocrx_word' id='word_1_268' title='bbox 1472 3709 1505 3771; x_wconf 91' lang='lat' dir='ltr'><strong>in</strong></span> <span class='ocrx_word' id='word_1_269' title='bbox 1526 3727 1602 3772; x_wconf 87' lang='lat' dir='ltr'><strong>con·</strong></span> 
     </span>
     <span class='ocr_line' id='line_1_28' title="bbox 278 3799 1601 3887; baseline 0 -21"><span class='ocrx_word' id='word_1_270' title='bbox 278 3802 358 3869; x_wconf 90' lang='lat' dir='ltr'><strong>siliis</strong></span> <span class='ocrx_word' id='word_1_271' title='bbox 372 3800 546 3887; x_wconf 85' lang='lat' dir='ltr'><strong>capiendis,</strong></span> <span class='ocrx_word' id='word_1_272' title='bbox 567 3799 765 3864; x_wconf 89' lang='lat' dir='ltr'><strong>adiutoribus</strong></span> <span class='ocrx_word' id='word_1_273' title='bbox 786 3800 820 3863; x_wconf 92' lang='lat' dir='ltr'><strong>in</strong></span> <span class='ocrx_word' id='word_1_274' title='bbox 835 3820 870 3862; x_wconf 90' lang='lat' dir='ltr'><strong>re</strong></span> <span class='ocrx_word' id='word_1_275' title='bbox 884 3800 1023 3882; x_wconf 76' lang='lat' dir='ltr'><strong>gerenda</strong></span> <span class='ocrx_word' id='word_1_276' title='bbox 1036 3821 1108 3866; x_wconf 87' lang='lat' dir='ltr'><strong>esse</strong></span> <span class='ocrx_word' id='word_1_277' title='bbox 1123 3823 1254 3867; x_wconf 92' lang='lat' dir='ltr'><strong>usurum</strong></span> <span class='ocrx_word' id='word_1_278' title='bbox 1268 3803 1408 3867; x_wconf 82' lang='lat' dir='ltr'><strong>dicebat:</strong></span> <span class='ocrx_word' id='word_1_279' title='bbox 1430 3822 1472 3866; x_wconf 83' lang='lat' dir='ltr'><strong>ex</strong></span> <span class='ocrx_word' id='word_1_280' title='bbox 1486 3802 1601 3886; x_wconf 85' lang='lat' dir='ltr'><strong>quibus</strong></span> 
     </span>
     <span class='ocr_line' id='line_1_29' title="bbox 277 3893 1602 3980; baseline -0.002 -17"><span class='ocrx_word' id='word_1_281' title='bbox 277 3918 378 3963; x_wconf 85' lang='lat' dir='ltr'><strong>naum</strong></span> <span class='ocrx_word' id='word_1_282' title='bbox 398 3896 514 3961; x_wconf 86' lang='lat' dir='ltr'><strong>babere</strong></span> <span class='ocrx_word' id='word_1_283' title='bbox 534 3894 710 3958; x_wconf 85' lang='lat' dir='ltr'><strong>exercitum</strong></span> <span class='ocrx_word' id='word_1_284' title='bbox 731 3896 764 3958; x_wconf 91' lang='lat' dir='ltr'><strong>in</strong></span> <span class='ocrx_word' id='word_1_285' title='bbox 785 3893 877 3956; x_wconf 86' lang='lat' dir='ltr'><strong>ltalia</strong></span> <span class='ocrx_word' id='word_1_286' title='bbox 896 3895 1086 3971; x_wconf 72' lang='lat' dir='ltr'><strong>maximum</strong></span> <span class='ocrx_word' id='word_1_287' title='bbox 1106 3894 1182 3971; x_wconf 92' lang='lat' dir='ltr'><strong>duo,</strong></span> <span class='ocrx_word' id='word_1_288' title='bbox 1198 3898 1253 3980; x_wconf 93' lang='lat' dir='ltr'><strong>qui</strong></span> <span class='ocrx_word' id='word_1_289' title='bbox 1274 3896 1389 3979; x_wconf 85' lang='lat' dir='ltr'><strong>privati</strong></span> <span class='ocrx_word' id='word_1_290' title='bbox 1403 3904 1470 3960; x_wconf 89' lang='lat' dir='ltr'><strong>tum</strong></span> <span class='ocrx_word' id='word_1_291' title='bbox 1484 3905 1602 3971; x_wconf 77' lang='lat' dir='ltr'><strong>assent,</strong></span> 
     </span>
     <span class='ocr_line' id='line_1_30' title="bbox 279 3987 1601 4079; baseline -0.003 -22"><span class='ocrx_word' id='word_1_292' title='bbox 279 4000 310 4057; x_wconf 90' lang='lat' dir='ltr'><strong>et</strong></span> <span class='ocrx_word' id='word_1_293' title='bbox 334 3998 464 4079; x_wconf 86' lang='lat' dir='ltr'><strong>praesto</strong></span> <span class='ocrx_word' id='word_1_294' title='bbox 486 4007 557 4052; x_wconf 87' lang='lat' dir='ltr'><strong>esse</strong></span> <span class='ocrx_word' id='word_1_295' title='bbox 577 3995 611 4050; x_wconf 90' lang='lat' dir='ltr'><strong>et</strong></span> <span class='ocrx_word' id='word_1_296' title='bbox 631 4007 759 4071; x_wconf 89' lang='lat' dir='ltr'><strong>parare,</strong></span> <span class='ocrx_word' id='word_1_297' title='bbox 788 3988 815 4050; x_wconf 85' lang='lat' dir='ltr'><strong>si</strong></span> <span class='ocrx_word' id='word_1_298' title='bbox 836 3987 973 4062; x_wconf 80' lang='lat' dir='ltr'><strong>vellent,</strong></span> <span class='ocrx_word' id='word_1_299' title='bbox 996 3991 1170 4052; x_wconf 85' lang='lat' dir='ltr'><strong>exercitum</strong></span> <span class='ocrx_word' id='word_1_300' title='bbox 1199 4009 1311 4072; x_wconf 87' lang='lat' dir='ltr'><strong>posse,</strong></span> <span class='ocrx_word' id='word_1_301' title='bbox 1340 3988 1437 4073; x_wconf 89' lang='lat' dir='ltr'><strong>idque</strong></span> <span class='ocrx_word' id='word_1_302' title='bbox 1462 3988 1601 4053; x_wconf 79' lang='lat' dir='ltr'><strong>facturos</strong></span> 
     </span>
     <span class='ocr_line' id='line_1_31' title="bbox 279 4080 1638 4167; baseline -0.001 -17"><span class='ocrx_word' id='word_1_303' title='bbox 279 4105 348 4150; x_wconf 87' lang='lat' dir='ltr'><strong>esse</strong></span> <span class='ocrx_word' id='word_1_304' title='bbox 367 4082 502 4148; x_wconf 81' lang='lat' dir='ltr'><strong>dicebat.</strong></span> <span class='ocrx_word' id='word_1_305' title='bbox 543 4083 610 4144; x_wconf 80' lang='lat' dir='ltr'><strong>Nec</strong></span> <span class='ocrx_word' id='word_1_306' title='bbox 631 4081 707 4144; x_wconf 87' lang='lat' dir='ltr'><strong>mibi</strong></span> <span class='ocrx_word' id='word_1_307' title='bbox 727 4081 783 4143; x_wconf 87' lang='lat' dir='ltr'><strong>ille</strong></span> <span class='ocrx_word' id='word_1_308' title='bbox 804 4080 957 4144; x_wconf 91' lang='lat' dir='ltr'><strong>iudicium</strong></span> <span class='ocrx_word' id='word_1_309' title='bbox 978 4082 1090 4164; x_wconf 91' lang='lat' dir='ltr'><strong>populi</strong></span> <span class='ocrx_word' id='word_1_310' title='bbox 1104 4101 1165 4146; x_wconf 90' lang='lat' dir='ltr'><strong>nec</strong></span> <span class='ocrx_word' id='word_1_311' title='bbox 1185 4083 1356 4166; x_wconf 76' lang='lat' dir='ltr'><strong>legitimam</strong></span> <span class='ocrx_word' id='word_1_312' title='bbox 1370 4083 1510 4167; x_wconf 87' lang='lat' dir='ltr'><strong>aliquam</strong></span> <span class='ocrx_word' id='word_1_313' title='bbox 1524 4102 1638 4149; x_wconf 84' lang='lat' dir='ltr'><strong>con-so</strong></span> 
     </span>
     <span class='ocr_line' id='line_1_32' title="bbox 278 4174 1601 4258; baseline -0.002 -15"><span class='ocrx_word' id='word_1_314' title='bbox 278 4179 453 4244; x_wconf 83' lang='lat' dir='ltr'><strong>tentionem</strong></span> <span class='ocrx_word' id='word_1_315' title='bbox 480 4195 540 4239; x_wconf 85' lang='lat' dir='ltr'><strong>aec</strong></span> <span class='ocrx_word' id='word_1_316' title='bbox 569 4174 832 4258; x_wconf 89' lang='lat' dir='ltr'><strong>disceptationem</strong></span> <span class='ocrx_word' id='word_1_317' title='bbox 859 4180 914 4239; x_wconf 89' lang='lat' dir='ltr'><strong>aut</strong></span> <span class='ocrx_word' id='word_1_318' title='bbox 941 4194 1057 4238; x_wconf 85' lang='lat' dir='ltr'><strong>causae</strong></span> <span class='ocrx_word' id='word_1_319' title='bbox 1087 4176 1275 4251; x_wconf 88' lang='lat' dir='ltr'><strong>dictionem,</strong></span> <span class='ocrx_word' id='word_1_320' title='bbox 1310 4175 1366 4239; x_wconf 85' lang='lat' dir='ltr'><strong>sed</strong></span> <span class='ocrx_word' id='word_1_321' title='bbox 1392 4176 1473 4251; x_wconf 86' lang='lat' dir='ltr'><strong>vim,</strong></span> <span class='ocrx_word' id='word_1_322' title='bbox 1504 4194 1601 4250; x_wconf 77' lang='lat' dir='ltr'><strong>arna,</strong></span> 
     </span>
     <span class='ocr_line' id='line_1_33' title="bbox 279 4267 1602 4352; baseline -0.004 -14"><span class='ocrx_word' id='word_1_323' title='bbox 279 4273 452 4347; x_wconf 86' lang='lat' dir='ltr'><strong>exercitus,</strong></span> <span class='ocrx_word' id='word_1_324' title='bbox 478 4269 703 4352; x_wconf 87' lang='lat' dir='ltr'><strong>imperatores,</strong></span> <span class='ocrx_word' id='word_1_325' title='bbox 732 4275 832 4331; x_wconf 83' lang='lat' dir='ltr'><strong>castra</strong></span> <span class='ocrx_word' id='word_1_326' title='bbox 855 4267 1070 4332; x_wconf 88' lang='lat' dir='ltr'><strong>denuntiabat</strong></span> <span class='ocrx_word' id='word_1_327' title='bbox 1112 4269 1228 4333; x_wconf 83' lang='lat' dir='ltr'><strong>XVIII.</strong></span> <span class='ocrx_word' id='word_1_328' title='bbox 1250 4269 1335 4347; x_wconf 84' lang='lat' dir='ltr'><strong>Quid</strong></span> <span class='ocrx_word' id='word_1_329' title='bbox 1357 4272 1455 4352; x_wconf 79' lang='lat' dir='ltr'><strong>ergot</strong></span> <span class='ocrx_word' id='word_1_330' title='bbox 1480 4270 1602 4333; x_wconf 85' lang='lat' dir='ltr'><strong>inimici</strong></span> 
     </span>
     <span class='ocr_line' id='line_1_34' title="bbox 280 4361 1601 4445; baseline -0.004 -15"><span class='ocrx_word' id='word_1_331' title='bbox 280 4365 399 4439; x_wconf 90' lang='lat' dir='ltr'><strong>oratio,</strong></span> <span class='ocrx_word' id='word_1_332' title='bbox 420 4382 503 4428; x_wconf 86' lang='lat' dir='ltr'><strong>vana</strong></span> <span class='ocrx_word' id='word_1_333' title='bbox 523 4361 726 4445; x_wconf 89' lang='lat' dir='ltr'><strong>praesertim,</strong></span> <span class='ocrx_word' id='word_1_334' title='bbox 748 4368 813 4423; x_wconf 87' lang='lat' dir='ltr'><strong>tam</strong></span> <span class='ocrx_word' id='word_1_335' title='bbox 834 4362 975 4445; x_wconf 91' lang='lat' dir='ltr'><strong>improbe</strong></span> <span class='ocrx_word' id='word_1_336' title='bbox 996 4361 1030 4424; x_wconf 93' lang='lat' dir='ltr'><strong>in</strong></span> <span class='ocrx_word' id='word_1_337' title='bbox 1052 4362 1245 4427; x_wconf 86' lang='lat' dir='ltr'><strong>clarissimos</strong></span> <span class='ocrx_word' id='word_1_338' title='bbox 1262 4364 1348 4426; x_wconf 80' lang='lat' dir='ltr'><strong>viros</strong></span> <span class='ocrx_word' id='word_1_339' title='bbox 1370 4361 1529 4437; x_wconf 87' lang='lat' dir='ltr'><strong>coniecta,</strong></span> <span class='ocrx_word' id='word_1_340' title='bbox 1551 4382 1601 4425; x_wconf 89' lang='lat' dir='ltr'><strong>me</strong></span> 
     </span>
     <span class='ocr_line' id='line_1_35' title="bbox 279 4453 1603 4540; baseline -0.002 -18"><span class='ocrx_word' id='word_1_341' title='bbox 279 4459 401 4524; x_wconf 84' lang='lat' dir='ltr'><strong>moritt</strong></span> <span class='ocrx_word' id='word_1_342' title='bbox 434 4459 486 4522; x_wconf 87' lang='lat' dir='ltr'><strong>blo</strong></span> <span class='ocrx_word' id='word_1_343' title='bbox 507 4475 583 4521; x_wconf 85' lang='lat' dir='ltr'><strong>vero</strong></span> <span class='ocrx_word' id='word_1_344' title='bbox 605 4473 671 4519; x_wconf 90' lang='lat' dir='ltr'><strong>non</strong></span> <span class='ocrx_word' id='word_1_345' title='bbox 692 4454 780 4517; x_wconf 92' lang='lat' dir='ltr'><strong>illins</strong></span> <span class='ocrx_word' id='word_1_346' title='bbox 801 4454 918 4530; x_wconf 91' lang='lat' dir='ltr'><strong>oratio,</strong></span> <span class='ocrx_word' id='word_1_347' title='bbox 940 4453 998 4520; x_wconf 90' lang='lat' dir='ltr'><strong>sed</strong></span> <span class='ocrx_word' id='word_1_348' title='bbox 1020 4475 1131 4521; x_wconf 89' lang='lat' dir='ltr'><strong>eorum</strong></span> <span class='ocrx_word' id='word_1_349' title='bbox 1152 4456 1369 4531; x_wconf 86' lang='lat' dir='ltr'><strong>taciturnitas,</strong></span> <span class='ocrx_word' id='word_1_350' title='bbox 1390 4456 1425 4518; x_wconf 92' lang='lat' dir='ltr'><strong>ln</strong></span> <span class='ocrx_word' id='word_1_351' title='bbox 1446 4475 1528 4540; x_wconf 91' lang='lat' dir='ltr'><strong>quos</strong></span> <span class='ocrx_word' id='word_1_352' title='bbox 1548 4455 1603 4520; x_wconf 89' lang='lat' dir='ltr'><strong>illa</strong></span> 
     </span>
    </p>
   </div>
   <div class='ocr_carea' id='block_1_3' title="bbox 278 4714 1607 5754">
    <p class='ocr_par' dir='ltr' id='par_1_3' title="bbox 278 4714 1607 5754">
     <span class='ocr_line' id='line_1_36' title="bbox 343 4714 1602 4781; baseline -0.002 -13"><span class='ocrx_word' id='word_1_353' title='bbox 343 4716 368 4768; x_wconf 85' lang='grc'><strong>8.</strong></span> <span class='ocrx_word' id='word_1_354' title='bbox 386 4730 475 4769; x_wconf 76' lang='lat' dir='ltr'><strong>como.</strong></span> <span class='ocrx_word' id='word_1_355' title='bbox 497 4715 603 4768; x_wconf 71' lang='lat' dir='ltr'><strong>solutas</strong></span> <span class='ocrx_word' id='word_1_356' title='bbox 624 4718 688 4767; x_wconf 84' lang='lat' dir='ltr'><strong>PG:</strong></span> <span class='ocrx_word' id='word_1_357' title='bbox 714 4716 818 4768; x_wconf 64' lang='lat' dir='ltr'><strong>moion</strong></span> <span class='ocrx_word' id='word_1_358' title='bbox 837 4728 926 4766; x_wconf 79' lang='lat' dir='ltr'><strong>smum.</strong></span> <span class='ocrx_word' id='word_1_359' title='bbox 944 4717 1006 4778; x_wconf 89' lang='lat' dir='ltr'><strong>a0;</strong></span> <span class='ocrx_word' id='word_1_360' title='bbox 1034 4714 1067 4768; x_wconf 88' lang='lat' dir='ltr'><strong>cl.</strong></span> <span class='ocrx_word' id='word_1_361' title='bbox 1085 4715 1176 4769; x_wconf 83' lang='lat' dir='ltr'><strong>Herm.</strong></span> <span class='ocrx_word' id='word_1_362' title='bbox 1194 4728 1221 4781; x_wconf 87' lang='lat' dir='ltr'><strong>p.</strong></span> <span class='ocrx_word' id='word_1_363' title='bbox 1240 4716 1265 4767; x_wconf 90' lang='grc'><strong>8.</strong></span> <span class='ocrx_word' id='word_1_364' title='bbox 1286 4740 1320 4753; x_wconf 88' lang='lat'><strong>·—</strong></span> <span class='ocrx_word' id='word_1_365' title='bbox 1340 4715 1366 4767; x_wconf 94' lang='grc'><strong>8.</strong></span> <span class='ocrx_word' id='word_1_366' title='bbox 1383 4715 1555 4780; x_wconf 62' lang='lat' dir='ltr'><strong>wimar</strong></span> <span class='ocrx_word' id='word_1_367' title='bbox 1573 4743 1602 4755; x_wconf 93' lang='lat'>-</span> 
     </span>
     <span class='ocr_line' id='line_1_37' title="bbox 281 4789 1600 4856; baseline -0.002 -13"><span class='ocrx_word' id='word_1_368' title='bbox 281 4792 321 4844; x_wconf 81' lang='lat' dir='ltr'><strong>to.</strong></span> <span class='ocrx_word' id='word_1_369' title='bbox 338 4791 511 4856; x_wconf 66' lang='lat' dir='ltr'><strong>uppusun</strong></span> <span class='ocrx_word' id='word_1_370' title='bbox 536 4819 563 4831; x_wconf 93' lang='lat'>-</span> <span class='ocrx_word' id='word_1_371' title='bbox 587 4789 1600 4854; x_wconf 54' lang='lat' dir='ltr'><strong>curarumcootao-tt.trotutom1&gt;(ssaddidltm.t.)-</strong></span> 
     </span>
     <span class='ocr_line' id='line_1_38' title="bbox 279 4863 1601 4932; baseline -0.003 -14"><span class='ocrx_word' id='word_1_372' title='bbox 279 4868 320 4918; x_wconf 77' lang='lat' dir='ltr'><strong>ts.</strong></span> <span class='ocrx_word' id='word_1_373' title='bbox 338 4866 443 4932; x_wconf 72' lang='lat' dir='ltr'><strong>iempm</strong></span> <span class='ocrx_word' id='word_1_374' title='bbox 458 4866 487 4919; x_wconf 79' lang='grc' dir='ltr'><strong>Ρι</strong></span> <span class='ocrx_word' id='word_1_375' title='bbox 502 4894 537 4905; x_wconf 92' lang='lat'>-</span> <span class='ocrx_word' id='word_1_376' title='bbox 554 4868 594 4918; x_wconf 81' lang='lat' dir='ltr'><strong>lb.</strong></span> <span class='ocrx_word' id='word_1_377' title='bbox 610 4866 660 4931; x_wconf 74' lang='lat' dir='ltr'><strong>[uit</strong></span> <span class='ocrx_word' id='word_1_378' title='bbox 676 4870 764 4918; x_wconf 79' lang='lat' dir='ltr'><strong>omi}</strong></span> <span class='ocrx_word' id='word_1_379' title='bbox 781 4893 809 4903; x_wconf 90' lang='lat'>-</span> <span class='ocrx_word' id='word_1_380' title='bbox 829 4867 869 4918; x_wconf 78' lang='lat' dir='ltr'><strong>tl.</strong></span> <span class='ocrx_word' id='word_1_381' title='bbox 888 4867 982 4932; x_wconf 73' lang='lat' dir='ltr'><strong>optioni</strong></span> <span class='ocrx_word' id='word_1_382' title='bbox 999 4869 1020 4917; x_wconf 86' lang='lat' dir='ltr'>G</span> <span class='ocrx_word' id='word_1_383' title='bbox 1036 4894 1064 4904; x_wconf 93' lang='lat'>-</span> <span class='ocrx_word' id='word_1_384' title='bbox 1082 4881 1133 4917; x_wconf 77' lang='lat' dir='ltr'><strong>uos</strong></span> <span class='ocrx_word' id='word_1_385' title='bbox 1147 4866 1434 4918; x_wconf 51' lang='lat' dir='ltr'><strong>oman-maereret</strong></span> <span class='ocrx_word' id='word_1_386' title='bbox 1449 4863 1601 4915; x_wconf 75' lang='lat' dir='ltr'><strong>urbsca-</strong></span> 
     </span>
     <span class='ocr_line' id='line_1_39' title="bbox 280 4940 1603 5009; baseline -0.001 -18"><span class='ocrx_word' id='word_1_387' title='bbox 280 4940 320 4992; x_wconf 74' lang='grc'><strong>18.</strong></span> <span class='ocrx_word' id='word_1_388' title='bbox 337 4941 466 5004; x_wconf 68' lang='grc' dir='ltr'><strong>αφυὶεαω</strong></span> <span class='ocrx_word' id='word_1_389' title='bbox 481 4942 573 4994; x_wconf 78' lang='lat' dir='ltr'>APG:</span> <span class='ocrx_word' id='word_1_390' title='bbox 591 4942 718 5005; x_wconf 82' lang='lat' dir='ltr'><strong>repulsam</strong></span> <span class='ocrx_word' id='word_1_391' title='bbox 734 4944 793 5004; x_wconf 86' lang='lat' dir='ltr'><strong>a0;</strong></span> <span class='ocrx_word' id='word_1_392' title='bbox 815 4943 848 4993; x_wconf 87' lang='lat' dir='ltr'><strong>cl.</strong></span> <span class='ocrx_word' id='word_1_393' title='bbox 867 4942 899 5009; x_wconf 67' lang='lat'><strong>§3</strong></span> <span class='ocrx_word' id='word_1_394' title='bbox 916 4943 958 4994; x_wconf 77' lang='lat' dir='ltr'><strong>ta.</strong></span> <span class='ocrx_word' id='word_1_395' title='bbox 975 4943 1017 4993; x_wconf 75' lang='lat'><strong>79.</strong></span> <span class='ocrx_word' id='word_1_396' title='bbox 1035 4943 1076 4994; x_wconf 80' lang='grc'><strong>98.</strong></span> <span class='ocrx_word' id='word_1_397' title='bbox 1097 4968 1124 4978; x_wconf 93' lang='grc'><strong>-</strong></span> <span class='ocrx_word' id='word_1_398' title='bbox 1145 4941 1333 5005; x_wconf 70' lang='lat' dir='ltr'><strong>deprehenderet</strong></span> <span class='ocrx_word' id='word_1_399' title='bbox 1349 4945 1394 4992; x_wconf 82' lang='lat' dir='ltr'><strong>out</strong></span> <span class='ocrx_word' id='word_1_400' title='bbox 1407 4941 1603 5004; x_wconf 71' lang='lat' dir='ltr'><strong>proditomd</strong></span> 
     </span>
     <span class='ocr_line' id='line_1_40' title="bbox 279 5016 1602 5080; baseline 0.003 -15"><span class='ocrx_word' id='word_1_401' title='bbox 279 5016 370 5066; x_wconf 83' lang='grc'><strong>-49,</strong></span> <span class='ocrx_word' id='word_1_402' title='bbox 387 5016 497 5080; x_wconf 75' lang='lat' dir='ltr'><strong>oclpoi.</strong></span> <span class='ocrx_word' id='word_1_403' title='bbox 515 5018 580 5068; x_wconf 79' lang='lat' dir='ltr'><strong>dom.</strong></span> <span class='ocrx_word' id='word_1_404' title='bbox 597 5017 775 5069; x_wconf 70' lang='lat' dir='ltr'><strong>initimum.</strong></span> <span class='ocrx_word' id='word_1_405' title='bbox 794 5020 814 5069; x_wconf 76' lang='lat' dir='ltr'>A</span> <span class='ocrx_word' id='word_1_406' title='bbox 833 5043 861 5054; x_wconf 86' lang='lat'><em>—</em></span> <span class='ocrx_word' id='word_1_407' title='bbox 883 5024 989 5069; x_wconf 81' lang='lat' dir='ltr'><strong>mortam</strong></span> <span class='ocrx_word' id='word_1_408' title='bbox 1010 5018 1182 5073; x_wconf 70' lang='lat' dir='ltr'><strong>deideratlz</strong></span> <span class='ocrx_word' id='word_1_409' title='bbox 1203 5022 1378 5068; x_wconf 69' lang='lat' dir='ltr'><strong>ammom.</strong></span> <span class='ocrx_word' id='word_1_410' title='bbox 1397 5017 1602 5076; x_wconf 75' lang='lat' dir='ltr'><strong>o3moorot1²13</strong></span> 
     </span>
     <span class='ocr_line' id='line_1_41' title="bbox 278 5086 1604 5157; baseline -0.002 -15"><span class='ocrx_word' id='word_1_411' title='bbox 278 5095 358 5143; x_wconf 75' lang='lat' dir='ltr'><strong>morte</strong></span> <span class='ocrx_word' id='word_1_412' title='bbox 372 5095 494 5143; x_wconf 65' lang='lat' dir='ltr'><strong>moneret</strong></span> <span class='ocrx_word' id='word_1_413' title='bbox 509 5093 529 5143; x_wconf 88' lang='lat' dir='ltr'><strong>P</strong></span> <span class='ocrx_word' id='word_1_414' title='bbox 546 5103 616 5141; x_wconf 92' lang='lat' dir='ltr'><strong>corr.</strong></span> <span class='ocrx_word' id='word_1_415' title='bbox 635 5103 672 5141; x_wconf 90' lang='lat' dir='ltr'><strong>m.</strong></span> <span class='ocrx_word' id='word_1_416' title='bbox 689 5091 719 5150; x_wconf 83' lang='grc'><strong>8;</strong></span> <span class='ocrx_word' id='word_1_417' title='bbox 742 5092 841 5142; x_wconf 73' lang='lat' dir='ltr'><strong>eosdm</strong></span> <span class='ocrx_word' id='word_1_418' title='bbox 859 5097 983 5143; x_wconf 74' lang='lat' dir='ltr'><strong>mweret</strong></span> <span class='ocrx_word' id='word_1_419' title='bbox 1000 5091 1060 5144; x_wconf 92' lang='lat' dir='ltr'><strong>cod.</strong></span> <span class='ocrx_word' id='word_1_420' title='bbox 1079 5091 1139 5143; x_wconf 87' lang='lat' dir='ltr'><strong>Cor.</strong></span> <span class='ocrx_word' id='word_1_421' title='bbox 1158 5091 1299 5157; x_wconf 86' lang='lat' dir='ltr'><strong>Stephani,</strong></span> <span class='ocrx_word' id='word_1_422' title='bbox 1321 5104 1390 5156; x_wconf 61' lang='lat' dir='ltr'><strong>mae</strong></span> <span class='ocrx_word' id='word_1_423' title='bbox 1408 5088 1488 5140; x_wconf 87' lang='lat' dir='ltr'><strong>lectio</strong></span> <span class='ocrx_word' id='word_1_424' title='bbox 1505 5086 1604 5140; x_wconf 78' lang='lat' dir='ltr'><strong>Klotzio</strong></span> 
     </span>
     <span class='ocr_line' id='line_1_42' title="bbox 279 5163 1604 5233; baseline -0.002 -17"><span class='ocrx_word' id='word_1_425' title='bbox 279 5178 306 5231; x_wconf 89' lang='lat' dir='ltr'><strong>p.</strong></span> <span class='ocrx_word' id='word_1_426' title='bbox 324 5164 369 5216; x_wconf 88' lang='lat' dir='ltr'><strong>vu</strong></span> <span class='ocrx_word' id='word_1_427' title='bbox 386 5166 466 5218; x_wconf 85' lang='lat' dir='ltr'><strong>etiem</strong></span> <span class='ocrx_word' id='word_1_428' title='bbox 487 5164 631 5217; x_wconf 84' lang='lat' dir='ltr'><strong>tumendo</strong></span> <span class='ocrx_word' id='word_1_429' title='bbox 649 5164 708 5216; x_wconf 90' lang='lat' dir='ltr'><strong>cod.</strong></span> <span class='ocrx_word' id='word_1_430' title='bbox 726 5168 749 5217; x_wconf 80' lang='grc' dir='ltr'><strong>Α</strong></span> <span class='ocrx_word' id='word_1_431' title='bbox 765 5165 870 5217; x_wconf 86' lang='lat' dir='ltr'><strong>videtur</strong></span> <span class='ocrx_word' id='word_1_432' title='bbox 891 5164 989 5226; x_wconf 72' lang='lat' dir='ltr'><strong>latere,</strong></span> <span class='ocrx_word' id='word_1_433' title='bbox 1010 5166 1106 5217; x_wconf 71' lang='lat' dir='ltr'><strong>cloden</strong></span> <span class='ocrx_word' id='word_1_434' title='bbox 1126 5171 1249 5218; x_wconf 71' lang='lat' dir='ltr'><strong>meret</strong></span> <span class='ocrx_word' id='word_1_435' title='bbox 1268 5178 1342 5232; x_wconf 88' lang='lat' dir='ltr'><strong>susp.</strong></span> <span class='ocrx_word' id='word_1_436' title='bbox 1360 5163 1491 5233; x_wconf 77' lang='lat' dir='ltr'><strong>Koecb1y3</strong></span> <span class='ocrx_word' id='word_1_437' title='bbox 1513 5165 1604 5221; x_wconf 73' lang='lat' dir='ltr'><strong>centn</strong></span> 
     </span>
     <span class='ocr_line' id='line_1_43' title="bbox 279 5239 1601 5308; baseline -0.002 -16"><span class='ocrx_word' id='word_1_438' title='bbox 279 5240 426 5305; x_wconf 63' lang='lat' dir='ltr'><strong>sorbemus</strong></span> <span class='ocrx_word' id='word_1_439' title='bbox 441 5255 467 5308; x_wconf 94' lang='lat' dir='ltr'><strong>p.</strong></span> <span class='ocrx_word' id='word_1_440' title='bbox 481 5241 513 5291; x_wconf 80' lang='lat'><strong>59</strong></span> <span class='ocrx_word' id='word_1_441' title='bbox 529 5240 608 5291; x_wconf 67' lang='lat' dir='ltr'><strong>ueros</strong></span> <span class='ocrx_word' id='word_1_442' title='bbox 623 5242 685 5304; x_wconf 93' lang='lat' dir='ltr'><strong>post</strong></span> <span class='ocrx_word' id='word_1_443' title='bbox 700 5240 793 5291; x_wconf 61' lang='lat' dir='ltr'><strong>mium</strong></span> <span class='ocrx_word' id='word_1_444' title='bbox 807 5239 921 5306; x_wconf 89' lang='lat' dir='ltr'><strong>supplet.</strong></span> <span class='ocrx_word' id='word_1_445' title='bbox 933 5268 968 5278; x_wconf 89' lang='lat'>-</span> <span class='ocrx_word' id='word_1_446' title='bbox 983 5241 1024 5293; x_wconf 83' lang='grc'><strong>84.</strong></span> <span class='ocrx_word' id='word_1_447' title='bbox 1042 5255 1125 5292; x_wconf 79' lang='lat' dir='ltr'><strong>meam</strong></span> <span class='ocrx_word' id='word_1_448' title='bbox 1140 5254 1195 5292; x_wconf 91' lang='lat' dir='ltr'><strong>om.</strong></span> <span class='ocrx_word' id='word_1_449' title='bbox 1208 5243 1230 5292; x_wconf 85' lang='lat' dir='ltr'><strong>G</strong></span> <span class='ocrx_word' id='word_1_450' title='bbox 1242 5264 1271 5277; x_wconf 93' lang='lat'>-</span> <span class='ocrx_word' id='word_1_451' title='bbox 1289 5241 1331 5291; x_wconf 92' lang='grc'><strong>88.</strong></span> <span class='ocrx_word' id='word_1_452' title='bbox 1349 5241 1507 5291; x_wconf 57' lang='lat' dir='ltr'><strong>undivomo</strong></span> <span class='ocrx_word' id='word_1_453' title='bbox 1517 5239 1601 5290; x_wconf 81' lang='lat' dir='ltr'><strong>PG-</strong></span> 
     </span>
     <span class='ocr_line' id='line_1_44' title="bbox 279 5311 1605 5379; baseline -0.004 -12"><span class='ocrx_word' id='word_1_454' title='bbox 279 5319 601 5368; x_wconf 74' lang='lat' dir='ltr'><strong>orrsoeormt1&gt;20racr</strong></span> <span class='ocrx_word' id='word_1_455' title='bbox 625 5317 774 5367; x_wconf 77' lang='lat' dir='ltr'><strong>onmcsGO</strong></span> <span class='ocrx_word' id='word_1_456' title='bbox 793 5342 821 5354; x_wconf 92' lang='lat'>-</span> <span class='ocrx_word' id='word_1_457' title='bbox 845 5315 1056 5379; x_wconf 66' lang='lat' dir='ltr'><strong>bdpoatcd-</strong></span> <span class='ocrx_word' id='word_1_458' title='bbox 1082 5315 1123 5368; x_wconf 71' lang='grc'><strong>84.</strong></span> <span class='ocrx_word' id='word_1_459' title='bbox 1142 5315 1169 5368; x_wconf 82' lang='lat' dir='ltr'><strong>C.</strong></span> <span class='ocrx_word' id='word_1_460' title='bbox 1188 5311 1605 5367; x_wconf 71' lang='lat' dir='ltr'><strong>cmm--dtosortsrhabeia</strong></span> 
     </span>
     <span class='ocr_line' id='line_1_45' title="bbox 280 5385 1606 5453; baseline -0.003 -14"><span class='ocrx_word' id='word_1_461' title='bbox 280 5401 334 5440; x_wconf 90' lang='lat' dir='ltr'><strong>om.</strong></span> <span class='ocrx_word' id='word_1_462' title='bbox 352 5388 442 5441; x_wconf 83' lang='lat' dir='ltr'><strong>verbis</strong></span> <span class='ocrx_word' id='word_1_463' title='bbox 459 5390 610 5453; x_wconf 78' lang='lat' dir='ltr'><strong>quotidianis</strong></span> <span class='ocrx_word' id='word_1_464' title='bbox 624 5390 786 5441; x_wconf 67' lang='lat' dir='ltr'><strong>redimibat.</strong></span> <span class='ocrx_word' id='word_1_465' title='bbox 808 5416 833 5431; x_wconf 91' lang='lat'>-</span> <span class='ocrx_word' id='word_1_466' title='bbox 854 5391 896 5443; x_wconf 83' lang='grc'><strong>88.</strong></span> <span class='ocrx_word' id='word_1_467' title='bbox 914 5390 1046 5441; x_wconf 72' lang='lat' dir='ltr'><strong>cotidianis</strong></span> <span class='ocrx_word' id='word_1_468' title='bbox 1061 5393 1111 5442; x_wconf 88' lang='lat' dir='ltr'><strong>PG</strong></span> <span class='ocrx_word' id='word_1_469' title='bbox 1124 5417 1152 5426; x_wconf 91' lang='lat'>-</span> <span class='ocrx_word' id='word_1_470' title='bbox 1169 5388 1327 5441; x_wconf 70' lang='grc' dir='ltr'><strong>σοηοίοιιῶω</strong></span> <span class='ocrx_word' id='word_1_471' title='bbox 1341 5389 1362 5439; x_wconf 92' lang='grc'>0</span> <span class='ocrx_word' id='word_1_472' title='bbox 1376 5416 1404 5426; x_wconf 92' lang='grc'><strong>-</strong></span> <span class='ocrx_word' id='word_1_473' title='bbox 1422 5387 1463 5440; x_wconf 87' lang='grc'><strong>88.</strong></span> <span class='ocrx_word' id='word_1_474' title='bbox 1480 5385 1570 5437; x_wconf 66' lang='lat' dir='ltr'><strong>ium</strong></span> <span class='ocrx_word' id='word_1_475' title='bbox 1582 5389 1606 5435; x_wconf 80' lang='lat' dir='ltr'><strong>ot</strong></span> 
     </span>
     <span class='ocr_line' id='line_1_46' title="bbox 279 5457 1607 5529; baseline -0.005 -13"><span class='ocrx_word' id='word_1_476' title='bbox 279 5464 492 5516; x_wconf 66' lang='lat' dir='ltr'><strong>mumr-</strong></span> <span class='ocrx_word' id='word_1_477' title='bbox 507 5465 741 5516; x_wconf 69' lang='lat' dir='ltr'><strong>maculantur</strong></span> <span class='ocrx_word' id='word_1_478' title='bbox 759 5491 786 5501; x_wconf 95' lang='lat'>-</span> <span class='ocrx_word' id='word_1_479' title='bbox 804 5470 858 5516; x_wconf 82' lang='lat' dir='ltr'><strong>tum</strong></span> <span class='ocrx_word' id='word_1_480' title='bbox 875 5467 896 5516; x_wconf 79' lang='lat' dir='ltr'><strong>G</strong></span> <span class='ocrx_word' id='word_1_481' title='bbox 913 5466 1150 5517; x_wconf 78' lang='lat' dir='ltr'><strong>eorr.e1oim.-</strong></span> <span class='ocrx_word' id='word_1_482' title='bbox 1167 5464 1210 5517; x_wconf 83' lang='grc'><strong>89.</strong></span> <span class='ocrx_word' id='word_1_483' title='bbox 1223 5461 1512 5529; x_wconf 55' lang='lat' dir='ltr'><strong>mmmmm.</strong></span> <span class='ocrx_word' id='word_1_484' title='bbox 1525 5457 1607 5511; x_wconf 78' lang='lat' dir='ltr'><strong>woll-</strong></span> 
     </span>
     <span class='ocr_line' id='line_1_47' title="bbox 280 5536 1607 5604; baseline -0.002 -15"><span class='ocrx_word' id='word_1_485' title='bbox 280 5537 345 5591; x_wconf 79' lang='lat' dir='ltr'><strong>nus:</strong></span> <span class='ocrx_word' id='word_1_486' title='bbox 359 5551 477 5602; x_wconf 71' lang='lat' dir='ltr'><strong>prusam</strong></span> <span class='ocrx_word' id='word_1_487' title='bbox 492 5539 588 5600; x_wconf 88' lang='lat' dir='ltr'><strong>codd.;</strong></span> <span class='ocrx_word' id='word_1_488' title='bbox 604 5540 644 5590; x_wconf 81' lang='lat' dir='ltr'><strong>roi</strong></span> <span class='ocrx_word' id='word_1_489' title='bbox 655 5538 726 5603; x_wconf 83' lang='lat' dir='ltr'><strong>publ.</strong></span> <span class='ocrx_word' id='word_1_490' title='bbox 739 5551 855 5603; x_wconf 70' lang='lat' dir='ltr'><strong>praem</strong></span> <span class='ocrx_word' id='word_1_491' title='bbox 871 5539 939 5591; x_wconf 86' lang='lat' dir='ltr'><strong>coni.</strong></span> <span class='ocrx_word' id='word_1_492' title='bbox 953 5537 1031 5590; x_wconf 86' lang='lat' dir='ltr'><strong>Orelli</strong></span> <span class='ocrx_word' id='word_1_493' title='bbox 1049 5539 1090 5604; x_wconf 83' lang='lat' dir='ltr'><strong>(cl.</strong></span> <span class='ocrx_word' id='word_1_494' title='bbox 1103 5537 1190 5591; x_wconf 72' lang='lat' dir='ltr'><strong>Madv.</strong></span> <span class='ocrx_word' id='word_1_495' title='bbox 1208 5552 1235 5604; x_wconf 93' lang='lat' dir='ltr'><strong>p.</strong></span> <span class='ocrx_word' id='word_1_496' title='bbox 1248 5537 1297 5591; x_wconf 79' lang='lat' dir='ltr'><strong>lna</strong></span> <span class='ocrx_word' id='word_1_497' title='bbox 1308 5537 1388 5601; x_wconf 83' lang='lat' dir='ltr'><strong>not.);</strong></span> <span class='ocrx_word' id='word_1_498' title='bbox 1405 5536 1479 5589; x_wconf 75' lang='lat' dir='ltr'><strong>rebus</strong></span> <span class='ocrx_word' id='word_1_499' title='bbox 1490 5544 1607 5600; x_wconf 69' lang='lat' dir='ltr'><strong>praem</strong></span> 
     </span>
     <span class='ocr_line' id='line_1_48' title="bbox 279 5608 1607 5679; baseline -0.002 -17"><span class='ocrx_word' id='word_1_500' title='bbox 279 5611 370 5664; x_wconf 85' lang='lat' dir='ltr'><strong>iacob.</strong></span> <span class='ocrx_word' id='word_1_501' title='bbox 387 5625 415 5679; x_wconf 91' lang='lat' dir='ltr'><strong>p.</strong></span> <span class='ocrx_word' id='word_1_502' title='bbox 432 5614 494 5675; x_wconf 73' lang='lat'><strong>5023</strong></span> <span class='ocrx_word' id='word_1_503' title='bbox 512 5618 536 5666; x_wconf 74' lang='lat' dir='ltr'><strong>et</strong></span> <span class='ocrx_word' id='word_1_504' title='bbox 548 5626 663 5676; x_wconf 66' lang='lat' dir='ltr'><strong>motura</strong></span> <span class='ocrx_word' id='word_1_505' title='bbox 678 5613 833 5666; x_wconf 86' lang='lat' dir='ltr'><strong>Sobueizius</strong></span> <span class='ocrx_word' id='word_1_506' title='bbox 849 5626 883 5664; x_wconf 83' lang='lat' dir='ltr'><strong>ex</strong></span> <span class='ocrx_word' id='word_1_507' title='bbox 893 5615 955 5664; x_wconf 83' lang='lat' dir='ltr'><strong>Ern.</strong></span> <span class='ocrx_word' id='word_1_508' title='bbox 969 5613 1037 5664; x_wconf 89' lang='lat' dir='ltr'><strong>coni.</strong></span> <span class='ocrx_word' id='word_1_509' title='bbox 1051 5612 1157 5665; x_wconf 86' lang='lat' dir='ltr'><strong>delevit.</strong></span> <span class='ocrx_word' id='word_1_510' title='bbox 1183 5611 1324 5665; x_wconf 82' lang='lat' dir='ltr'><strong>Librorum</strong></span> <span class='ocrx_word' id='word_1_511' title='bbox 1340 5612 1498 5678; x_wconf 86' lang='lat' dir='ltr'><strong>scripturam</strong></span> <span class='ocrx_word' id='word_1_512' title='bbox 1514 5608 1607 5660; x_wconf 86' lang='lat' dir='ltr'><strong>deleu-</strong></span> 
     </span>
     <span class='ocr_line' id='line_1_49' title="bbox 281 5684 1606 5754; baseline -0.002 -17"><span class='ocrx_word' id='word_1_513' title='bbox 281 5684 320 5737; x_wconf 89' lang='lat' dir='ltr'><strong>dit</strong></span> <span class='ocrx_word' id='word_1_514' title='bbox 335 5686 406 5739; x_wconf 77' lang='lat' dir='ltr'><strong>uano</strong></span> <span class='ocrx_word' id='word_1_515' title='bbox 422 5701 450 5752; x_wconf 91' lang='lat' dir='ltr'><strong>p.</strong></span> <span class='ocrx_word' id='word_1_516' title='bbox 468 5687 509 5744; x_wconf 77' lang='lat' dir='ltr'><strong>il.</strong></span> <span class='ocrx_word' id='word_1_517' title='bbox 530 5716 556 5728; x_wconf 91' lang='lat'><em>-</em></span> <span class='ocrx_word' id='word_1_518' title='bbox 571 5703 666 5753; x_wconf 80' lang='lat' dir='ltr'><strong>parcre</strong></span> <span class='ocrx_word' id='word_1_519' title='bbox 681 5692 751 5743; x_wconf 83' lang='lat' dir='ltr'><strong>P¹G¹</strong></span> <span class='ocrx_word' id='word_1_520' title='bbox 766 5703 885 5754; x_wconf 75' lang='lat' dir='ltr'><strong>—posse</strong></span> <span class='ocrx_word' id='word_1_521' title='bbox 900 5702 954 5741; x_wconf 90' lang='lat' dir='ltr'><strong>om.</strong></span> <span class='ocrx_word' id='word_1_522' title='bbox 973 5691 995 5740; x_wconf 86' lang='lat' dir='ltr'><strong>G</strong></span> <span class='ocrx_word' id='word_1_523' title='bbox 1013 5717 1040 5728; x_wconf 96' lang='lat'>-</span> <span class='ocrx_word' id='word_1_524' title='bbox 1059 5688 1100 5740; x_wconf 80' lang='grc'><strong>88.</strong></span> <span class='ocrx_word' id='word_1_525' title='bbox 1119 5687 1361 5754; x_wconf 51' lang='grc'><strong>0188888901.-</strong></span> <span class='ocrx_word' id='word_1_526' title='bbox 1386 5685 1428 5743; x_wconf 75' lang='grc'><strong>38.</strong></span> <span class='ocrx_word' id='word_1_527' title='bbox 1445 5697 1606 5737; x_wconf 70' lang='lat' dir='ltr'><strong>moero--</strong></span> 
     </span>
    </p>
   </div>
   <div class='ocr_carea' id='block_1_4' title="bbox 279 5765 1603 5954">
    <p class='ocr_par' dir='ltr' id='par_1_4' title="bbox 279 5765 1603 5954">
     <span class='ocr_line' id='line_1_50' title="bbox 280 5765 1603 5877; baseline -0.005 -15"><span class='ocrx_word' id='word_1_528' title='bbox 280 5809 454 5877; x_wconf 52' lang='lat' dir='ltr'><strong>maestae</strong></span> <span class='ocrx_word' id='word_1_529' title='bbox 469 5765 1603 5876; x_wconf 53' lang='lat' dir='ltr'><strong>habeta-mommo.divideturdvelderasumsssel-soatiitmlt’d:</strong></span> 
     </span>
     <span class='ocr_line' id='line_1_51' title="bbox 279 5880 1600 5954; baseline -0.008 -10"><span class='ocrx_word' id='word_1_530' title='bbox 279 5885 810 5951; x_wconf 67' lang='lat' dir='ltr'><strong>mmiiiusl‘oorr.m.2et0;</strong></span> <span class='ocrx_word' id='word_1_531' title='bbox 833 5886 927 5943; x_wconf 79' lang='lat' dir='ltr'><strong>bamb.</strong></span> <span class='ocrx_word' id='word_1_532' title='bbox 945 5880 1600 5954; x_wconf 61' lang='lat' dir='ltr'><strong>studiosissimum-md:</strong></span> 
     </span>
    </p>
   </div>
   <div class='ocr_carea' id='block_1_5' title="bbox 0 0 1908 7348">
    <p class='ocr_par' dir='ltr' id='par_1_5' title="bbox 0 0 1908 7348">
     <span class='ocr_line' id='line_1_52' title="bbox 0 0 1908 7348; baseline 0 0"><span class='ocrx_word' id='word_1_533' title='bbox 0 0 1908 7348; x_wconf 95' lang='lat' dir='ltr'><strong> </strong></span> 
     </span>
    </p>
   </div>
  </div>
 </body>
</html>
