3800 7350
311 1176 374 1243 852
598 1179 749 1246 ORATIO
773 1179 856 1246 CUM
876 1178 1034 1245 POPULO
1057 1178 1229 1244 GRATIAS
1250 1178 1346 1243 EGIT

312 1368 423 1413 omnes
444 1358 585 1414 mortuos
607 1351 791 1413 amandatus
812 1357 906 1412 esset.
949 1350 988 1411 V.
1004 1342 1054 1411 ii.
1070 1352 1249 1431 Numquam
1264 1346 1303 1411 de
1318 1348 1353 1411 P.
1370 1345 1493 1430 Popilio
1506 1346 1541 1407 L.
1557 1343 1635 1427 Opi·

311 1443 409 1518 mius,
429 1442 621 1509 fortissimus
643 1444 769 1517 consul,
791 1444 1024 1527 numquam'de
1048 1443 1086 1519 Q.
1108 1442 1238 1507 Metello
1259 1462 1324 1505 non
1346 1439 1440 1503 modo
1455 1439 1490 1503 C.
1505 1438 1635 1511 Marius,

312 1535 367 1619 qui
389 1544 458 1600 erat
478 1537 642 1612 inimicus,
664 1537 722 1601 sed
743 1556 783 1599 ne
798 1538 826 1600 is
840 1536 979 1621 quidem,
1002 1536 1059 1619 qui
1074 1543 1201 1599 secutus
1216 1543 1273 1608 est,
1294 1537 1335 1599 Μ.
1350 1533 1517 1606 Antonius,
1537 1532 1635 1596 homo

310 1629 607 1714 eloquentissimus,
630 1652 702 1695 cum
724 1632 761 1693 A.
775 1630 892 1693 Albino
916 1629 1037 1712 collega
1060 1636 1204 1693 senatum
1220 1636 1275 1691 aut
1295 1628 1446 1712 populum
1461 1634 1511 1690 est
1523 1625 1636 1689 cohor-

287 1730 404 1785 sutus.
434 1725 474 1786 444
495 1745 553 1807 pro
576 1744 625 1789 me
647 1725 828 1808 superiores
845 1722 993 1787 consules
1007 1741 1141 1806 semper,
1163 1730 1199 1785 ut
1212 1721 1375 1796 referrent,
1396 1721 1526 1804 flagitati
1540 1726 1634 1793 sunt;

311 1816 366 1879 sed
387 1818 481 1881 veriti
503 1825 594 1893 sunl,
614 1838 654 1882 ne
676 1818 796 1901 gratiae
818 1837 914 1880 causa
935 1815 1039 1880 iacere
1056 1814 1256 1892 riderentur,
1279 1816 1365 1900 quod
1380 1816 1460 1879 alter
1474 1813 1553 1877 mihi
1568 1808 1637 1899 aisq-

309 1910 360 1974 nis
382 1919 466 1987 erat,
492 1911 632 2004 alterius·
646 1932 774 1976 causam
797 1911 909 1994 capitis
939 1929 1137 1993 receperam:
1166 1910 1223 1993 qui
1251 1910 1484 1993 provinciarum
1506 1906 1636 1972 foedere

309 2004 424 2068 irretiti
453 2013 553 2069 totum
575 2004 664 2069 illum
686 2025 804 2070 annum
826 2003 986 2087 querellas
1008 2010 1153 2079 senatus,
1181 2004 1299 2066 lucium
1319 2003 1496 2077 bonorum,
1524 2000 1635 2064 ltaliae

309 2099 461 2181 gemitum
488 2097 694 2183 pertulerunt.
732 2097 884 2161 Kalendis
905 2117 980 2161 reru
1005 2098 1160 2161 Ianuariis
1181 2104 1387 2181 posteaquam
1409 2095 1486 2159 orba
1505 2114 1557 2159 res
1576 2115 1636 2178 pu·

271 2189 393 2255 iiblica
419 2192 560 2255 consulis
587 2188 682 2256 fidem
711 2199 872 2275 tamquam
899 2190 1034 2273 legitimi
1065 2191 1178 2254 tutoris
1199 2190 1396 2274 imploravit,
1424 2190 1458 2259 P,
1480 2188 1635 2254 Lentulus

310 2284 439 2359 consul,
460 2304 593 2367 parens,
616 2285 704 2361 deus,
727 2285 812 2349 salus
832 2292 960 2347 nostrae
982 2284 1081 2357 ritae,
1102 2282 1263 2359 fortunae,
1285 2284 1466 2358 memoriae,
1486 2282 1634 2354 nominis,

310 2378 442 2441 simulac
464 2378 503 2441 de
525 2379 671 2444 sollemni
693 2379 848 2460 religione
870 2377 1011 2452 rettulit,
1033 2377 1112 2439 nihil
1128 2376 1336 2440 humanarum
1351 2397 1454 2440 rerum
1469 2375 1529 2439 sibi
1543 2375 1634 2458 prius

309 2490 405 2555 quam
435 2471 474 2536 de
503 2493 553 2535 me
582 2473 740 2555 egendum
762 2470 923 2535 iudicarit.
968 2464 1019 2532 ii.
1040 2472 1146 2553 Atque
1167 2492 1205 2533 eo
1228 2470 1280 2532 die
1303 2469 1446 2533 coniecta
1467 2490 1517 2534 res
1539 2479 1634 2544 esset,

310 2565 372 2628 nisi
393 2567 421 2629 is
442 2566 588 2630 tribunus
609 2566 664 2650 pl,
686 2586 782 2650 quem
803 2584 862 2645 ego
884 2564 1029 2627 maximis
1051 2560 1213 2626 benefieiis
1235 2572 1435 2646 quaestorem
1455 2563 1566 2627 consul
1582 2582 1634 2625 or-

272 2666 434 2734 dinaram,
462 2680 533 2723 cum
563 2670 595 2723 et
622 2669 753 2723 cunctus
775 2658 853 2724 ordo
876 2656 1021 2721 etmulti
1044 2678 1116 2720 eum
1139 2658 1252 2722 summi
1274 2658 1332 2721 viri
1354 2665 1504 2732 orarent,
1525 2664 1557 2719 et
1578 2656 1634 2719 Cn.

310 2750 433 2835 Oppius
455 2772 562 2829 socer,
585 2755 724 2836 optimus
745 2751 808 2826 vir,
829 2752 869 2815 ad
892 2750 990 2833 pedes
1021 2752 1100 2814 ssens
1131 2752 1264 2826 iaceret,
1292 2757 1417 2814 noctem
1439 2750 1499 2813 sibi
1520 2748 1560 2812 ad
1579 2749 1636 2811 de-

309 2845 507 2910 liberandum
528 2846 736 2930 postulasset:
759 2864 841 2930 quae
864 2843 1049 2907 deliberatio
1071 2865 1137 2908 non
1159 2845 1192 2907 in
1209 2844 1380 2919 reddenda,
1401 2842 1552 2928 quemad
1568 2864 1635 2907 mo·

309 2937 385 3003 dum
407 2940 553 3003 nonnulli
574 2939 822 3013 arbitrabantur,
845 2939 918 3014 sed,
940 2948 977 3003 ut
994 2938 1183 3023 patefactum
1199 2947 1260 3014 est,
1283 2940 1316 3003 in
1330 2939 1476 3021 augenda
1489 2937 1635 3002 mercede

308 3039 493 3118 consumpta
516 3040 574 3096 est.
606 3033 719 3104 Postea
740 3053 791 3095 res
813 3039 882 3096 acta
903 3033 1008 3096 estin
1029 3040 1142 3096 senatu
1163 3032 1225 3096 alia
1246 3032 1353 3096 nulla:
1376 3052 1448 3096 cum
1469 3032 1564 3098 variis
1584 3052 1635 3096 ra·

270 3124 448 3189 notionibus
470 3124 697 3210 impediretur,
727 3126 890 3189 voluntate
912 3133 1017 3189 tamen
1039 3134 1203 3209 perspecta
1225 3133 1369 3201 senalus,
1399 3145 1495 3190 causa
1515 3126 1558 3204 ad
1577 3146 1634 3191 ros

308 3238 418 3282 mense
440 3220 586 3283 Ianuario
608 3218 816 3283 deferebatur.
844 3214 904 3282 l3.
925 3220 986 3282 Hic
1008 3228 1128 3282 tantum
1150 3219 1294 3283 interfuit
1314 3220 1397 3284 inter
1417 3240 1469 3283 me
1484 3227 1517 3284 44
1529 3239 1635 3285 mrnrr

309 3333 362 3377 cos
384 3333 481 3378 meos.
510 3314 595 3396 Ego,
617 3332 685 3377 cum
708 3312 853 3376 homines
874 3315 906 3376 in
932 3313 1081 3377 tribunalr
1103 3313 1231 3376 Aurelio
1254 3313 1359 3398 palam
1382 3314 1538 3377 conscribi
1559 3333 1635 3378 een·

308 3406 482 3490 turiarique
509 3407 676 3481 vidissem,
705 3426 775 3471 cum
801 3407 1012 3490 intelligerem
1035 3415 1157 3488 veteres
1178 3407 1218 3470 ad
1241 3427 1329 3491 spem
1351 3406 1458 3471 caedis
1481 3408 1634 3472 Catilinae

309 3499 415 3584 copias
445 3520 516 3564 esse
540 3509 717 3575 revocatas,
747 3521 818 3564 cum
841 3501 980 3565 viderem
1003 3522 1044 3564 ex
1065 3522 1103 3565 ea
1124 3509 1213 3584 parte
1235 3501 1398 3576 homines,
1424 3502 1514 3564 euius
1535 3503 1634 3585 partis

270 3607 366 3657 aanor
395 3595 445 3658 vel
475 3594 635 3678 principes
663 3595 921 3670 numerabamur,
950 3596 1064 3681 partim
1087 3595 1174 3679 quod
1196 3595 1273 3657 mihi
1295 3594 1491 3669 inviderent,
1517 3594 1635 3679 partim

308 3690 395 3774 quod
417 3690 478 3754 sibi
499 3688 664 3765 timerent,
686 3698 742 3754 aut
762 3689 939 3775 proditores
963 3710 1033 3753 esse
1052 3698 1108 3753 aut
1123 3690 1299 3752 desertores
1315 3688 1426 3752 salutis
1440 3708 1540 3766 meae,
1562 3710 1635 3753 cum

374 3992 397 4040 4.
416 4004 499 4040 mooe:
514 3992 540 4041 iu
558 3993 579 4041 G
595 4003 654 4054 sup.
673 3989 717 4041 lin.
733 4017 759 4026 -
779 3990 1021 4042 omaodoturPEV
1038 3991 1096 4040 etii
1114 3991 1206 4052 Lngg.:
1225 3990 1360 4039 4444444444
1371 3992 1391 4038 G
1403 3993 1430 4041 et
1447 3989 1566 4055 plerique
1579 3990 1636 4054 (sed
1693 4010 1697 4018 ·

308 4066 328 4114 G
346 4076 408 4115 cum
426 4064 518 4115 lacuna
536 4066 597 4114 ante
613 4067 656 4124 444.
685 4064 724 4114 Ci.
742 4078 780 4114 or.
801 4079 826 4130 p.
841 4068 944 4126 Quincl.
964 4067 978 4129 ἓ
997 4065 1037 4116 ie.
1052 4092 1079 4101 -
1098 4067 1125 4115 Ρ.
1144 4078 1196 4116 om.
1211 4066 1255 4113 PS
1274 4067 1301 4114 et
1316 4065 1396 4127 Lagg.
1410 4090 1438 4100 -
1455 4066 1549 4129 Popilio
1565 4068 1634 4118 mei:

305 4138 408 4200 Popillio
425 4140 445 4188 0
465 4166 492 4175 -
510 4138 535 4189 3.
554 4138 680 4200 4441444)
700 4165 727 4174 -·
747 4139 771 4189 4.
789 4145 835 4189 ool
850 4142 969 4203 44444444
986 4143 1021 4190 P:
1040 4145 1063 4189 ei
1078 4140 1197 4202 populum
1215 4141 1231 4187 S
1249 4141 1276 4189 et
1293 4141 1319 4187 44
1341 4140 1433 4202 nagg.;
1447 4141 1570 4203 populsrm
1585 4141 1637 4192 ui:

306 4210 341 4274 V,
359 4212 407 4263 sed
425 4213 452 4263 in
469 4214 490 4261 G
505 4225 535 4264 cc
553 4226 612 4278 sup.
632 4212 677 4264 lin.
698 4243 725 4252 -
745 4218 769 4265 5.
788 4221 816 4266 ct
833 4219 972 4267 Pcorr.i.
987 4228 1068 4265 ruer
1085 4219 1138 4263 444.
1154 4240 1179 4250 -
1200 4214 1320 4275 referrent
1336 4215 1395 4263 PS:
1413 4216 1637 4278 referenichEV

307 4312 334 4322 -
354 4287 486 4352 4444444444
502 4289 563 4339 edd.
583 4291 646 4338 vett.
665 4294 757 4340 contra
775 4303 850 4341 meos
868 4294 896 4341 et
912 4292 990 4354 Lagg.
1012 4317 1038 4326 -
1058 4288 1082 4340 6,
1100 4290 1201 4352 proiice
1217 4289 1275 4338 PS:
1299 4289 1386 4351 444444
1402 4288 1482 4339 GEV
1499 4314 1528 4326 -
1546 4290 1638 4355 44444444

306 4362 325 4410 Ρ
345 4386 372 4396 -
391 4361 415 4411 8.
432 4362 524 4411 irretiti
543 4361 588 4413 ed.
607 4363 692 4412 Crat:
717 4365 806 4413 irinati
827 4367 861 4423 P;
884 4365 1005 4425 irritaqui
1028 4366 1049 4413 G
1069 4377 1138 4413 corr.
1158 4375 1190 4412 ex
1209 4363 1345 4422 irritarem
1368 4363 1466 4412 irritati
1482 4363 1559 4414 ESV
1577 4363 1637 4428 (elia

307 4434 403 4485 menda
421 4437 524 4486 suntin
541 4439 644 4500 lagg.);
663 4437 722 4489 fort.
736 4438 846 4502 luitperti,
864 4438 936 4502 quod
954 4439 1060 4502 saepius
1078 4449 1140 4487 cum
1155 4438 1253 4500 foedere
1263 4437 1434 4488 coniunctum
1450 4438 1591 4489 invenitur.
1603 4466 1616 4477 ·

306 4509 429 4572 querellae
440 4512 473 4559 P:
492 4512 633 4572 queruloso
643 4539 667 4549 -
682 4513 707 4563 9.
719 4513 836 4563 44444444
846 4516 865 4563 P
876 4527 916 4578 pr.
928 4527 965 4563 m.
979 4539 1005 4548 -
1021 4513 1061 4562 40.
1074 4513 1134 4562 ante
1145 4511 1172 4564 P.
1185 4512 1211 4560 in
1222 4513 1241 4562 P
1255 4510 1324 4561 dune
1341 4509 1443 4562 litterae
1455 4524 1548 4564 erasae
1564 4516 1636 4566 sunt.

312 4612 336 4621 -
349 4597 399 4635 cor.
412 4586 444 4645 P;
463 4586 579 4637 Weiskio
597 4600 647 4636 vor
664 4590 905 4651 suspectiores·
925 4589 965 4638 44.
978 4587 1067 4636 4444444
1078 4589 1099 4636 G
1111 4599 1180 4636 corr.
1193 4587 1211 4634 S
1222 4588 1250 4636 et
1260 4587 1339 4650 lagg.
1352 4584 1482 4651 plerique,
1501 4589 1531 4639 ut
1541 4588 1636 4641 Lamb.

308 4658 435 4717 coniecit;
454 4657 526 4709 idem
543 4661 630 4709 Garat.
648 4661 777 4724 praefert,
796 4661 846 4710 nisi
862 4660 930 4710 44444
946 4660 1054 4710 omnino
1072 4659 1215 4711 delendum
1227 4662 1269 4711 sil.
1288 4662 1327 4712 Ci.
1340 4674 1366 4725 p.
1379 4661 1438 4725 8³³,
1450 4663 1492 4714 44.
1506 4688 1534 4700 -
1554 4664 1595 4717 44.
1608 4665 1638 4716 de

306 4731 425 4796 44444444]
443 4733 472 4782 dc
488 4734 564 4785 444444
579 4736 609 4784 de
625 4735 702 4785 PGE
720 4735 776 4799 (sed
794 4736 844 4785 GE
861 4737 933 4797 soie);
959 4736 990 4786 de
1005 4735 1055 4784 4444
1072 4735 1093 4783 V
1111 4738 1138 4785 44
1154 4735 1275 4799 plerique
1292 4738 1387 4800 Lsgg.;
1405 4737 1515 4788 44444444
1532 4751 1586 4790 orn.
1605 4741 1636 4799 S,

308 4806 368 4858 lort.
387 4807 417 4857 de
432 4808 543 4859 44444444
559 4811 661 4859 44444444
677 4810 807 4875 relicinae.
831 4811 870 4860 De
888 4823 917 4860 re
935 4809 968 4859 cl.
987 4809 1096 4859 Beckeri
1112 4810 1196 4870 44444.
1215 4811 1284 4861 44444.
1297 4812 1329 4873 ll,
1347 4812 1373 4872 4,
1391 4825 1418 4876 p.
1431 4812 1489 4865 4444.
1507 4838 1535 4851 -
1553 4815 1640 4866 retulit

309 4881 362 4931 mei
379 4883 407 4931 et
423 4882 443 4932 0
461 4908 488 4917 -
509 4884 548 4934 43.
566 4885 649 4947 adque
665 4887 684 4935 P
703 4912 730 4923 -
752 4886 818 4949 coos.
835 4898 876 4935 rer
892 4887 950 4936 PS:
974 4897 1014 4934 rer
1028 4885 1139 4947 confecia
1156 4886 1237 4936 GEV
1255 4911 1283 4922 -
1306 4886 1347 4938 44.
1365 4900 1489 4939 moron
1503 4890 1574 4942 mei:
1593 4904 1639 4941 or·

307 4969 429 5008 44444444
446 4958 466 5007 0
484 4984 511 4994 -
535 4961 576 5010 444.
594 4961 660 5026 cum]
681 4974 739 5011 4444
755 4964 774 5012 P
793 4987 820 4998 -
843 4961 893 5011 uiri
909 4961 999 5010 summi
1015 4960 1067 5011 EV
1086 4986 1113 4996 -
1139 4960 1180 5011 46.
1198 4960 1292 5024 Oppios
1307 4962 1341 5012 P:
1364 4962 1495 5025 pompeiae
1509 4963 1562 5015 mei
1579 4962 1637 5015 rell.

309 5032 337 5081 44
353 5033 431 5096 Legg.
452 5060 480 5069 -
503 5034 742 5096 capessenda:
769 5039 803 5089 od
820 5037 894 5100 44444
915 5037 968 5086 eiua
983 5037 1004 5086 0
1021 5038 1049 5085 et
1070 5047 1140 5085 nnus
1157 5035 1218 5098 Lag.
1238 5035 1302 5100 (lili
1330 5035 1364 5086 ci.
1382 5048 1410 5101 p.
1428 5037 1497 5090 sest.
1514 5037 1530 5102 8
1546 5037 1588 5090 44.
1608 5063 1637 5075 -

307 5111 403 5156 noctem
419 5105 519 5171 aliquot
534 5108 628 5172 lagga
647 5116 790 5173 4444444444
806 5111 924 5172 PGEV,
943 5109 999 5170 alii3
1018 5115 1114 5160 4444444
1124 5109 1316 5172 -·44444444444
1332 5123 1385 5161 orn.
1404 5113 1421 5162 S
1438 5114 1466 5163 et
1481 5112 1498 5164 8
1514 5113 1593 5177 lagg.
1608 5140 1637 5152 -

310 5179 350 5232 l8.
369 5180 481 5231 44444444
496 5183 585 5234 PGS:
612 5186 684 5236 molti
700 5187 752 5236 EV
769 5212 797 5223 -
822 5186 1015 5236 ordinabuntur
1031 5184 1074 5236 ed.
1093 5185 1179 5236 Crat:
1201 5185 1361 5236 arbitrantur
1376 5186 1455 5238 codd.
1475 5215 1503 5227 ·-
1522 5188 1563 5240 ie.
1581 5201 1640 5240 44444
1754 5162 1763 5169 ἡ

309 5254 405 5307 codd:
422 5261 446 5307 44
462 5270 519 5307 4444
537 5257 558 5309 0
576 5286 604 5296 -
622 5260 663 5311 44.
681 5262 851 5327 museto]
869 5261 929 5312 iorl.
947 5261 974 5312 S.
993 5261 1021 5312 0.
1039 5261 1212 5322 irpediretum
1231 5261 1265 5312 ci.
1280 5273 1307 5326 p.
1321 5262 1389 5313 sest.
1407 5261 1423 5327 5
1439 5263 1485 5314 io:
1503 5263 1640 5315 4444444444

307 5343 393 5392 mmo,
416 5330 596 5396 ludificatione,
619 5334 747 5386 4444444444
765 5334 1210 5397 nemorumnemorum,
1236 5336 1639 5390 wormianconciiiaicm

308 5405 400 5469 444444
415 5404 474 5456 dier.
489 5431 516 5441 -
534 5406 661 5459 uoluotatc
677 5409 738 5472 Lag.
751 5407 798 5460 ii:
816 5413 840 5460 44
854 5409 982 5461 admista
997 5407 1075 5460 codd.
1089 5407 1146 5459 rell.
1174 5409 1243 5470 Quid
1258 5408 1340 5461 444444
1354 5411 1382 5461 44
1398 5411 1450 5464 hoc
1465 5416 1491 5464 44
1505 5413 1639 5465 incertam

310 5480 362 5542 est,
385 5477 445 5530 tort.
462 5484 510 5542 rel,
535 5481 584 5532 nisi
601 5481 690 5533 malis:
717 5495 750 5533 44
769 5483 896 5536 uoluntate
916 5485 1017 5537 444444
1032 5489 1163 5548 perspecto
1179 5489 1279 5536 4444444
1293 5497 1374 5536 caure
1388 5486 1424 5536 od
1437 5487 1588 5551 444--444
1609 5512 1637 5524 -

306 5560 436 5618 pomerio
458 5555 501 5606 cd.
527 5555 611 5606 Crat:
632 5558 745 5620 perfecto
765 5557 842 5609 codd.
870 5559 967 5624 (Posiae
987 5573 1029 5611 rea
1044 5564 1104 5610 acio
1119 5563 1155 5610 444
1170 5558 1197 5609 44
1212 5564 1301 5611 rmus
1316 5560 1371 5611 olio
1385 5561 1469 5625 44444,
1486 5574 1545 5613 am
1558 5561 1640 5613 444444

308 5629 447 5680 rationibus
467 5630 643 5692 tripedalem
667 5644 700 5681 44
715 5631 842 5683 volontate
858 5638 942 5686 444444
956 5639 1086 5698 peraperte
1102 5639 1201 5686 4444444
1217 5648 1295 5687 corso
1311 5637 1346 5686 od
1360 5648 1405 5685 eor
1420 5649 1502 5687 monae
1516 5636 1639 5686 ianuario

310 5703 465 5768 4444444444
480 5706 691 5770 Mommsenius.)
709 5732 735 5741 —
760 5708 795 5756 ad
816 5710 877 5772 Lag.
896 5711 919 5761 4.
938 5711 971 5761 40
994 5713 1021 5761 44
1037 5711 1118 5760 Oxou.
1137 5710 1173 5760 ii:
1198 5712 1267 5772 opud
1282 5710 1361 5763 codd.
1378 5709 1436 5762 rell.
1457 5738 1485 5748 -
1503 5711 1544 5762 44.
1557 5709 1639 5760 triou-

309 5779 367 5830 4444
383 5782 443 5831 P-
462 5780 503 5831 43.
520 5781 685 5846 4444444444
702 5785 721 5833 P
739 5807 766 5819 —
785 5784 902 5847 adapon
918 5786 1108 5837 caeduaeiercr
1124 5784 1151 5840 C.
1168 5798 1190 5839 c.
1209 5786 1278 5839 conl.
1295 5783 1432 5841 Lamo·-
1450 5784 1640 5842 24.me

312 5852 424 5918 84444.
443 5881 471 5894 -
489 5855 743 5921 euisceratam.
763 5883 791 5894 -
809 5858 850 5910 46.
869 5871 919 5912 erre
935 5870 989 5911 om.
1007 5859 1067 5913 Ev.
