3800 7350
324 1182 386 1250 794
697 1187 849 1252 casulo
871 1187 948 1252 PRO
971 1186 1122 1252 ARCHIA
1143 1186 1278 1254 POETA

324 1358 469 1424 versibus
490 1356 711 1440 longiusculis,
734 1357 839 1420 statim
862 1376 903 1421 ex
923 1358 962 1420 iis
983 1357 1094 1432 rebus,
1116 1377 1195 1442 quas
1218 1363 1286 1420 tum
1299 1358 1471 1434 vendebat,
1493 1358 1604 1438 iubere
1619 1360 1650 1423 ei

324 1451 500 1537 praemium
520 1452 632 1526 tribui,
662 1451 718 1516 sed
746 1471 782 1514 ea
804 1450 1000 1526 conditione,
1026 1470 1067 1515 ne
1091 1451 1167 1534 quid
1189 1459 1301 1534 postea
1322 1452 1483 1515 scriberet.
1517 1452 1580 1528 Qui
1601 1472 1651 1515 se·

325 1544 488 1608 dulitatem
510 1543 585 1607 mali
606 1550 720 1628 potitae
743 1543 870 1631 Qiii
891 1543 999 1626 aliquo
1021 1552 1125 1608 tamen
1147 1545 1290 1628 praemio
1314 1544 1458 1627 dignam,
1483 1544 1581 1610 buius
1601 1546 1651 1608 in-

323 1637 451 1722 genium
472 1643 505 1701 et
526 1637 674 1700 virtutem
696 1637 730 1699 in
752 1637 919 1700 scribendo
943 1645 975 1700 et
996 1639 1118 1721 copiam
1140 1658 1205 1701 non
1228 1637 1425 1723 expefisseti
1468 1636 1520 1702 26.
1542 1638 1651 1714 Quidt

300 1750 344 1798 ea
366 1732 405 1808 Q.
420 1731 549 1816 Metello
571 1729 646 1815 Pio,
668 1729 912 1793 familiarissimo
935 1749 1012 1805 suo,
1035 1731 1091 1814 qui
1106 1730 1232 1795 civitate
1247 1732 1525 1809 multosdonavit,
1546 1753 1652 1815 neque

322 1818 394 1913 perx
408 1845 443 1889 se
471 1844 578 1909 neque
608 1843 665 1907 per
686 1822 833 1887 Lucullos
858 1825 1113 1912 impetravisset?
1142 1826 1198 1908 qui
1219 1819 1402 1908 praesertim
1425 1846 1538 1911 usque,
1551 1848 1590 1891 eo
1612 1826 1652 1891 de

323 1920 390 1984 suis
412 1920 507 1984 rebus
529 1916 624 1981 scribi
646 1924 792 1999 cuperet,
814 1926 850 1982 ut
871 1919 967 1982 etiam
990 1900 1155 2000 Curmilma
1176 1920 1258 1982 natis
1279 1919 1399 2002 politis,
1419 1921 1539 2003 pingue
1559 1922 1653 2005 quid-

324 2013 397 2077 dam
412 2012 600 2099 sonantibus
614 2016 711 2094 atque
725 2009 941 2117 p'er'Qgrinum,
964 2020 1070 2076 tamen
1083 2031 1177 2075 aures
1192 2030 1265 2075 suas
1280 2012 1419 2077 dederet
1461 2016 1519 2078 xi.
1539 2017 1653 2099 Neque

324 2107 410 2172 enim
432 2114 482 2170 est
501 2105 564 2169 boc
586 2100 867 2189 dissimulandum,
890 2106 977 2190 quod
998 2105 1158 2169 obscurari
1172 2124 1239 2167 non
1253 2112 1373 2187 potest,
1396 2107 1454 2171 sed
1467 2128 1545 2192 prae
1559 2109 1652 2189 nobis

286 2199 504 2266 ecferendum:
539 2197 694 2262 trahimur
724 2218 834 2263 omnes
866 2198 973 2262 studio
1001 2200 1105 2263 laudis
1134 2205 1166 2261 et
1195 2198 1332 2281 optimus
1354 2199 1493 2284 quisque
1512 2202 1652 2265 maximo

323 2295 425 2379 gloria
454 2292 589 2357 ducitur.
633 2293 697 2375 ipsi
726 2292 774 2354 illi
802 2288 988 2374 philosophi
1009 2293 1104 2355 etiam
1128 2292 1161 2353 in
1184 2291 1224 2355 iis
1246 2291 1379 2367 libellis,
1410 2313 1491 2376 quos
1512 2293 1554 2358 de
1576 2313 1653 2358 con·

323 2386 494 2452 temnenda
514 2384 615 2468 gloria
636 2385 795 2459 scribunt,
824 2404 941 2448 nomen
963 2406 1055 2450 suum
1077 2385 1269 2461 inscribunt;
1297 2386 1331 2447 in
1353 2405 1391 2449 eo
1413 2386 1504 2469 ipso,
1530 2388 1565 2451 in
1587 2409 1652 2471 quo

323 2479 589 2567 praedimtionem
611 2477 875 2562 nobilitatemque
898 2478 1096 2565 desoic-iunt,
1118 2478 1296 2561 praedicari
1318 2477 1358 2542 de
1379 2498 1414 2542 se
1436 2500 1474 2543 ao
1493 2480 1653 2544 nominari

323 2576 444 2640 volunt.
486 2569 538 2636 27.
558 2571 708 2635 Decimus
735 2570 864 2655 quidem
889 2573 1024 2660 Bffitus,
1052 2593 1194 2636 summus
1218 2572 1268 2656 vir
1292 2580 1324 2635 et
1348 2573 1536 2656 imperator,
1563 2575 1652 2665 Q»

287 2687 315 2734 rs
324 2665 505 2733 amicissimi
527 2665 594 2740 sui,
616 2665 806 2729 carminibus
821 2665 1012 2749 templorum
1026 2685 1063 2728 ao
1077 2673 1354 2730 monumentomm
1368 2666 1472 2748 aditus
1486 2668 1655 2733 exornavit

323 2781 464 2830 suorum.
499 2758 664 2822 Iamuero
684 2734 758 2834 iile,
780 2758 835 2841 qui
857 2779 930 2823 cum
950 2760 1073 2823 Aetolis
1086 2761 1195 2839 Ennio
1212 2759 1328 2836 comite
1341 2759 1490 2836 bellavit,
1511 2760 1653 2836 Fulvius,

323 2875 389 2920 non
418 2851 576 2916 dubitavit
602 2852 710 2915 Martis
733 2853 896 2916 manubias
921 2853 1022 2916 Musis
1045 2873 1242 2917 consecrare.
1282 2854 1405 2930 Quare,
1433 2855 1553 2938 inqua
1572 2855 1653 2919 urbe

323 2950 531 3034 imperatores
552 2965 652 3029 prope
671 2946 783 3009 armati
797 2952 963 3029 petitarum
978 2967 1093 3010 nomen
1109 2955 1140 3011 et
1154 2949 1316 3012 Musarum
1331 2946 1463 3010 delubra
1474 2947 1654 3022 coluerunt,

324 3042 358 3108 in
379 3060 418 3105 ea
438 3059 503 3104 non
526 3038 644 3104 debent
664 3038 762 3122 togati
784 3038 905 3103 iudices
926 3041 1120 3130 aMusarum
1133 3040 1256 3105 bonore
1278 3049 1312 3105 et
1331 3060 1350 3105 a
1370 3033 1535 3125 doctarum
1549 3042 1653 3107 salute

287 3133 503 3205 eoabborrere.
1644 3166 1648 3175 ·

409 3224 461 3291 28.
483 3229 589 3311 Atque
610 3234 647 3290 ut
668 3226 700 3290 id
723 3225 874 3305 libentius
895 3224 1034 3304 faciatis,
1059 3228 1122 3292 iam
1143 3248 1195 3292 me
1216 3229 1323 3304 vobis,
1343 3227 1484 3304 indices,
1505 3227 1653 3294 indicabo

325 3331 359 3387 et
379 3322 424 3409 de
441 3341 512 3385 meo
534 3321 671 3405 quodam
693 3339 800 3384 amore
822 3320 962 3403 gloriae,
983 3321 1077 3386 nimis
1092 3322 1157 3385 acri
1178 3320 1330 3397 fortasse,
1351 3342 1462 3387 verum
1475 3327 1582 3385 tamen
1594 3322 1653 3386 bo-

325 3423 434 3491 nesto,
455 3414 544 3497 vobis
566 3411 750 3478 confitebor.
772 3416 869 3489 Nam,
891 3433 970 3498 quas
992 3434 1043 3502 res
1064 3436 1124 3479 nos
1139 3416 1172 3479 in
1186 3415 1353 3480 consulatu
1366 3424 1475 3480 nostro
1488 3414 1653 3479 vobiscum

325 3509 419 3594 ⁸in
439 3528 498 3593 pro
521 3508 623 3573 salute
642 3507 775 3572 brriusce
797 3493 978 3598 imfflii‘et
998 3501 1057 3591 pro
1078 3510 1140 3573 vita
1163 3508 1281 3573 civium
1302 3530 1427 3595 proque
1447 3508 1597 3575 universa
1616 3528 1653 3574 re

287 3605 453 3689 sepublica
480 3603 652 3689 gessimus,
685 3593 788 3686 attigit
817 3601 870 3666 bic
891 3603 1036 3666 versibus
1057 3610 1154 3689 atque
1176 3601 1355 3681 inchoavit3
1388 3604 1504 3691 quibus
1525 3597 1653 3680 auditis,

326 3697 415 3785 quod
437 3697 515 3762 mihi
536 3716 722 3781 magnares
744 3704 776 3760 et
796 3697 935 3761 iucunda
955 3697 1023 3760 visa
1045 3705 1109 3773 est,
1138 3697 1225 3762 bunc
1250 3698 1291 3763 ad
1312 3695 1540 3783 perficiendum
1559 3698 1655 3790 Ψ·

325 3795 408 3860 navi.
442 3792 569 3856 Nullam
591 3791 676 3855 enim
698 3791 797 3854 virtus
819 3790 913 3854 aliam
935 3791 1111 3855 mercedem
1134 3792 1278 3884 laborum
1300 3791 1577 3878 periculfflrmque
1599 3795 1654 3859 de-

324 3888 443 3951 siderat
474 3893 598 3970 praeter
624 3885 707 3948 hanc
738 3884 841 3963 laudis
863 3891 895 3947 et
923 3885 1061 3967 gloriae,
1095 3905 1159 3967 qua
1181 3885 1311 3970 quidem
1334 3885 1489 3962 detracta,
1521 3886 1654 3964 iudices,

325 3981 402 4066 quid
424 3988 472 4044 est
493 3980 578 4066 quod
599 3980 633 4042 in
653 3978 715 4043 hoc
737 3985 800 4042 tam
817 3979 931 4059 exiguo
948 3979 1032 4041 vitae
1054 3978 1211 4042 curriculo
1234 3984 1266 4043 et
1286 3986 1350 4043 tam
1364 3979 1454 4043 brevi
1475 3981 1571 4044 tantis
1593 3999 1654 4046 nos

389 4214 413 4263 t.
431 4226 465 4263 ec
485 4213 523 4263 tie
540 4210 614 4263 rebus
635 4222 700 4273 euos
720 4210 841 4262 oeombot
861 4211 933 4261 {weit
955 4211 1021 4261 enee
1039 4210 1167 4274 produce
1187 4209 1440 4262 triow-reterre
1459 4213 1477 4262 S
1505 4239 1532 4248 -
1560 4225 1594 4265 ee
1617 4215 1656 4267 tte

325 4288 576 4339 (il-tomuli:
600 4286 802 4337 4444440-
826 4286 957 4338 breis:
979 4285 1179 4336 niceteri-
1203 4285 1378 4336 modicioees
1401 4313 1430 4323 -
1454 4289 1652 4349 mosedd-

323 4362 349 4414 3.
367 4363 498 4414 dedeceat
514 4364 563 4416 GE
582 4387 609 4399 -
632 4363 706 4412 tutos
721 4363 755 4413 B:
782 4362 853 4412 cairo
875 4361 993 4412 GEPA.
1023 4360 1062 4412 Cl.
1080 4372 1136 4411 var.
1154 4359 1216 4411 lect.
1234 4373 1261 4425 p.
1279 4360 1338 4412 789.
1355 4373 1381 4410 v.
1400 4361 1442 4412 to.
1461 4389 1490 4400 -
1508 4362 1535 4415 4.
1552 4367 1654 4428 eopiosa

323 4439 508 4489 tomeecer
528 4465 555 4475 -
575 4437 932 4501 Qoio.p.metetloEP-
956 4435 1360 4500 6.preeeerum]oraeresomu
1380 4437 1654 4492 -ueuemcorcs-

323 4512 572 4564 oae--roeeeuua
587 4511 702 4563 habetS
722 4538 749 4548 -
774 4510 902 4562 Cordubae
916 4510 1079 4572 amassetis
1094 4509 1157 4575 cet.)
1185 4511 1287 4561 Seneca
1308 4509 1408 4561 rhetor.
1427 4513 1533 4566 suasor.
1552 4517 1607 4568 Vll.
1626 4530 1653 4568 a.

323 4600 350 4652 p.
372 4585 404 4638 44
428 4586 470 4638 ed.
492 4588 565 4651 Bip.:
591 4586 710 4637 Seattttaa
737 4585 808 4637 llere
831 4586 879 4648 soit
900 4586 973 4635 tomo
992 4586 1136 4649 incuriosos
1159 4587 1241 4650 meeis
1265 4599 1342 4649 quoru
1366 4587 1491 4649 audites,
1514 4589 1656 4652 manacta

320 4665 398 4727 poeto
419 4667 442 4713 et
464 4675 544 4725 poene
563 4660 711 4736 quomdam
735 4661 795 4710 locis
824 4660 895 4721 totis,
923 4660 1010 4722 qaue
1037 4673 1087 4711 erse
1108 4660 1193 4712 Cicero
1218 4660 1440 4712 Cordubenses
1462 4668 1578 4727 podice
1602 4666 1653 4727 cit,

322 4740 436 4803 pinque
453 4738 602 4800 quiddam
617 4743 766 4787 soccatos
782 4740 876 4799 atque
889 4736 1107 4800 percuriosus.
1131 4761 1159 4770 —
1177 4735 1203 4786 8.
1215 4736 1356 4797 oederetE,
1375 4735 1423 4787 sed
1441 4735 1489 4788 luit
1504 4737 1610 4789 dederet.
1625 4766 1652 4777 -

325 4816 365 4865 ⁴0.
382 4813 523 4864 trudmari}
537 4841 564 4851 -
582 4813 757 4864 eladiotoadis
773 4814 834 4864 GE:
854 4813 936 4863 laudis
952 4813 1032 4863 stadio
1048 4812 1128 4863 ALO
1146 4839 1173 4847 -
1194 4813 1234 4861 lt.
1251 4812 1302 4875 ipsi
1317 4812 1355 4862 su
1367 4813 1656 4876 pbitmcpti--eoscn-

325 4890 397 4952 boot,
414 4895 443 4941 et
458 4890 485 4940 ic
501 4903 529 4940 eo
545 4888 598 4952 ipso
615 4903 663 4953 queo
681 4887 722 4950 (al.
741 4889 813 4952 qood)
823 4915 861 4926 ··
871 4891 998 4939 nomime
1012 4889 1087 4940 uelint
1104 4887 1187 4939 habet
1197 4889 1353 4938 Ammianm
1364 4887 1530 4941 Marcellinus
1539 4889 1617 4952 ml,
1628 4891 1653 4941 7.

328 4990 355 5002 -
375 4966 450 5017 etiam
465 4966 493 5015 ie
508 4965 540 5015 its
550 4964 711 5028 Madvigius:
729 4965 806 5015 etum
821 4965 849 5014 te
864 4964 902 5015 irie
911 4967 1082 5022 Ammianus;
1100 4966 1176 5016 etiem
1191 4963 1241 5014 iltis
1257 4964 1377 5024 GEPO;
1395 4964 1471 5015 etiarn
1486 4966 1514 5014 te
1529 4964 1579 5016 rue
1593 4966 1654 5017 Ab.

328 5040 367 5091 Cl.
385 5041 461 5091 Tusc.
481 5041 501 5090 l.
520 5039 535 5104 g
552 5038 598 5090 el:
629 5040 694 5103 Quid
709 5040 789 5089 norm
803 5039 958 5103 philomelii?
978 5053 1060 5091 soene
1075 5042 1102 5090 te
1118 5041 1149 5090 tte
1165 5039 1235 5090 libris
1250 5039 1324 5102 ipsis,
1348 5051 1409 5102 quos
1423 5037 1535 5089 rotomo
1550 5039 1580 5090 de
1594 5053 1657 5090 coe·

330 5117 461 5166 umamdo
476 5116 574 5180 cloio,
591 5129 640 5166 seo
655 5117 757 5166 contro
774 5114 930 5166 inscribant?
942 5143 969 5150 —
989 5115 1029 5166 43.
1046 5115 1190 5179 praediw'
1206 5128 1231 5166 se
1242 5115 1305 5178 (om.
1317 5114 1355 5177 de)
1367 5116 1387 5164 L
1400 5140 1428 5150 -
1447 5126 1478 5163 oc
1493 5112 1658 5164 canonicari

326 5191 488 5242 Ammianus.
512 5217 539 5226 -
568 5191 607 5243 ll.
626 5193 742 5242 Decimus
762 5192 860 5253 quom
876 5191 970 5242 Breues
990 5191 1073 5242 babet
1089 5192 1106 5240 S
1125 5217 1152 5225 -
1170 5203 1281 5241 amanus
1295 5191 1337 5238 etr
1353 5189 1417 5239 GE:
1434 5199 1545 5238 meurs
1559 5187 1601 5239 ille
1615 5190 1657 5239 etr

326 5266 406 5318 luo
425 5292 452 5301 -
472 5265 540 5331 Attii]
559 5268 614 5318 occi
631 5268 737 5317 GEPA
756 5293 785 5304 -
810 5269 851 5317 44.
868 5267 1076 5316 monimentonsm
1093 5267 1114 5314 G
1134 5292 1160 5301 -
1185 5265 1225 5314 io.
1243 5263 1323 5314 etiolis
1339 5264 1402 5314 uuio
1418 5261 1438 5312 E
1458 5288 1485 5298 -
1508 5261 1550 5314 to.
1568 5261 1655 5329 moute]

326 5343 401 5395 laceb
418 5344 466 5393 GE
485 5369 513 5379 -
531 5340 571 5392 et.
590 5342 690 5393 tetresse
706 5343 805 5406 superb
822 5341 901 5393 codd.
920 5339 1028 5392 Palatini
1043 5341 1146 5406 primus
1164 5343 1191 5389 et
1205 5341 1330 5403 quartus,
1348 5337 1573 5402 Lagomarsiniani
1584 5341 1654 5388 tres:

327 5419 400 5469 buius
415 5430 495 5480 oeque
510 5418 609 5480 imperii
625 5419 718 5477 GPA,
742 5419 814 5468 baiae
830 5423 906 5479 atque
921 5416 1021 5478 imperii
1037 5416 1072 5475 E;
1094 5416 1167 5465 tutos
1182 5414 1251 5464 urbia
1267 5418 1342 5477 atoue
1357 5413 1457 5478 ueremi
1473 5428 1536 5465 cum
1552 5413 1595 5466 ed.
1615 5413 1656 5468 ll-

328 5493 390 5545 dina
407 5494 456 5546 40
475 5520 502 5529 -
521 5493 562 5544 26.
580 5493 645 5542 tuuc
661 5494 695 5543 od
709 5494 887 5559 eradendum
903 5491 1010 5541 odoram
1026 5488 1108 5542 babet
1124 5492 1142 5540 S
1161 5517 1188 5527 -
1211 5489 1335 5539 ndcmooi
1352 5488 1478 5540 Klotzius:
1498 5489 1606 5540 odoram
1622 5490 1654 5550 S;

329 5569 448 5620 ααονιαιιί
466 5570 502 5628 G;
519 5565 622 5619 tortarii
638 5570 671 5629 P;
690 5570 836 5619 adhortatus
851 5580 907 5618 sum
923 5567 958 5627 Ε;
976 5565 1090 5615 hortatos
1106 5579 1161 5615 som
1176 5565 1264 5617 Ano.
1290 5564 1328 5614 Cl.
1342 5577 1398 5615 var.
1411 5561 1472 5615 lect.
1486 5563 1520 5614 ad
1538 5564 1654 5615 Herenn.

328 5655 362 5705 iv
379 5653 395 5718 g
411 5654 453 5703 ee.
474 5679 502 5689 -
520 5652 561 5702 er.
579 5652 657 5702 uuo
673 5653 723 5703 ue
741 5679 769 5689 -
788 5654 829 5705 es.
847 5651 948 5716 smus]
967 5637 1019 5700 ei'e
1035 5652 1056 5700 u
1075 5677 1101 5685 -
1120 5650 1161 5700 eo.
1179 5655 1203 5700 a
1219 5655 1273 5699 um
1289 5648 1357 5699 orsu
1373 5661 1406 5698 ex
1422 5645 1582 5711 glossemate
1599 5650 1657 5698 oru

330 5741 390 5780 csse
408 5728 558 5793 suspicetur
575 5729 730 5778 Garatonius
749 5729 780 5791 (t)
800 5727 859 5779 coll.
878 5740 918 5777 or.
935 5741 963 5793 p.
981 5725 1070 5778 ltabir.
1088 5725 1163 5790 perd.
1182 5726 1197 5790 5
1214 5725 1263 5776 30:
1286 5723 1407 5788 mearco
1422 5723 1490 5773 nobb
1505 5724 1573 5774 citae
1585 5724 1658 5786 peri·

329 5803 414 5854 cutam
435 5807 531 5854 sauro
551 5803 758 5867 ammalarii,
782 5805 929 5854 immersum
947 5802 1053 5867 pieriae.
1071 5814 1098 5866 p.
1117 5801 1201 5852 Sestio
1218 5799 1234 5864 5
1251 5798 1296 5851 lt:
1323 5796 1460 5850 meoiebsm
1478 5797 1546 5850 ottae
1561 5796 1659 5849 besem

331 5892 382 5932 esee
397 5892 513 5944 werra,
530 5877 629 5945 olorim
643 5878 842 5943 mettenses?
