<?xml version="1.0" encoding="UTF-8"?>
<!DOCTYPE html PUBLIC "-//W3C//DTD XHTML 1.0 Transitional//EN"
    "http://www.w3.org/TR/xhtml1/DTD/xhtml1-transitional.dtd">
<html xmlns="http://www.w3.org/1999/xhtml" xml:lang="en" lang="en">
 <head>
  <title>
</title>
<meta http-equiv="Content-Type" content="text/html;charset=utf-8" />
  <meta name='ocr-system' content='tesseract 3.04.00' />
  <meta name='ocr-capabilities' content='ocr_page ocr_carea ocr_par ocr_line ocrx_word'/>
</head>
<body>
  <div class='ocr_page' id='page_1' title='image "./operaquaesupers08halmgoog/operaquaesupers08halmgoog_0640.png"; bbox 0 0 3800 7350; ppageno 0'>
   <div class='ocr_carea' id='block_1_1' title="bbox 328 1167 1223 1236">
    <p class='ocr_par' dir='ltr' id='par_1_1' title="bbox 328 1167 1223 1236">
     <span class='ocr_line' id='line_1_1' title="bbox 328 1167 1223 1236; baseline -0.004 -1"><span class='ocrx_word' id='word_1_1' title='bbox 328 1168 411 1236; x_wconf 75' lang='lat' dir='ltr'><strong>I362</strong></span> <span class='ocrx_word' id='word_1_2' title='bbox 747 1168 899 1234; x_wconf 78' lang='lat' dir='ltr'>ORATIO</span> <span class='ocrx_word' id='word_1_3' title='bbox 921 1167 1146 1233; x_wconf 75' lang='lat' dir='ltr'><strong>PHILIPPICA</strong></span> <span class='ocrx_word' id='word_1_4' title='bbox 1167 1168 1223 1231; x_wconf 82' lang='lat' dir='ltr'>xl.</span> 
     </span>
    </p>
   </div>
   <div class='ocr_carea' id='block_1_2' title="bbox 413 1330 1655 1421">
    <p class='ocr_par' dir='ltr' id='par_1_2' title="bbox 413 1330 1655 1421">
     <span class='ocr_line' id='line_1_2' title="bbox 413 1330 1655 1421; baseline -0.009 -18"><span class='ocrx_word' id='word_1_5' title='bbox 413 1340 468 1403; x_wconf 84' lang='lat' dir='ltr'>lx.</span> <span class='ocrx_word' id='word_1_6' title='bbox 492 1337 554 1401; x_wconf 86' lang='lat' dir='ltr'>Sed</span> <span class='ocrx_word' id='word_1_7' title='bbox 583 1338 622 1401; x_wconf 91' lang='lat' dir='ltr'>de</span> <span class='ocrx_word' id='word_1_8' title='bbox 644 1336 707 1400; x_wconf 87' lang='lat' dir='ltr'>hoc</span> <span class='ocrx_word' id='word_1_9' title='bbox 728 1338 855 1421; x_wconf 87' lang='lat' dir='ltr'>quidem</span> <span class='ocrx_word' id='word_1_10' title='bbox 876 1337 1046 1411; x_wconf 88' lang='lat' dir='ltr'>hactenus,</span> <span class='ocrx_word' id='word_1_11' title='bbox 1076 1357 1117 1400; x_wconf 88' lang='lat' dir='ltr'>ns</span> <span class='ocrx_word' id='word_1_12' title='bbox 1139 1335 1290 1418; x_wconf 83' lang='lat' dir='ltr'>refragari</span> <span class='ocrx_word' id='word_1_13' title='bbox 1311 1333 1433 1397; x_wconf 91' lang='lat' dir='ltr'>homiui</span> <span class='ocrx_word' id='word_1_14' title='bbox 1455 1330 1655 1397; x_wconf 91' lang='lat' dir='ltr'>amicissimo</span> 
     </span>
    </p>
   </div>
   <div class='ocr_carea' id='block_1_3' title="bbox 288 1426 1655 4417">
    <p class='ocr_par' dir='ltr' id='par_1_3' title="bbox 288 1426 1655 4417">
     <span class='ocr_line' id='line_1_3' title="bbox 328 1426 1655 1516; baseline -0.01 -16"><span class='ocrx_word' id='word_1_15' title='bbox 328 1455 365 1501; x_wconf 90' lang='lat' dir='ltr'>ac</span> <span class='ocrx_word' id='word_1_16' title='bbox 386 1434 425 1498; x_wconf 93' lang='lat' dir='ltr'>de</span> <span class='ocrx_word' id='word_1_17' title='bbox 447 1453 498 1496; x_wconf 92' lang='lat' dir='ltr'>ms</span> <span class='ocrx_word' id='word_1_18' title='bbox 520 1431 636 1516; x_wconf 88' lang='lat' dir='ltr'>optimc</span> <span class='ocrx_word' id='word_1_19' title='bbox 658 1431 768 1494; x_wconf 89' lang='lat' dir='ltr'>merito</span> <span class='ocrx_word' id='word_1_20' title='bbox 790 1432 915 1496; x_wconf 89' lang='lat' dir='ltr'>videar:</span> <span class='ocrx_word' id='word_1_21' title='bbox 937 1433 997 1495; x_wconf 89' lang='lat' dir='ltr'>etsi</span> <span class='ocrx_word' id='word_1_22' title='bbox 1020 1430 1092 1514; x_wconf 88' lang='lat' dir='ltr'>quis</span> <span class='ocrx_word' id='word_1_23' title='bbox 1114 1437 1218 1512; x_wconf 91' lang='lat' dir='ltr'>potest</span> <span class='ocrx_word' id='word_1_24' title='bbox 1232 1427 1380 1509; x_wconf 87' lang='lat' dir='ltr'>refragari</span> <span class='ocrx_word' id='word_1_25' title='bbox 1394 1447 1459 1490; x_wconf 91' lang='lat' dir='ltr'>nou</span> <span class='ocrx_word' id='word_1_26' title='bbox 1473 1426 1572 1491; x_wconf 93' lang='lat' dir='ltr'>modo</span> <span class='ocrx_word' id='word_1_27' title='bbox 1587 1444 1655 1488; x_wconf 91' lang='lat' dir='ltr'>non</span> 
     </span>
     <span class='ocr_line' id='line_1_4' title="bbox 327 1520 1655 1613; baseline -0.007 -21"><span class='ocrx_word' id='word_1_28' title='bbox 327 1527 462 1613; x_wconf 87' lang='lat' dir='ltr'>petenti,</span> <span class='ocrx_word' id='word_1_29' title='bbox 484 1546 594 1588; x_wconf 83' lang='lat' dir='ltr'>verum</span> <span class='ocrx_word' id='word_1_30' title='bbox 616 1525 709 1588; x_wconf 86' lang='lat' dir='ltr'>etiam</span> <span class='ocrx_word' id='word_1_31' title='bbox 732 1527 914 1589; x_wconf 71' lang='lat' dir='ltr'>recusanti?</span> <span class='ocrx_word' id='word_1_32' title='bbox 958 1520 1009 1587; x_wconf 70' lang='lat' dir='ltr'>Pl.</span> <span class='ocrx_word' id='word_1_33' title='bbox 1031 1524 1088 1586; x_wconf 94' lang='lat' dir='ltr'>Illa</span> <span class='ocrx_word' id='word_1_34' title='bbox 1101 1543 1193 1596; x_wconf 87' lang='lat' dir='ltr'>vero,</span> <span class='ocrx_word' id='word_1_35' title='bbox 1216 1530 1319 1606; x_wconf 81' lang='lat' dir='ltr'>patres</span> <span class='ocrx_word' id='word_1_36' title='bbox 1338 1521 1523 1605; x_wconf 79' lang='lat' dir='ltr'>conscripti,</span> <span class='ocrx_word' id='word_1_37' title='bbox 1546 1520 1655 1584; x_wconf 87' lang='lat' dir='ltr'>aliena</span> 
     </span>
     <span class='ocr_line' id='line_1_5' title="bbox 328 1614 1653 1704; baseline -0.006 -19"><span class='ocrx_word' id='word_1_38' title='bbox 328 1620 491 1685; x_wconf 92' lang='lat' dir='ltr'>consulum</span> <span class='ocrx_word' id='word_1_39' title='bbox 514 1618 681 1702; x_wconf 90' lang='lat' dir='ltr'>dignitato,</span> <span class='ocrx_word' id='word_1_40' title='bbox 702 1618 806 1682; x_wconf 88' lang='lat' dir='ltr'>aliena</span> <span class='ocrx_word' id='word_1_41' title='bbox 827 1626 1000 1704; x_wconf 84' lang='lat' dir='ltr'>temporum</span> <span class='ocrx_word' id='word_1_42' title='bbox 1024 1618 1176 1701; x_wconf 68' lang='lat' dir='ltr'>panace</span> <span class='ocrx_word' id='word_1_43' title='bbox 1190 1617 1347 1681; x_wconf 88' lang='lat' dir='ltr'>sententia</span> <span class='ocrx_word' id='word_1_44' title='bbox 1365 1625 1427 1690; x_wconf 89' lang='lat' dir='ltr'>est,</span> <span class='ocrx_word' id='word_1_45' title='bbox 1451 1623 1487 1679; x_wconf 95' lang='lat' dir='ltr'>ut</span> <span class='ocrx_word' id='word_1_46' title='bbox 1500 1614 1653 1680; x_wconf 84' lang='lat' dir='ltr'>consules</span> 
     </span>
     <span class='ocr_line' id='line_1_6' title="bbox 304 1710 1653 1796; baseline -0.004 -21"><span class='ocrx_word' id='word_1_47' title='bbox 304 1713 510 1779; x_wconf 76' lang='lat' dir='ltr'>ollolahellae</span> <span class='ocrx_word' id='word_1_48' title='bbox 538 1711 751 1796; x_wconf 88' lang='lat' dir='ltr'>persequendi</span> <span class='ocrx_word' id='word_1_49' title='bbox 780 1731 875 1775; x_wconf 91' lang='lat' dir='ltr'>causa</span> <span class='ocrx_word' id='word_1_50' title='bbox 896 1712 1002 1775; x_wconf 81' lang='lat' dir='ltr'>Asiam</span> <span class='ocrx_word' id='word_1_51' title='bbox 1026 1719 1058 1775; x_wconf 89' lang='lat' dir='ltr'>et</span> <span class='ocrx_word' id='word_1_52' title='bbox 1080 1710 1203 1794; x_wconf 79' lang='lat' dir='ltr'>Syriam</span> <span class='ocrx_word' id='word_1_53' title='bbox 1225 1711 1404 1773; x_wconf 77' lang='lat' dir='ltr'><strong>sortiantur.</strong></span> <span class='ocrx_word' id='word_1_54' title='bbox 1439 1710 1565 1784; x_wconf 86' lang='lat' dir='ltr'>Dicam,</span> <span class='ocrx_word' id='word_1_55' title='bbox 1596 1728 1653 1770; x_wconf 86' lang='lat' dir='ltr'>cor</span> 
     </span>
     <span class='ocr_line' id='line_1_7' title="bbox 327 1801 1652 1887; baseline -0.007 -15"><span class='ocrx_word' id='word_1_56' title='bbox 327 1807 439 1872; x_wconf 85' lang='lat' dir='ltr'>inutile</span> <span class='ocrx_word' id='word_1_57' title='bbox 460 1806 506 1868; x_wconf 92' lang='lat' dir='ltr'>rei</span> <span class='ocrx_word' id='word_1_58' title='bbox 529 1805 690 1887; x_wconf 86' lang='lat' dir='ltr'>publicae,</span> <span class='ocrx_word' id='word_1_59' title='bbox 713 1802 769 1867; x_wconf 91' lang='lat' dir='ltr'>sed</span> <span class='ocrx_word' id='word_1_60' title='bbox 791 1804 892 1887; x_wconf 86' lang='lat' dir='ltr'>prins,</span> <span class='ocrx_word' id='word_1_61' title='bbox 916 1824 1010 1887; x_wconf 89' lang='lat' dir='ltr'>quam</span> <span class='ocrx_word' id='word_1_62' title='bbox 1033 1811 1124 1887; x_wconf 85' lang='lat' dir='ltr'>turpe</span> <span class='ocrx_word' id='word_1_63' title='bbox 1147 1802 1331 1867; x_wconf 82' lang='lat' dir='ltr'>consulibus</span> <span class='ocrx_word' id='word_1_64' title='bbox 1345 1803 1403 1878; x_wconf 85' lang='lat' dir='ltr'>sit,</span> <span class='ocrx_word' id='word_1_65' title='bbox 1425 1802 1540 1865; x_wconf 84' lang='lat' dir='ltr'>ridete.</span> <span class='ocrx_word' id='word_1_66' title='bbox 1571 1801 1652 1864; x_wconf 89' lang='lat' dir='ltr'>Cum</span> 
     </span>
     <span class='ocr_line' id='line_1_8' title="bbox 327 1895 1652 1981; baseline -0.006 -15"><span class='ocrx_word' id='word_1_67' title='bbox 327 1901 436 1966; x_wconf 91' lang='lat' dir='ltr'>oonsul</span> <span class='ocrx_word' id='word_1_68' title='bbox 467 1900 648 1981; x_wconf 88' lang='lat' dir='ltr'>designatus</span> <span class='ocrx_word' id='word_1_69' title='bbox 678 1897 874 1971; x_wconf 89' lang='lat' dir='ltr'>obsideatur,</span> <span class='ocrx_word' id='word_1_70' title='bbox 902 1919 974 1960; x_wconf 91' lang='lat' dir='ltr'>cum</span> <span class='ocrx_word' id='word_1_71' title='bbox 1002 1899 1036 1962; x_wconf 93' lang='lat' dir='ltr'>in</span> <span class='ocrx_word' id='word_1_72' title='bbox 1058 1917 1097 1961; x_wconf 88' lang='lat' dir='ltr'>eo</span> <span class='ocrx_word' id='word_1_73' title='bbox 1122 1895 1286 1959; x_wconf 84' lang='lat' dir='ltr'>liberando</span> <span class='ocrx_word' id='word_1_74' title='bbox 1308 1895 1394 1959; x_wconf 91' lang='lat' dir='ltr'>salus</span> <span class='ocrx_word' id='word_1_75' title='bbox 1416 1897 1458 1960; x_wconf 92' lang='lat' dir='ltr'>sit</span> <span class='ocrx_word' id='word_1_76' title='bbox 1478 1898 1584 1980; x_wconf 82' lang='lat' dir='ltr'>posita</span> <span class='ocrx_word' id='word_1_77' title='bbox 1603 1896 1652 1960; x_wconf 92' lang='lat' dir='ltr'>rei</span> 
     </span>
     <span class='ocr_line' id='line_1_9' title="bbox 326 1989 1652 2080; baseline 0 -23"><span class='ocrx_word' id='word_1_78' title='bbox 326 1995 488 2080; x_wconf 84' lang='lat' dir='ltr'>publicae,</span> <span class='ocrx_word' id='word_1_79' title='bbox 510 2012 582 2056; x_wconf 91' lang='lat' dir='ltr'>cum</span> <span class='ocrx_word' id='word_1_80' title='bbox 603 2011 622 2055; x_wconf 90' lang='lat' dir='ltr'>a</span> <span class='ocrx_word' id='word_1_81' title='bbox 642 1991 762 2074; x_wconf 90' lang='lat' dir='ltr'>populo</span> <span class='ocrx_word' id='word_1_82' title='bbox 784 1992 924 2055; x_wconf 85' lang='lat' dir='ltr'>Romano</span> <span class='ocrx_word' id='word_1_83' title='bbox 939 1991 1081 2073; x_wconf 82' lang='lat' dir='ltr'>pestiferi</span> <span class='ocrx_word' id='word_1_84' title='bbox 1096 1991 1180 2053; x_wconf 90' lang='lat' dir='ltr'>cives</span> <span class='ocrx_word' id='word_1_85' title='bbox 1196 1989 1435 2074; x_wconf 78' lang='lat' dir='ltr'>parricidaeque</span> <span class='ocrx_word' id='word_1_86' title='bbox 1449 1990 1652 2057; x_wconf 65' lang='lat' dir='ltr'>desciverint,</span> 
     </span>
     <span class='ocr_line' id='line_1_10' title="bbox 328 2084 1652 2171; baseline -0.005 -19"><span class='ocrx_word' id='word_1_87' title='bbox 328 2108 465 2171; x_wconf 85' lang='lat' dir='ltr'>cumque</span> <span class='ocrx_word' id='word_1_88' title='bbox 496 2086 529 2150; x_wconf 95' lang='lat' dir='ltr'>id</span> <span class='ocrx_word' id='word_1_89' title='bbox 556 2085 673 2149; x_wconf 89' lang='lat' dir='ltr'>bellum</span> <span class='ocrx_word' id='word_1_90' title='bbox 703 2103 862 2167; x_wconf 78' lang='lat' dir='ltr'>geramus,</span> <span class='ocrx_word' id='word_1_91' title='bbox 898 2105 963 2168; x_wconf 89' lang='lat' dir='ltr'>quo</span> <span class='ocrx_word' id='word_1_92' title='bbox 985 2085 1069 2148; x_wconf 91' lang='lat' dir='ltr'>bello</span> <span class='ocrx_word' id='word_1_93' title='bbox 1092 2084 1132 2147; x_wconf 90' lang='lat' dir='ltr'>de</span> <span class='ocrx_word' id='word_1_94' title='bbox 1153 2084 1322 2166; x_wconf 73' lang='lat' dir='ltr'>dignitate,</span> <span class='ocrx_word' id='word_1_95' title='bbox 1354 2084 1395 2148; x_wconf 91' lang='lat' dir='ltr'>ds</span> <span class='ocrx_word' id='word_1_96' title='bbox 1417 2085 1581 2158; x_wconf 84' lang='lat' dir='ltr'>libertate,</span> <span class='ocrx_word' id='word_1_97' title='bbox 1609 2085 1652 2147; x_wconf 93' lang='lat' dir='ltr'>de</span> 
     </span>
     <span class='ocr_line' id='line_1_11' title="bbox 290 2178 1653 2262; baseline -0.004 -16"><span class='ocrx_word' id='word_1_98' title='bbox 290 2182 392 2246; x_wconf 68' lang='lat' dir='ltr'>touta</span> <span class='ocrx_word' id='word_1_99' title='bbox 413 2181 633 2253; x_wconf 87' lang='lat' dir='ltr'>decernamus,</span> <span class='ocrx_word' id='word_1_100' title='bbox 663 2179 689 2241; x_wconf 94' lang='lat' dir='ltr'>si</span> <span class='ocrx_word' id='word_1_101' title='bbox 718 2178 752 2240; x_wconf 90' lang='lat' dir='ltr'>in</span> <span class='ocrx_word' id='word_1_102' title='bbox 780 2186 968 2261; x_wconf 89' lang='lat' dir='ltr'>potestatem</span> <span class='ocrx_word' id='word_1_103' title='bbox 992 2180 1063 2262; x_wconf 88' lang='lat' dir='ltr'>quis</span> <span class='ocrx_word' id='word_1_104' title='bbox 1084 2178 1215 2241; x_wconf 80' lang='lat' dir='ltr'>Antonii</span> <span class='ocrx_word' id='word_1_105' title='bbox 1236 2179 1375 2251; x_wconf 86' lang='lat' dir='ltr'>venerit,</span> <span class='ocrx_word' id='word_1_106' title='bbox 1402 2180 1567 2262; x_wconf 89' lang='lat' dir='ltr'>proposita</span> <span class='ocrx_word' id='word_1_107' title='bbox 1588 2178 1653 2241; x_wconf 92' lang='lat' dir='ltr'>sint</span> 
     </span>
     <span class='ocr_line' id='line_1_12' title="bbox 327 2272 1654 2355; baseline -0.004 -17"><span class='ocrx_word' id='word_1_108' title='bbox 327 2280 481 2340; x_wconf 87' lang='lat' dir='ltr'>tormenta</span> <span class='ocrx_word' id='word_1_109' title='bbox 502 2280 597 2354; x_wconf 90' lang='lat' dir='ltr'>atque</span> <span class='ocrx_word' id='word_1_110' title='bbox 620 2272 795 2344; x_wconf 86' lang='lat' dir='ltr'>cruciatus,</span> <span class='ocrx_word' id='word_1_111' title='bbox 818 2292 955 2355; x_wconf 90' lang='lat' dir='ltr'>cumque</span> <span class='ocrx_word' id='word_1_112' title='bbox 976 2272 1086 2334; x_wconf 90' lang='lat' dir='ltr'>harum</span> <span class='ocrx_word' id='word_1_113' title='bbox 1108 2286 1213 2334; x_wconf 83' lang='lat' dir='ltr'>rerum</span> <span class='ocrx_word' id='word_1_114' title='bbox 1231 2272 1373 2335; x_wconf 90' lang='lat' dir='ltr'>omnium</span> <span class='ocrx_word' id='word_1_115' title='bbox 1388 2273 1559 2336; x_wconf 79' lang='lat' dir='ltr'>decertatio</span> <span class='ocrx_word' id='word_1_116' title='bbox 1575 2291 1654 2334; x_wconf 90' lang='lat' dir='ltr'>con-</span> 
     </span>
     <span class='ocr_line' id='line_1_13' title="bbox 328 2364 1653 2449; baseline -0.003 -17"><span class='ocrx_word' id='word_1_117' title='bbox 328 2368 449 2432; x_wconf 89' lang='lat' dir='ltr'>sulibus</span> <span class='ocrx_word' id='word_1_118' title='bbox 470 2366 598 2449; x_wconf 83' lang='lat' dir='ltr'>optimis</span> <span class='ocrx_word' id='word_1_119' title='bbox 620 2374 652 2429; x_wconf 91' lang='lat' dir='ltr'>et</span> <span class='ocrx_word' id='word_1_120' title='bbox 671 2364 851 2429; x_wconf 80' lang='lat' dir='ltr'>fortissimis</span> <span class='ocrx_word' id='word_1_121' title='bbox 872 2366 1039 2428; x_wconf 89' lang='lat' dir='ltr'>commissa</span> <span class='ocrx_word' id='word_1_122' title='bbox 1060 2373 1091 2428; x_wconf 87' lang='lat' dir='ltr'>ct</span> <span class='ocrx_word' id='word_1_123' title='bbox 1106 2366 1324 2428; x_wconf 89' lang='lat' dir='ltr'>commendata</span> <span class='ocrx_word' id='word_1_124' title='bbox 1345 2366 1402 2429; x_wconf 89' lang='lat' dir='ltr'>sit:</span> <span class='ocrx_word' id='word_1_125' title='bbox 1424 2367 1517 2430; x_wconf 78' lang='lat' dir='ltr'>Asiae</span> <span class='ocrx_word' id='word_1_126' title='bbox 1538 2374 1571 2430; x_wconf 90' lang='lat' dir='ltr'>et</span> <span class='ocrx_word' id='word_1_127' title='bbox 1593 2367 1653 2448; x_wconf 82' lang='lat' dir='ltr'>Sy-</span> 
     </span>
     <span class='ocr_line' id='line_1_14' title="bbox 326 2458 1653 2541; baseline -0.004 -16"><span class='ocrx_word' id='word_1_128' title='bbox 326 2462 394 2526; x_wconf 88' lang='lat' dir='ltr'>riae</span> <span class='ocrx_word' id='word_1_129' title='bbox 415 2461 533 2523; x_wconf 88' lang='lat' dir='ltr'>mentio</span> <span class='ocrx_word' id='word_1_130' title='bbox 553 2459 625 2534; x_wconf 86' lang='lat' dir='ltr'>fiet,</span> <span class='ocrx_word' id='word_1_131' title='bbox 646 2469 682 2522; x_wconf 94' lang='lat' dir='ltr'>ut</span> <span class='ocrx_word' id='word_1_132' title='bbox 704 2468 757 2523; x_wconf 92' lang='lat' dir='ltr'>aut</span> <span class='ocrx_word' id='word_1_133' title='bbox 779 2458 953 2541; x_wconf 92' lang='lat' dir='ltr'>suspicioni</span> <span class='ocrx_word' id='word_1_134' title='bbox 975 2460 1093 2521; x_wconf 88' lang='lat' dir='ltr'>crimen</span> <span class='ocrx_word' id='word_1_135' title='bbox 1115 2467 1170 2522; x_wconf 90' lang='lat' dir='ltr'>aot</span> <span class='ocrx_word' id='word_1_136' title='bbox 1191 2459 1329 2523; x_wconf 88' lang='lat' dir='ltr'>invidiae</span> <span class='ocrx_word' id='word_1_137' title='bbox 1345 2460 1508 2523; x_wconf 88' lang='lat' dir='ltr'>materiam</span> <span class='ocrx_word' id='word_1_138' title='bbox 1524 2458 1653 2523; x_wconf 88' lang='lat' dir='ltr'>dedisse</span> 
     </span>
     <span class='ocr_line' id='line_1_15' title="bbox 326 2550 1652 2627; baseline -0.005 -7"><span class='ocrx_word' id='word_1_139' title='bbox 326 2556 514 2621; x_wconf 74' lang='lat' dir='ltr'>videamur?</span> <span class='ocrx_word' id='word_1_140' title='bbox 557 2550 608 2618; x_wconf 71' lang='lat'>22.</span> <span class='ocrx_word' id='word_1_141' title='bbox 629 2555 671 2616; x_wconf 82' lang='lat' dir='ltr'>At</span> <span class='ocrx_word' id='word_1_142' title='bbox 690 2564 767 2617; x_wconf 71' lang='lat' dir='ltr'>&#39;vero</span> <span class='ocrx_word' id='word_1_143' title='bbox 789 2553 835 2616; x_wconf 89' lang='lat' dir='ltr'>ita</span> <span class='ocrx_word' id='word_1_144' title='bbox 856 2554 1045 2627; x_wconf 88' lang='lat' dir='ltr'>decernunt,</span> <span class='ocrx_word' id='word_1_145' title='bbox 1073 2559 1116 2614; x_wconf 90' lang='lat' dir='ltr'>ut</span> <span class='ocrx_word' id='word_1_146' title='bbox 1143 2551 1320 2617; x_wconf 90' lang='lat' dir='ltr'>liberato</span> <span class='ocrx_word' id='word_1_147' title='bbox 1342 2556 1479 2617; x_wconf 91' lang='lat' dir='ltr'>Bruto:</span> <span class='ocrx_word' id='word_1_148' title='bbox 1509 2552 1543 2616; x_wconf 94' lang='lat' dir='ltr'>id</span> <span class='ocrx_word' id='word_1_149' title='bbox 1565 2552 1652 2616; x_wconf 88' lang='lat' dir='ltr'>enim</span> 
     </span>
     <span class='ocr_line' id='line_1_16' title="bbox 290 2646 1654 2731; baseline -0.003 -20"><span class='ocrx_word' id='word_1_150' title='bbox 290 2650 480 2722; x_wconf 81' lang='lat' dir='ltr'>torestabat,</span> <span class='ocrx_word' id='word_1_151' title='bbox 506 2655 541 2711; x_wconf 90' lang='lat' dir='ltr'>ut</span> <span class='ocrx_word' id='word_1_152' title='bbox 562 2647 687 2721; x_wconf 87' lang='lat' dir='ltr'>relicto,</span> <span class='ocrx_word' id='word_1_153' title='bbox 710 2646 851 2721; x_wconf 86' lang='lat' dir='ltr'>deserto,</span> <span class='ocrx_word' id='word_1_154' title='bbox 874 2646 1010 2731; x_wconf 87' lang='lat' dir='ltr'>prodito.</span> <span class='ocrx_word' id='word_1_155' title='bbox 1045 2648 1113 2729; x_wconf 89' lang='lat' dir='ltr'>Ego</span> <span class='ocrx_word' id='word_1_156' title='bbox 1134 2666 1210 2709; x_wconf 81' lang='lat' dir='ltr'>vero</span> <span class='ocrx_word' id='word_1_157' title='bbox 1229 2648 1422 2710; x_wconf 90' lang='lat' dir='ltr'>mentionem</span> <span class='ocrx_word' id='word_1_158' title='bbox 1436 2647 1564 2711; x_wconf 88' lang='lat' dir='ltr'>omnino</span> <span class='ocrx_word' id='word_1_159' title='bbox 1578 2665 1654 2730; x_wconf 92' lang='lat' dir='ltr'>pro·</span> 
     </span>
     <span class='ocr_line' id='line_1_17' title="bbox 327 2739 1653 2824; baseline -0.004 -18"><span class='ocrx_word' id='word_1_160' title='bbox 327 2743 502 2806; x_wconf 83' lang='lat' dir='ltr'>vinciarum</span> <span class='ocrx_word' id='word_1_161' title='bbox 523 2739 637 2804; x_wconf 70' lang='lat' dir='ltr'>facum</span> <span class='ocrx_word' id='word_1_162' title='bbox 659 2740 729 2803; x_wconf 92' lang='lat' dir='ltr'>dico</span> <span class='ocrx_word' id='word_1_163' title='bbox 752 2741 944 2804; x_wconf 88' lang='lat' dir='ltr'>alienissimo</span> <span class='ocrx_word' id='word_1_164' title='bbox 967 2750 1119 2824; x_wconf 85' lang='lat' dir='ltr'>tempore.</span> <span class='ocrx_word' id='word_1_165' title='bbox 1155 2741 1307 2817; x_wconf 83' lang='lat' dir='ltr'>Quamvis</span> <span class='ocrx_word' id='word_1_166' title='bbox 1322 2744 1406 2806; x_wconf 89' lang='lat' dir='ltr'>enim</span> <span class='ocrx_word' id='word_1_167' title='bbox 1427 2741 1568 2804; x_wconf 88' lang='lat' dir='ltr'>intentus</span> <span class='ocrx_word' id='word_1_168' title='bbox 1582 2740 1653 2802; x_wconf 92' lang='lat' dir='ltr'>ani·</span> 
     </span>
     <span class='ocr_line' id='line_1_18' title="bbox 327 2834 1653 2909; baseline -0.003 -10"><span class='ocrx_word' id='word_1_169' title='bbox 327 2856 396 2899; x_wconf 93' lang='lat' dir='ltr'>mus</span> <span class='ocrx_word' id='word_1_170' title='bbox 418 2843 492 2897; x_wconf 92' lang='lat' dir='ltr'>tuus</span> <span class='ocrx_word' id='word_1_171' title='bbox 514 2834 572 2909; x_wconf 91' lang='lat' dir='ltr'>sit,</span> <span class='ocrx_word' id='word_1_172' title='bbox 595 2834 628 2897; x_wconf 84' lang='lat' dir='ltr'>C.</span> <span class='ocrx_word' id='word_1_173' title='bbox 651 2836 769 2909; x_wconf 91' lang='lat' dir='ltr'>Pansa,</span> <span class='ocrx_word' id='word_1_174' title='bbox 792 2835 873 2898; x_wconf 87' lang='lat' dir='ltr'>sicut</span> <span class='ocrx_word' id='word_1_175' title='bbox 895 2843 961 2909; x_wconf 90' lang='lat' dir='ltr'>est,</span> <span class='ocrx_word' id='word_1_176' title='bbox 983 2834 1024 2899; x_wconf 94' lang='lat' dir='ltr'>ad</span> <span class='ocrx_word' id='word_1_177' title='bbox 1043 2836 1143 2899; x_wconf 81' lang='lat' dir='ltr'>vinnm</span> <span class='ocrx_word' id='word_1_178' title='bbox 1164 2835 1369 2899; x_wconf 77' lang='lat' dir='ltr'>fortissimum</span> <span class='ocrx_word' id='word_1_179' title='bbox 1384 2842 1415 2898; x_wconf 89' lang='lat' dir='ltr'>et</span> <span class='ocrx_word' id='word_1_180' title='bbox 1429 2835 1572 2898; x_wconf 90' lang='lat' dir='ltr'>omnium</span> <span class='ocrx_word' id='word_1_181' title='bbox 1586 2834 1653 2898; x_wconf 88' lang='lat' dir='ltr'>cla·</span> 
     </span>
     <span class='ocr_line' id='line_1_19' title="bbox 325 2926 1652 3011; baseline 0 -19"><span class='ocrx_word' id='word_1_182' title='bbox 325 2928 485 2992; x_wconf 91' lang='lat' dir='ltr'>rissimum</span> <span class='ocrx_word' id='word_1_183' title='bbox 514 2926 727 3003; x_wconf 81' lang='lat' dir='ltr'>liberandum,</span> <span class='ocrx_word' id='word_1_184' title='bbox 755 2935 860 2991; x_wconf 91' lang='lat' dir='ltr'>tamen</span> <span class='ocrx_word' id='word_1_185' title='bbox 888 2949 994 2993; x_wconf 89' lang='lat' dir='ltr'>rerum</span> <span class='ocrx_word' id='word_1_186' title='bbox 1023 2938 1134 2992; x_wconf 88' lang='lat' dir='ltr'>natura</span> <span class='ocrx_word' id='word_1_187' title='bbox 1160 2938 1253 3011; x_wconf 82' lang='lat' dir='ltr'>coget</span> <span class='ocrx_word' id='word_1_188' title='bbox 1278 2937 1311 2993; x_wconf 86' lang='lat' dir='ltr'>te</span> <span class='ocrx_word' id='word_1_189' title='bbox 1332 2930 1510 2993; x_wconf 90' lang='lat' dir='ltr'>necessario</span> <span class='ocrx_word' id='word_1_190' title='bbox 1531 2927 1652 2993; x_wconf 82' lang='lat' dir='ltr'>referre</span> 
     </span>
     <span class='ocr_line' id='line_1_20' title="bbox 326 3022 1652 3107; baseline -0.002 -20"><span class='ocrx_word' id='word_1_191' title='bbox 326 3024 466 3087; x_wconf 89' lang='lat' dir='ltr'>animum</span> <span class='ocrx_word' id='word_1_192' title='bbox 496 3022 668 3105; x_wconf 87' lang='lat' dir='ltr'>aliquando</span> <span class='ocrx_word' id='word_1_193' title='bbox 695 3022 735 3085; x_wconf 92' lang='lat' dir='ltr'>ad</span> <span class='ocrx_word' id='word_1_194' title='bbox 762 3022 957 3087; x_wconf 87' lang='lat' dir='ltr'>Dolabellam</span> <span class='ocrx_word' id='word_1_195' title='bbox 982 3022 1239 3106; x_wconf 86' lang='lat' dir='ltr'>persequendum</span> <span class='ocrx_word' id='word_1_196' title='bbox 1260 3033 1294 3087; x_wconf 91' lang='lat' dir='ltr'>et</span> <span class='ocrx_word' id='word_1_197' title='bbox 1313 3033 1435 3107; x_wconf 85' lang='lat' dir='ltr'>partem</span> <span class='ocrx_word' id='word_1_198' title='bbox 1456 3024 1595 3107; x_wconf 88' lang='lat' dir='ltr'>aliquam</span> <span class='ocrx_word' id='word_1_199' title='bbox 1618 3023 1652 3085; x_wconf 90' lang='lat' dir='ltr'>in</span> 
     </span>
     <span class='ocr_line' id='line_1_21' title="bbox 288 3114 1653 3201; baseline -0.002 -19"><span class='ocrx_word' id='word_1_200' title='bbox 288 3120 432 3182; x_wconf 74' lang='lat' dir='ltr'>toAsiam</span> <span class='ocrx_word' id='word_1_201' title='bbox 454 3123 487 3179; x_wconf 89' lang='lat' dir='ltr'>et</span> <span class='ocrx_word' id='word_1_202' title='bbox 508 3116 630 3199; x_wconf 84' lang='lat' dir='ltr'>Syriam</span> <span class='ocrx_word' id='word_1_203' title='bbox 651 3115 794 3180; x_wconf 82' lang='lat' dir='ltr'>derivare</span> <span class='ocrx_word' id='word_1_204' title='bbox 816 3135 910 3179; x_wconf 89' lang='lat' dir='ltr'>curae</span> <span class='ocrx_word' id='word_1_205' title='bbox 934 3124 966 3179; x_wconf 89' lang='lat' dir='ltr'>et</span> <span class='ocrx_word' id='word_1_206' title='bbox 988 3118 1188 3198; x_wconf 74' lang='lat' dir='ltr'>cogitationis</span> <span class='ocrx_word' id='word_1_207' title='bbox 1208 3125 1290 3181; x_wconf 89' lang='lat' dir='ltr'>tuae.</span> <span class='ocrx_word' id='word_1_208' title='bbox 1325 3119 1358 3180; x_wconf 88' lang='lat' dir='ltr'>Si</span> <span class='ocrx_word' id='word_1_209' title='bbox 1374 3126 1480 3201; x_wconf 76' lang='lat' dir='ltr'>autem</span> <span class='ocrx_word' id='word_1_210' title='bbox 1495 3114 1562 3179; x_wconf 88' lang='lat' dir='ltr'>fieri</span> <span class='ocrx_word' id='word_1_211' title='bbox 1576 3136 1653 3199; x_wconf 90' lang='lat' dir='ltr'>pos·</span> 
     </span>
     <span class='ocr_line' id='line_1_22' title="bbox 326 3207 1653 3293; baseline -0.002 -19"><span class='ocrx_word' id='word_1_212' title='bbox 326 3219 391 3286; x_wconf 85' lang='lat' dir='ltr'>set,</span> <span class='ocrx_word' id='word_1_213' title='bbox 419 3207 470 3272; x_wconf 88' lang='lat' dir='ltr'>vel</span> <span class='ocrx_word' id='word_1_214' title='bbox 499 3208 605 3292; x_wconf 86' lang='lat' dir='ltr'>plures</span> <span class='ocrx_word' id='word_1_215' title='bbox 635 3217 666 3272; x_wconf 88' lang='lat' dir='ltr'>ts</span> <span class='ocrx_word' id='word_1_216' title='bbox 687 3209 810 3272; x_wconf 91' lang='lat' dir='ltr'>animos</span> <span class='ocrx_word' id='word_1_217' title='bbox 832 3210 947 3273; x_wconf 86' lang='lat' dir='ltr'>hahere</span> <span class='ocrx_word' id='word_1_218' title='bbox 969 3210 1101 3282; x_wconf 82' lang='lat' dir='ltr'>vellem,</span> <span class='ocrx_word' id='word_1_219' title='bbox 1129 3231 1209 3293; x_wconf 88' lang='lat' dir='ltr'>quos</span> <span class='ocrx_word' id='word_1_220' title='bbox 1232 3232 1342 3275; x_wconf 89' lang='lat' dir='ltr'>omues</span> <span class='ocrx_word' id='word_1_221' title='bbox 1363 3212 1404 3275; x_wconf 88' lang='lat' dir='ltr'>ad</span> <span class='ocrx_word' id='word_1_222' title='bbox 1426 3212 1580 3276; x_wconf 82' lang='lat' dir='ltr'>Mutinam</span> <span class='ocrx_word' id='word_1_223' title='bbox 1603 3212 1653 3273; x_wconf 93' lang='lat' dir='ltr'>in·</span> 
     </span>
     <span class='ocr_line' id='line_1_23' title="bbox 326 3300 1652 3389; baseline -0.001 -20"><span class='ocrx_word' id='word_1_224' title='bbox 326 3305 484 3369; x_wconf 84' lang='lat' dir='ltr'>tenderes.</span> <span class='ocrx_word' id='word_1_225' title='bbox 522 3302 615 3378; x_wconf 89' lang='lat' dir='ltr'>Quod</span> <span class='ocrx_word' id='word_1_226' title='bbox 646 3305 796 3386; x_wconf 90' lang='lat' dir='ltr'>quoniam</span> <span class='ocrx_word' id='word_1_227' title='bbox 818 3300 885 3366; x_wconf 88' lang='lat' dir='ltr'>fieri</span> <span class='ocrx_word' id='word_1_228' title='bbox 906 3321 971 3366; x_wconf 91' lang='lat' dir='ltr'>non</span> <span class='ocrx_word' id='word_1_229' title='bbox 994 3311 1114 3385; x_wconf 90' lang='lat' dir='ltr'>potest,</span> <span class='ocrx_word' id='word_1_230' title='bbox 1145 3305 1206 3367; x_wconf 92' lang='lat' dir='ltr'>isto</span> <span class='ocrx_word' id='word_1_231' title='bbox 1227 3314 1258 3367; x_wconf 89' lang='lat' dir='ltr'>te</span> <span class='ocrx_word' id='word_1_232' title='bbox 1280 3306 1405 3379; x_wconf 91' lang='lat' dir='ltr'>animo,</span> <span class='ocrx_word' id='word_1_233' title='bbox 1435 3325 1529 3389; x_wconf 89' lang='lat' dir='ltr'>quem</span> <span class='ocrx_word' id='word_1_234' title='bbox 1552 3304 1652 3369; x_wconf 82' lang='lat' dir='ltr'>habes</span> 
     </span>
     <span class='ocr_line' id='line_1_24' title="bbox 326 3395 1652 3481; baseline 0.002 -21"><span class='ocrx_word' id='word_1_235' title='bbox 326 3397 628 3481; x_wconf 86' lang='lat' dir='ltr'>praestantissimum</span> <span class='ocrx_word' id='word_1_236' title='bbox 650 3403 747 3479; x_wconf 86' lang='lat' dir='ltr'>atque</span> <span class='ocrx_word' id='word_1_237' title='bbox 769 3397 938 3479; x_wconf 83' lang='lat' dir='ltr'>optimum,</span> <span class='ocrx_word' id='word_1_238' title='bbox 968 3395 1048 3481; x_wconf 88' lang='lat' dir='ltr'>nibil</span> <span class='ocrx_word' id='word_1_239' title='bbox 1069 3397 1214 3461; x_wconf 90' lang='lat' dir='ltr'>volumus</span> <span class='ocrx_word' id='word_1_240' title='bbox 1235 3399 1298 3461; x_wconf 92' lang='lat' dir='ltr'>nisi</span> <span class='ocrx_word' id='word_1_241' title='bbox 1321 3400 1360 3462; x_wconf 92' lang='lat' dir='ltr'>de</span> <span class='ocrx_word' id='word_1_242' title='bbox 1382 3401 1478 3462; x_wconf 87' lang='lat' dir='ltr'>Bruto</span> <span class='ocrx_word' id='word_1_243' title='bbox 1500 3400 1652 3481; x_wconf 60' lang='lat' dir='ltr'>copore.</span> 
     </span>
     <span class='ocr_line' id='line_1_25' title="bbox 327 3488 1651 3575; baseline 0.002 -22"><span class='ocrx_word' id='word_1_244' title='bbox 327 3488 378 3553; x_wconf 75' lang='lat'>23.</span> <span class='ocrx_word' id='word_1_245' title='bbox 400 3490 490 3554; x_wconf 86' lang='lat' dir='ltr'>Facis</span> <span class='ocrx_word' id='word_1_246' title='bbox 511 3498 546 3553; x_wconf 87' lang='lat' dir='ltr'>tu</span> <span class='ocrx_word' id='word_1_247' title='bbox 567 3490 599 3551; x_wconf 94' lang='lat' dir='ltr'>id</span> <span class='ocrx_word' id='word_1_248' title='bbox 622 3491 750 3573; x_wconf 88' lang='lat' dir='ltr'>quidem</span> <span class='ocrx_word' id='word_1_249' title='bbox 773 3498 804 3553; x_wconf 90' lang='lat' dir='ltr'>et</span> <span class='ocrx_word' id='word_1_250' title='bbox 817 3510 856 3553; x_wconf 89' lang='lat' dir='ltr'>eo</span> <span class='ocrx_word' id='word_1_251' title='bbox 872 3491 1007 3553; x_wconf 83' lang='lat' dir='ltr'>maxime</span> <span class='ocrx_word' id='word_1_252' title='bbox 1022 3491 1195 3566; x_wconf 88' lang='lat' dir='ltr'>incumbis,</span> <span class='ocrx_word' id='word_1_253' title='bbox 1217 3501 1252 3555; x_wconf 90' lang='lat' dir='ltr'>ut</span> <span class='ocrx_word' id='word_1_254' title='bbox 1267 3493 1425 3575; x_wconf 78' lang='lat' dir='ltr'>intelligo:</span> <span class='ocrx_word' id='word_1_255' title='bbox 1449 3492 1529 3557; x_wconf 91' lang='lat' dir='ltr'>duas</span> <span class='ocrx_word' id='word_1_256' title='bbox 1544 3501 1651 3557; x_wconf 90' lang='lat' dir='ltr'>tamen</span> 
     </span>
     <span class='ocr_line' id='line_1_26' title="bbox 289 3583 1651 3669; baseline -0.001 -19"><span class='ocrx_word' id='word_1_257' title='bbox 289 3601 394 3658; x_wconf 82' lang='lat' dir='ltr'>rores,</span> <span class='ocrx_word' id='word_1_258' title='bbox 417 3601 546 3665; x_wconf 89' lang='lat' dir='ltr'>magnas</span> <span class='ocrx_word' id='word_1_259' title='bbox 567 3585 764 3666; x_wconf 88' lang='lat' dir='ltr'>praesertim,</span> <span class='ocrx_word' id='word_1_260' title='bbox 787 3605 852 3647; x_wconf 95' lang='lat' dir='ltr'>non</span> <span class='ocrx_word' id='word_1_261' title='bbox 874 3583 969 3647; x_wconf 92' lang='lat' dir='ltr'>modo</span> <span class='ocrx_word' id='word_1_262' title='bbox 987 3602 1080 3666; x_wconf 88' lang='lat' dir='ltr'>agero</span> <span class='ocrx_word' id='word_1_263' title='bbox 1096 3605 1159 3647; x_wconf 89' lang='lat' dir='ltr'>uno</span> <span class='ocrx_word' id='word_1_264' title='bbox 1174 3593 1331 3668; x_wconf 90' lang='lat' dir='ltr'>ternpore,</span> <span class='ocrx_word' id='word_1_265' title='bbox 1354 3587 1466 3650; x_wconf 90' lang='lat' dir='ltr'>sedne</span> <span class='ocrx_word' id='word_1_266' title='bbox 1481 3586 1651 3669; x_wconf 88' lang='lat' dir='ltr'>cogitando</span> 
     </span>
     <span class='ocr_line' id='line_1_27' title="bbox 328 3677 1651 3764; baseline 0.002 -22"><span class='ocrx_word' id='word_1_267' title='bbox 328 3677 457 3764; x_wconf 89' lang='lat' dir='ltr'>quidem</span> <span class='ocrx_word' id='word_1_268' title='bbox 485 3677 642 3760; x_wconf 83' lang='lat' dir='ltr'>explicare</span> <span class='ocrx_word' id='word_1_269' title='bbox 671 3679 840 3762; x_wconf 90' lang='lat' dir='ltr'>quisquam</span> <span class='ocrx_word' id='word_1_270' title='bbox 868 3687 980 3762; x_wconf 85' lang='lat' dir='ltr'>potest</span> <span class='ocrx_word' id='word_1_271' title='bbox 1023 3681 1156 3744; x_wconf 79' lang='lat' dir='ltr'>Incitato</span> <span class='ocrx_word' id='word_1_272' title='bbox 1186 3689 1218 3743; x_wconf 82' lang='lat' dir='ltr'>et</span> <span class='ocrx_word' id='word_1_273' title='bbox 1241 3683 1433 3746; x_wconf 85' lang='lat' dir='ltr'>inflammare</span> <span class='ocrx_word' id='word_1_274' title='bbox 1455 3690 1546 3745; x_wconf 86' lang='lat' dir='ltr'>tuum</span> <span class='ocrx_word' id='word_1_275' title='bbox 1567 3681 1651 3745; x_wconf 91' lang='lat' dir='ltr'>istnc</span> 
     </span>
     <span class='ocr_line' id='line_1_28' title="bbox 326 3771 1651 3858; baseline 0.003 -23"><span class='ocrx_word' id='word_1_276' title='bbox 326 3771 628 3858; x_wconf 86' lang='lat' dir='ltr'>praestantissimum</span> <span class='ocrx_word' id='word_1_277' title='bbox 650 3772 804 3847; x_wconf 84' lang='lat' dir='ltr'>studium,</span> <span class='ocrx_word' id='word_1_278' title='bbox 825 3793 891 3835; x_wconf 92' lang='lat' dir='ltr'>non</span> <span class='ocrx_word' id='word_1_279' title='bbox 911 3773 952 3836; x_wconf 90' lang='lat' dir='ltr'>ad</span> <span class='ocrx_word' id='word_1_280' title='bbox 974 3772 1070 3837; x_wconf 92' lang='lat' dir='ltr'>aliam</span> <span class='ocrx_word' id='word_1_281' title='bbox 1089 3773 1156 3836; x_wconf 90' lang='lat' dir='ltr'>ulla</span> <span class='ocrx_word' id='word_1_282' title='bbox 1176 3793 1218 3837; x_wconf 85' lang='lat' dir='ltr'>ex</span> <span class='ocrx_word' id='word_1_283' title='bbox 1238 3784 1327 3857; x_wconf 85' lang='lat' dir='ltr'>parte</span> <span class='ocrx_word' id='word_1_284' title='bbox 1350 3796 1456 3839; x_wconf 89' lang='lat' dir='ltr'>curam</span> <span class='ocrx_word' id='word_1_285' title='bbox 1478 3773 1651 3839; x_wconf 78' lang='lat' dir='ltr'>transferre</span> 
     </span>
     <span class='ocr_line' id='line_1_29' title="bbox 328 3862 1650 3952; baseline 0.002 -23"><span class='ocrx_word' id='word_1_286' title='bbox 328 3865 488 3928; x_wconf 85' lang='lat' dir='ltr'>debemus.</span> <span class='ocrx_word' id='word_1_287' title='bbox 531 3864 572 3926; x_wconf 85' lang='lat' dir='ltr'>X.</span> <span class='ocrx_word' id='word_1_288' title='bbox 593 3862 682 3927; x_wconf 77' lang='lat' dir='ltr'>Adde</span> <span class='ocrx_word' id='word_1_289' title='bbox 712 3866 792 3928; x_wconf 88' lang='lat' dir='ltr'>istuc</span> <span class='ocrx_word' id='word_1_290' title='bbox 819 3884 981 3929; x_wconf 89' lang='lat' dir='ltr'>sermones</span> <span class='ocrx_word' id='word_1_291' title='bbox 1009 3867 1190 3944; x_wconf 85' lang='lat' dir='ltr'>hominum,</span> <span class='ocrx_word' id='word_1_292' title='bbox 1218 3869 1301 3932; x_wconf 88' lang='lat' dir='ltr'>adde</span> <span class='ocrx_word' id='word_1_293' title='bbox 1322 3871 1539 3952; x_wconf 82' lang='lat' dir='ltr'>suspiciones,</span> <span class='ocrx_word' id='word_1_294' title='bbox 1567 3869 1650 3932; x_wconf 88' lang='lat' dir='ltr'>adde</span> 
     </span>
     <span class='ocr_line' id='line_1_30' title="bbox 326 3958 1651 4046; baseline 0.003 -23"><span class='ocrx_word' id='word_1_295' title='bbox 326 3959 486 4023; x_wconf 83' lang='lat' dir='ltr'>invidiam.</span> <span class='ocrx_word' id='word_1_296' title='bbox 523 3958 648 4020; x_wconf 89' lang='lat' dir='ltr'>Imitare</span> <span class='ocrx_word' id='word_1_297' title='bbox 670 3977 738 4031; x_wconf 87' lang='lat' dir='ltr'>me,</span> <span class='ocrx_word' id='word_1_298' title='bbox 767 3979 861 4042; x_wconf 88' lang='lat' dir='ltr'>quem</span> <span class='ocrx_word' id='word_1_299' title='bbox 884 3966 919 4022; x_wconf 84' lang='lat' dir='ltr'>tu</span> <span class='ocrx_word' id='word_1_300' title='bbox 941 3979 1066 4042; x_wconf 88' lang='lat' dir='ltr'>semper</span> <span class='ocrx_word' id='word_1_301' title='bbox 1086 3960 1242 4024; x_wconf 86' lang='lat' dir='ltr'>laudasti:</span> <span class='ocrx_word' id='word_1_302' title='bbox 1271 3963 1326 4046; x_wconf 87' lang='lat' dir='ltr'>qui</span> <span class='ocrx_word' id='word_1_303' title='bbox 1349 3964 1533 4027; x_wconf 89' lang='lat' dir='ltr'>instructam</span> <span class='ocrx_word' id='word_1_304' title='bbox 1556 3982 1651 4027; x_wconf 85' lang='lat' dir='ltr'>orna·</span> 
     </span>
     <span class='ocr_line' id='line_1_31' title="bbox 290 4051 1649 4138; baseline -0.001 -19"><span class='ocrx_word' id='word_1_305' title='bbox 290 4061 455 4135; x_wconf 80' lang='lat' dir='ltr'>totamque</span> <span class='ocrx_word' id='word_1_306' title='bbox 476 4071 496 4116; x_wconf 89' lang='lat' dir='ltr'>a</span> <span class='ocrx_word' id='word_1_307' title='bbox 516 4059 627 4115; x_wconf 88' lang='lat' dir='ltr'>senatu</span> <span class='ocrx_word' id='word_1_308' title='bbox 649 4051 844 4133; x_wconf 87' lang='lat' dir='ltr'>provinciam</span> <span class='ocrx_word' id='word_1_309' title='bbox 859 4051 1011 4135; x_wconf 89' lang='lat' dir='ltr'>deposui,</span> <span class='ocrx_word' id='word_1_310' title='bbox 1033 4061 1069 4116; x_wconf 91' lang='lat' dir='ltr'>ut</span> <span class='ocrx_word' id='word_1_311' title='bbox 1089 4053 1272 4119; x_wconf 91' lang='lat' dir='ltr'>incendium</span> <span class='ocrx_word' id='word_1_312' title='bbox 1295 4057 1414 4138; x_wconf 88' lang='lat' dir='ltr'>patriae</span> <span class='ocrx_word' id='word_1_313' title='bbox 1429 4059 1545 4120; x_wconf 90' lang='lat' dir='ltr'>omissa</span> <span class='ocrx_word' id='word_1_314' title='bbox 1561 4056 1649 4120; x_wconf 91' lang='lat' dir='ltr'>omni</span> 
     </span>
     <span class='ocr_line' id='line_1_32' title="bbox 329 4143 1649 4238; baseline 0.002 -28"><span class='ocrx_word' id='word_1_315' title='bbox 329 4147 515 4228; x_wconf 88' lang='lat' dir='ltr'>cogitatione</span> <span class='ocrx_word' id='word_1_316' title='bbox 538 4143 774 4227; x_wconf 87' lang='lat' dir='ltr'>restinguerem.</span> <span class='ocrx_word' id='word_1_317' title='bbox 808 4149 908 4209; x_wconf 91' lang='lat' dir='ltr'>Nemo</span> <span class='ocrx_word' id='word_1_318' title='bbox 930 4146 991 4210; x_wconf 90' lang='lat' dir='ltr'>erit</span> <span class='ocrx_word' id='word_1_319' title='bbox 1011 4155 1137 4238; x_wconf 65' lang='lat' dir='ltr'>ppaetsr</span> <span class='ocrx_word' id='word_1_320' title='bbox 1151 4169 1248 4211; x_wconf 90' lang='lat' dir='ltr'>unum</span> <span class='ocrx_word' id='word_1_321' title='bbox 1263 4169 1324 4224; x_wconf 86' lang='lat' dir='ltr'>me,</span> <span class='ocrx_word' id='word_1_322' title='bbox 1346 4150 1472 4232; x_wconf 89' lang='lat' dir='ltr'>quicum</span> <span class='ocrx_word' id='word_1_323' title='bbox 1494 4149 1649 4232; x_wconf 87' lang='lat' dir='ltr'>profecto,</span> 
     </span>
     <span class='ocr_line' id='line_1_33' title="bbox 329 4238 1651 4324; baseline 0.003 -22"><span class='ocrx_word' id='word_1_324' title='bbox 329 4240 355 4302; x_wconf 93' lang='lat' dir='ltr'>si</span> <span class='ocrx_word' id='word_1_325' title='bbox 379 4240 455 4324; x_wconf 92' lang='lat' dir='ltr'>quid</span> <span class='ocrx_word' id='word_1_326' title='bbox 477 4238 629 4301; x_wconf 87' lang='lat' dir='ltr'>interesse</span> <span class='ocrx_word' id='word_1_327' title='bbox 652 4248 705 4301; x_wconf 91' lang='lat' dir='ltr'>tua</span> <span class='ocrx_word' id='word_1_328' title='bbox 725 4246 887 4322; x_wconf 88' lang='lat' dir='ltr'>putasses,</span> <span class='ocrx_word' id='word_1_329' title='bbox 916 4260 973 4323; x_wconf 90' lang='lat' dir='ltr'>pro</span> <span class='ocrx_word' id='word_1_330' title='bbox 1003 4260 1124 4303; x_wconf 89' lang='lat' dir='ltr'>summa</span> <span class='ocrx_word' id='word_1_331' title='bbox 1144 4241 1355 4305; x_wconf 86' lang='lat' dir='ltr'>familiaritate</span> <span class='ocrx_word' id='word_1_332' title='bbox 1378 4251 1487 4306; x_wconf 90' lang='lat' dir='ltr'>nostra</span> <span class='ocrx_word' id='word_1_333' title='bbox 1509 4263 1651 4306; x_wconf 91' lang='lat' dir='ltr'>commu·</span> 
     </span>
     <span class='ocr_line' id='line_1_34' title="bbox 328 4333 1650 4417; baseline 0.002 -21"><span class='ocrx_word' id='word_1_334' title='bbox 328 4333 487 4408; x_wconf 85' lang='lat' dir='ltr'>nicasses,</span> <span class='ocrx_word' id='word_1_335' title='bbox 520 4334 575 4416; x_wconf 88' lang='lat' dir='ltr'>qui</span> <span class='ocrx_word' id='word_1_336' title='bbox 605 4334 711 4396; x_wconf 86' lang='lat' dir='ltr'>credat</span> <span class='ocrx_word' id='word_1_337' title='bbox 738 4340 769 4396; x_wconf 84' lang='lat' dir='ltr'>ts</span> <span class='ocrx_word' id='word_1_338' title='bbox 797 4334 896 4398; x_wconf 84' lang='lat' dir='ltr'>invito</span> <span class='ocrx_word' id='word_1_339' title='bbox 925 4334 1120 4417; x_wconf 82' lang='lat' dir='ltr'>provinciam</span> <span class='ocrx_word' id='word_1_340' title='bbox 1151 4336 1207 4399; x_wconf 91' lang='lat' dir='ltr'>tibi</span> <span class='ocrx_word' id='word_1_341' title='bbox 1237 4356 1307 4400; x_wconf 91' lang='lat' dir='ltr'>esse</span> <span class='ocrx_word' id='word_1_342' title='bbox 1329 4336 1498 4400; x_wconf 90' lang='lat' dir='ltr'>decretam.</span> <span class='ocrx_word' id='word_1_343' title='bbox 1543 4338 1650 4412; x_wconf 88' lang='lat' dir='ltr'>Hanc,</span> 
     </span>
    </p>
   </div>
   <div class='ocr_carea' id='block_1_4' title="bbox 324 4649 1653 5909">
    <p class='ocr_par' dir='ltr' id='par_1_4' title="bbox 324 4649 1653 5909">
     <span class='ocr_line' id='line_1_35' title="bbox 394 4649 1650 4719; baseline 0.002 -18"><span class='ocrx_word' id='word_1_344' title='bbox 394 4654 418 4702; x_wconf 85' lang='lat' dir='ltr'>t.</span> <span class='ocrx_word' id='word_1_345' title='bbox 436 4656 536 4701; x_wconf 81' lang='lat' dir='ltr'>octenas</span> <span class='ocrx_word' id='word_1_346' title='bbox 551 4652 573 4701; x_wconf 87' lang='lat' dir='ltr'>V</span> <span class='ocrx_word' id='word_1_347' title='bbox 591 4678 618 4687; x_wconf 95' lang='lat'><em>-</em></span> <span class='ocrx_word' id='word_1_348' title='bbox 637 4663 668 4701; x_wconf 79' lang='lat' dir='ltr'>ss</span> <span class='ocrx_word' id='word_1_349' title='bbox 683 4651 811 4714; x_wconf 69' lang='lat' dir='ltr'>refragari</span> <span class='ocrx_word' id='word_1_350' title='bbox 827 4649 912 4700; x_wconf 84' lang='lat' dir='ltr'>omb</span> <span class='ocrx_word' id='word_1_351' title='bbox 931 4677 958 4686; x_wconf 94' lang='lat'>-</span> <span class='ocrx_word' id='word_1_352' title='bbox 977 4651 1002 4700; x_wconf 70' lang='grc' dir='ltr'>Ξ.</span> <span class='ocrx_word' id='word_1_353' title='bbox 1020 4652 1064 4701; x_wconf 74' lang='lat' dir='ltr'>cos·</span> <span class='ocrx_word' id='word_1_354' title='bbox 1081 4651 1142 4716; x_wconf 71' lang='lat' dir='ltr'>qaas]</span> <span class='ocrx_word' id='word_1_355' title='bbox 1160 4653 1181 4701; x_wconf 83' lang='lat' dir='ltr'>rt</span> <span class='ocrx_word' id='word_1_356' title='bbox 1197 4652 1253 4714; x_wconf 72' lang='lat' dir='ltr'>pots</span> <span class='ocrx_word' id='word_1_357' title='bbox 1268 4652 1289 4701; x_wconf 81' lang='lat' dir='ltr'>st</span> <span class='ocrx_word' id='word_1_358' title='bbox 1306 4653 1406 4715; x_wconf 67' lang='lat' dir='ltr'>psov,</span> <span class='ocrx_word' id='word_1_359' title='bbox 1424 4652 1473 4704; x_wconf 86' lang='lat' dir='ltr'>sed</span> <span class='ocrx_word' id='word_1_360' title='bbox 1490 4666 1584 4719; x_wconf 89' lang='lat' dir='ltr'>supra,</span> <span class='ocrx_word' id='word_1_361' title='bbox 1603 4653 1650 4704; x_wconf 86' lang='lat' dir='ltr'>ubi</span> 
     </span>
     <span class='ocr_line' id='line_1_36' title="bbox 328 4725 1651 4791; baseline 0.004 -16"><span class='ocrx_word' id='word_1_362' title='bbox 328 4726 371 4776; x_wconf 87' lang='lat' dir='ltr'>hic</span> <span class='ocrx_word' id='word_1_363' title='bbox 387 4725 460 4776; x_wconf 90' lang='lat' dir='ltr'>locus</span> <span class='ocrx_word' id='word_1_364' title='bbox 477 4740 492 4776; x_wconf 87' lang='lat' dir='ltr'>a</span> <span class='ocrx_word' id='word_1_365' title='bbox 509 4725 596 4777; x_wconf 82' lang='lat' dir='ltr'>scriba</span> <span class='ocrx_word' id='word_1_366' title='bbox 613 4728 770 4790; x_wconf 88' lang='lat' dir='ltr'>praeceptus</span> <span class='ocrx_word' id='word_1_367' title='bbox 787 4727 829 4775; x_wconf 89' lang='lat' dir='ltr'>est</span> <span class='ocrx_word' id='word_1_368' title='bbox 846 4726 880 4787; x_wconf 87' lang='lat' dir='ltr'>(v.</span> <span class='ocrx_word' id='word_1_369' title='bbox 898 4725 932 4775; x_wconf 89' lang='lat' dir='ltr'>ad</span> <span class='ocrx_word' id='word_1_370' title='bbox 950 4740 975 4789; x_wconf 87' lang='lat' dir='ltr'>p.</span> <span class='ocrx_word' id='word_1_371' title='bbox 996 4726 1068 4784; x_wconf 73' lang='lat'>⁴36⁴,</span> <span class='ocrx_word' id='word_1_372' title='bbox 1086 4729 1124 4788; x_wconf 69' lang='grc' dir='ltr'>Ξ),</span> <span class='ocrx_word' id='word_1_373' title='bbox 1151 4731 1223 4776; x_wconf 87' lang='lat' dir='ltr'>recte</span> <span class='ocrx_word' id='word_1_374' title='bbox 1241 4729 1342 4777; x_wconf 77' lang='lat' dir='ltr'>estetsi</span> <span class='ocrx_word' id='word_1_375' title='bbox 1358 4728 1413 4789; x_wconf 66' lang='lat' dir='ltr'>qaas</span> <span class='ocrx_word' id='word_1_376' title='bbox 1431 4755 1458 4763; x_wconf 99' lang='lat'>-</span> <span class='ocrx_word' id='word_1_377' title='bbox 1485 4729 1510 4779; x_wconf 78' lang='lat'>3.</span> <span class='ocrx_word' id='word_1_378' title='bbox 1526 4731 1651 4791; x_wconf 78' lang='lat' dir='ltr'>potssts‘t</span> 
     </span>
     <span class='ocr_line' id='line_1_37' title="bbox 330 4801 1651 4864; baseline 0.002 -12"><span class='ocrx_word' id='word_1_379' title='bbox 330 4828 357 4837; x_wconf 93' lang='lat'><em>-</em></span> <span class='ocrx_word' id='word_1_380' title='bbox 376 4801 401 4852; x_wconf 82' lang='lat' dir='ltr'>t.</span> <span class='ocrx_word' id='word_1_381' title='bbox 419 4801 541 4852; x_wconf 75' lang='lat' dir='ltr'>corssulV</span> <span class='ocrx_word' id='word_1_382' title='bbox 560 4827 586 4838; x_wconf 85' lang='lat'><em>-</em></span> <span class='ocrx_word' id='word_1_383' title='bbox 605 4802 630 4851; x_wconf 78' lang='grc'>5.</span> <span class='ocrx_word' id='word_1_384' title='bbox 648 4801 783 4851; x_wconf 81' lang='lat' dir='ltr'>suricmV</span> <span class='ocrx_word' id='word_1_385' title='bbox 803 4828 830 4838; x_wconf 90' lang='lat'><em>-</em></span> <span class='ocrx_word' id='word_1_386' title='bbox 850 4802 874 4851; x_wconf 86' lang='grc'>6.</span> <span class='ocrx_word' id='word_1_387' title='bbox 891 4801 1109 4863; x_wconf 73' lang='lat' dir='ltr'>republicsv-</span> <span class='ocrx_word' id='word_1_388' title='bbox 1128 4802 1267 4850; x_wconf 79' lang='lat' dir='ltr'>consolidas</span> <span class='ocrx_word' id='word_1_389' title='bbox 1283 4803 1413 4851; x_wconf 86' lang='lat' dir='ltr'>om.D-</span> <span class='ocrx_word' id='word_1_390' title='bbox 1432 4805 1651 4864; x_wconf 72' lang='lat' dir='ltr'>mauosdcsic</span> 
     </span>
     <span class='ocr_line' id='line_1_38' title="bbox 326 4875 1651 4941; baseline 0.002 -16"><span class='ocrx_word' id='word_1_391' title='bbox 326 4875 727 4926; x_wconf 63' lang='lat' dir='ltr'>munsteri-Mamm.</span> <span class='ocrx_word' id='word_1_392' title='bbox 746 4875 768 4924; x_wconf 90' lang='lat' dir='ltr'><strong>D</strong></span> <span class='ocrx_word' id='word_1_393' title='bbox 787 4876 977 4927; x_wconf 81' lang='lat' dir='ltr'>-tscth:</span> <span class='ocrx_word' id='word_1_394' title='bbox 997 4875 1244 4938; x_wconf 80' lang='lat' dir='ltr'>tacoqosnhg-</span> <span class='ocrx_word' id='word_1_395' title='bbox 1264 4877 1288 4927; x_wconf 89' lang='lat'>8.</span> <span class='ocrx_word' id='word_1_396' title='bbox 1307 4878 1651 4941; x_wconf 74' lang='lat' dir='ltr'>mmqasg-popaltro-</span> 
     </span>
     <span class='ocr_line' id='line_1_39' title="bbox 326 4948 1652 5015; baseline 0.002 -15"><span class='ocrx_word' id='word_1_397' title='bbox 326 4951 475 5000; x_wconf 79' lang='lat' dir='ltr'>moaiv-</span> <span class='ocrx_word' id='word_1_398' title='bbox 494 4948 518 4999; x_wconf 85' lang='grc'>9.</span> <span class='ocrx_word' id='word_1_399' title='bbox 536 4950 566 4999; x_wconf 83' lang='lat' dir='ltr'>dc</span> <span class='ocrx_word' id='word_1_400' title='bbox 581 4952 642 4999; x_wconf 84' lang='lat' dir='ltr'>ante</span> <span class='ocrx_word' id='word_1_401' title='bbox 659 4949 738 5000; x_wconf 78' lang='lat' dir='ltr'>libert.</span> <span class='ocrx_word' id='word_1_402' title='bbox 756 4950 885 4999; x_wconf 89' lang='lat' dir='ltr'>om.D-</span> <span class='ocrx_word' id='word_1_403' title='bbox 905 4951 945 5000; x_wconf 81' lang='grc'>40.</span> <span class='ocrx_word' id='word_1_404' title='bbox 963 4951 985 4999; x_wconf 82' lang='lat' dir='ltr'>si</span> <span class='ocrx_word' id='word_1_405' title='bbox 1002 4949 1110 5013; x_wconf 90' lang='lat' dir='ltr'>ngt:</span> <span class='ocrx_word' id='word_1_406' title='bbox 1130 4955 1152 5000; x_wconf 86' lang='lat' dir='ltr'>ct</span> <span class='ocrx_word' id='word_1_407' title='bbox 1168 4951 1189 4999; x_wconf 83' lang='lat' dir='ltr'>ss&#39;</span> <span class='ocrx_word' id='word_1_408' title='bbox 1206 4952 1250 4999; x_wconf 89' lang='lat' dir='ltr'>aO</span> <span class='ocrx_word' id='word_1_409' title='bbox 1267 4975 1294 4986; x_wconf 93' lang='lat'><em>-</em></span> <span class='ocrx_word' id='word_1_410' title='bbox 1314 4951 1401 4999; x_wconf 77' lang='lat' dir='ltr'>outoni</span> <span class='ocrx_word' id='word_1_411' title='bbox 1417 4950 1652 5015; x_wconf 74' lang='lat' dir='ltr'>ll-propoasitas</span> 
     </span>
     <span class='ocr_line' id='line_1_40' title="bbox 326 5019 1653 5088; baseline 0.003 -15"><span class='ocrx_word' id='word_1_412' title='bbox 326 5025 354 5073; x_wconf 83' lang='lat' dir='ltr'>ts</span> <span class='ocrx_word' id='word_1_413' title='bbox 370 5019 575 5074; x_wconf 70' lang='lat' dir='ltr'>tomentuW-</span> <span class='ocrx_word' id='word_1_414' title='bbox 592 5029 717 5074; x_wconf 70' lang='lat' dir='ltr'>muta·-</span> <span class='ocrx_word' id='word_1_415' title='bbox 737 5024 913 5074; x_wconf 83' lang='lat' dir='ltr'>tt.cama-</span> <span class='ocrx_word' id='word_1_416' title='bbox 931 5023 1098 5075; x_wconf 79' lang='lat' dir='ltr'>cosrslv¹-</span> <span class='ocrx_word' id='word_1_417' title='bbox 1118 5024 1653 5088; x_wconf 67' lang='lat' dir='ltr'>tscnnmssdatassttsstasstssrtasm</span> 
     </span>
     <span class='ocr_line' id='line_1_41' title="bbox 325 5097 1649 5163; baseline 0.001 -14"><span class='ocrx_word' id='word_1_418' title='bbox 325 5101 367 5163; x_wconf 67' lang='lat' dir='ltr'>fist</span> <span class='ocrx_word' id='word_1_419' title='bbox 384 5100 407 5149; x_wconf 86' lang='lat' dir='ltr'>V</span> <span class='ocrx_word' id='word_1_420' title='bbox 425 5125 453 5135; x_wconf 95' lang='lat'>-</span> <span class='ocrx_word' id='word_1_421' title='bbox 476 5099 516 5148; x_wconf 78' lang='grc'>43.</span> <span class='ocrx_word' id='word_1_422' title='bbox 534 5099 628 5148; x_wconf 66' lang='lat' dir='ltr'>mmm</span> <span class='ocrx_word' id='word_1_423' title='bbox 647 5103 692 5147; x_wconf 82' lang='lat' dir='ltr'>cat</span> <span class='ocrx_word' id='word_1_424' title='bbox 710 5097 813 5149; x_wconf 58' lang='lat' dir='ltr'>ommes</span> <span class='ocrx_word' id='word_1_425' title='bbox 834 5102 879 5148; x_wconf 83' lang='lat' dir='ltr'>aut</span> <span class='ocrx_word' id='word_1_426' title='bbox 897 5099 1045 5150; x_wconf 81' lang='lat' dir='ltr'>iaoidtusv</span> <span class='ocrx_word' id='word_1_427' title='bbox 1066 5123 1094 5134; x_wconf 94' lang='lat'><em>-</em></span> <span class='ocrx_word' id='word_1_428' title='bbox 1118 5099 1158 5149; x_wconf 82' lang='lat' dir='ltr'>tt.</span> <span class='ocrx_word' id='word_1_429' title='bbox 1176 5100 1291 5150; x_wconf 70' lang='lat' dir='ltr'>sidonas</span> <span class='ocrx_word' id='word_1_430' title='bbox 1312 5099 1335 5148; x_wconf 86' lang='lat' dir='ltr'>V</span> <span class='ocrx_word' id='word_1_431' title='bbox 1359 5124 1385 5133; x_wconf 94' lang='lat'><em>-</em></span> <span class='ocrx_word' id='word_1_432' title='bbox 1411 5101 1450 5148; x_wconf 81' lang='lat' dir='ltr'>tt.</span> <span class='ocrx_word' id='word_1_433' title='bbox 1467 5100 1553 5161; x_wconf 79' lang='lat' dir='ltr'>prodit</span> <span class='ocrx_word' id='word_1_434' title='bbox 1569 5101 1601 5150; x_wconf 87' lang='lat' dir='ltr'>V¹</span> <span class='ocrx_word' id='word_1_435' title='bbox 1620 5127 1649 5138; x_wconf 94' lang='lat'><em>-</em></span> 
     </span>
     <span class='ocr_line' id='line_1_42' title="bbox 326 5171 1651 5236; baseline 0.001 -13"><span class='ocrx_word' id='word_1_436' title='bbox 326 5174 436 5224; x_wconf 70' lang='lat' dir='ltr'>maiam</span> <span class='ocrx_word' id='word_1_437' title='bbox 451 5171 523 5221; x_wconf 69' lang='lat' dir='ltr'>Vl-</span> <span class='ocrx_word' id='word_1_438' title='bbox 543 5173 583 5222; x_wconf 79' lang='lat'>⁴6.</span> <span class='ocrx_word' id='word_1_439' title='bbox 601 5172 666 5222; x_wconf 83' lang='lat' dir='ltr'>caim</span> <span class='ocrx_word' id='word_1_440' title='bbox 683 5184 737 5222; x_wconf 90' lang='lat' dir='ltr'>om.</span> <span class='ocrx_word' id='word_1_441' title='bbox 756 5171 773 5220; x_wconf 92' lang='lat' dir='ltr'><strong>b</strong></span> <span class='ocrx_word' id='word_1_442' title='bbox 789 5199 815 5208; x_wconf 94' lang='lat'><em>—</em></span> <span class='ocrx_word' id='word_1_443' title='bbox 834 5173 925 5223; x_wconf 81' lang='lat' dir='ltr'>animis</span> <span class='ocrx_word' id='word_1_444' title='bbox 943 5176 953 5223; x_wconf 88' lang='lat' dir='ltr'>t</span> <span class='ocrx_word' id='word_1_445' title='bbox 972 5201 998 5210; x_wconf 92' lang='lat'>-</span> <span class='ocrx_word' id='word_1_446' title='bbox 1019 5174 1058 5223; x_wconf 75' lang='lat' dir='ltr'>il.</span> <span class='ocrx_word' id='word_1_447' title='bbox 1076 5179 1116 5223; x_wconf 83' lang='lat' dir='ltr'>tas</span> <span class='ocrx_word' id='word_1_448' title='bbox 1133 5174 1174 5221; x_wconf 86' lang='lat' dir='ltr'>Vt</span> <span class='ocrx_word' id='word_1_449' title='bbox 1192 5198 1219 5208; x_wconf 91' lang='lat'>-·</span> <span class='ocrx_word' id='word_1_450' title='bbox 1237 5174 1271 5222; x_wconf 85' lang='lat' dir='ltr'>od</span> <span class='ocrx_word' id='word_1_451' title='bbox 1286 5173 1448 5236; x_wconf 71' lang='lat' dir='ltr'>fortissimam</span> <span class='ocrx_word' id='word_1_452' title='bbox 1464 5175 1550 5223; x_wconf 77' lang='lat' dir='ltr'>airum</span> <span class='ocrx_word' id='word_1_453' title='bbox 1565 5175 1604 5233; x_wconf 85' lang='lat'>1&gt;;</span> <span class='ocrx_word' id='word_1_454' title='bbox 1623 5175 1651 5224; x_wconf 92' lang='lat' dir='ltr'>in</span> 
     </span>
     <span class='ocr_line' id='line_1_43' title="bbox 325 5245 1649 5310; baseline 0 -12"><span class='ocrx_word' id='word_1_455' title='bbox 325 5261 368 5299; x_wconf 80' lang='lat' dir='ltr'>vv.</span> <span class='ocrx_word' id='word_1_456' title='bbox 387 5250 421 5298; x_wconf 81' lang='lat' dir='ltr'>od</span> <span class='ocrx_word' id='word_1_457' title='bbox 441 5250 526 5296; x_wconf 73' lang='lat' dir='ltr'>sinan</span> <span class='ocrx_word' id='word_1_458' title='bbox 547 5247 604 5297; x_wconf 83' lang='lat' dir='ltr'>flntt</span> <span class='ocrx_word' id='word_1_459' title='bbox 626 5250 743 5297; x_wconf 75' lang='lat' dir='ltr'>extrema</span> <span class='ocrx_word' id='word_1_460' title='bbox 767 5245 889 5296; x_wconf 87' lang='lat' dir='ltr'>columna</span> <span class='ocrx_word' id='word_1_461' title='bbox 907 5247 960 5298; x_wconf 85' lang='lat' dir='ltr'>lolii</span> <span class='ocrx_word' id='word_1_462' title='bbox 977 5249 1008 5300; x_wconf 86' lang='lat'>80</span> <span class='ocrx_word' id='word_1_463' title='bbox 1025 5249 1051 5298; x_wconf 91' lang='lat' dir='ltr'>in</span> <span class='ocrx_word' id='word_1_464' title='bbox 1068 5247 1106 5307; x_wconf 87' lang='lat' dir='ltr'>V,</span> <span class='ocrx_word' id='word_1_465' title='bbox 1125 5246 1198 5310; x_wconf 88' lang='lat' dir='ltr'>quod</span> <span class='ocrx_word' id='word_1_466' title='bbox 1214 5250 1255 5297; x_wconf 89' lang='lat' dir='ltr'>est</span> <span class='ocrx_word' id='word_1_467' title='bbox 1272 5251 1421 5297; x_wconf 84' lang='lat' dir='ltr'>extremum</span> <span class='ocrx_word' id='word_1_468' title='bbox 1438 5248 1517 5298; x_wconf 86' lang='lat' dir='ltr'>totius</span> <span class='ocrx_word' id='word_1_469' title='bbox 1534 5246 1649 5308; x_wconf 89' lang='lat' dir='ltr'>codicis;</span> 
     </span>
     <span class='ocr_line' id='line_1_44' title="bbox 325 5321 1650 5387; baseline -0.002 -13"><span class='ocrx_word' id='word_1_470' title='bbox 325 5323 426 5386; x_wconf 87' lang='lat' dir='ltr'>reliqua</span> <span class='ocrx_word' id='word_1_471' title='bbox 443 5321 502 5372; x_wconf 86' lang='lat' dir='ltr'>solia</span> <span class='ocrx_word' id='word_1_472' title='bbox 519 5322 662 5385; x_wconf 84' lang='lat' dir='ltr'>perierunt.</span> <span class='ocrx_word' id='word_1_473' title='bbox 686 5323 725 5372; x_wconf 88' lang='lat' dir='ltr'>De</span> <span class='ocrx_word' id='word_1_474' title='bbox 743 5321 866 5372; x_wconf 91' lang='lat' dir='ltr'>orationis</span> <span class='ocrx_word' id='word_1_475' title='bbox 883 5323 926 5373; x_wconf 86' lang='lat' dir='ltr'>llll</span> <span class='ocrx_word' id='word_1_476' title='bbox 945 5324 1037 5374; x_wconf 82' lang='lat' dir='ltr'>etlllll</span> <span class='ocrx_word' id='word_1_477' title='bbox 1055 5322 1190 5387; x_wconf 90' lang='lat' dir='ltr'>partibus,</span> <span class='ocrx_word' id='word_1_478' title='bbox 1209 5336 1278 5386; x_wconf 86' lang='lat' dir='ltr'>quae</span> <span class='ocrx_word' id='word_1_479' title='bbox 1296 5325 1435 5387; x_wconf 85' lang='lat' dir='ltr'>praeterea</span> <span class='ocrx_word' id='word_1_480' title='bbox 1451 5323 1478 5372; x_wconf 91' lang='lat' dir='ltr'>iu</span> <span class='ocrx_word' id='word_1_481' title='bbox 1494 5322 1517 5371; x_wconf 88' lang='lat' dir='ltr'>V</span> <span class='ocrx_word' id='word_1_482' title='bbox 1534 5323 1650 5383; x_wconf 71' lang='lat' dir='ltr'>entant,</span> 
     </span>
     <span class='ocr_line' id='line_1_45' title="bbox 327 5396 1651 5462; baseline -0.002 -14"><span class='ocrx_word' id='word_1_483' title='bbox 327 5413 351 5449; x_wconf 88' lang='lat' dir='ltr'>v.</span> <span class='ocrx_word' id='word_1_484' title='bbox 369 5399 403 5447; x_wconf 93' lang='lat' dir='ltr'>ad</span> <span class='ocrx_word' id='word_1_485' title='bbox 421 5411 447 5462; x_wconf 91' lang='lat' dir='ltr'>p.</span> <span class='ocrx_word' id='word_1_486' title='bbox 461 5398 533 5457; x_wconf 79' lang='lat'>⁴³60,</span> <span class='ocrx_word' id='word_1_487' title='bbox 547 5397 586 5446; x_wconf 82' lang='grc'>43.</span> <span class='ocrx_word' id='word_1_488' title='bbox 602 5423 628 5432; x_wconf 95' lang='lat'><em>-</em></span> <span class='ocrx_word' id='word_1_489' title='bbox 647 5397 843 5447; x_wconf 75' lang='lat' dir='ltr'>clarissimomm</span> <span class='ocrx_word' id='word_1_490' title='bbox 859 5410 888 5455; x_wconf 88' lang='lat' dir='ltr'>a;</span> <span class='ocrx_word' id='word_1_491' title='bbox 906 5398 1072 5447; x_wconf 58' lang='lat' dir='ltr'>cmtsdmum</span> <span class='ocrx_word' id='word_1_492' title='bbox 1087 5399 1173 5446; x_wconf 73' lang='lat' dir='ltr'>uirum</span> <span class='ocrx_word' id='word_1_493' title='bbox 1190 5410 1247 5460; x_wconf 92' lang='lat' dir='ltr'>g—</span> <span class='ocrx_word' id='word_1_494' title='bbox 1266 5398 1306 5448; x_wconf 80' lang='grc'>48.</span> <span class='ocrx_word' id='word_1_495' title='bbox 1320 5402 1389 5461; x_wconf 78' lang='lat' dir='ltr'>coget</span> <span class='ocrx_word' id='word_1_496' title='bbox 1405 5396 1458 5447; x_wconf 86' lang='lat' dir='ltr'>ht:</span> <span class='ocrx_word' id='word_1_497' title='bbox 1479 5397 1545 5461; x_wconf 81' lang='lat' dir='ltr'>cogit</span> <span class='ocrx_word' id='word_1_498' title='bbox 1561 5397 1651 5460; x_wconf 86' lang='lat' dir='ltr'>agio</span> 
     </span>
     <span class='ocr_line' id='line_1_46' title="bbox 327 5470 1651 5534; baseline -0.002 -10"><span class='ocrx_word' id='word_1_499' title='bbox 327 5501 354 5511; x_wconf 95' lang='lat'>-</span> <span class='ocrx_word' id='word_1_500' title='bbox 372 5480 395 5524; x_wconf 85' lang='lat' dir='ltr'>tc</span> <span class='ocrx_word' id='word_1_501' title='bbox 411 5474 548 5524; x_wconf 70' lang='lat' dir='ltr'>sscmsorio</span> <span class='ocrx_word' id='word_1_502' title='bbox 565 5473 684 5523; x_wconf 80' lang='lat' dir='ltr'>Ernestio</span> <span class='ocrx_word' id='word_1_503' title='bbox 702 5470 814 5522; x_wconf 87' lang='lat' dir='ltr'>delenda</span> <span class='ocrx_word' id='word_1_504' title='bbox 832 5471 999 5523; x_wconf 85' lang='lat' dir='ltr'>videbantur.</span> <span class='ocrx_word' id='word_1_505' title='bbox 1019 5500 1047 5512; x_wconf 84' lang='lat'>—</span> <span class='ocrx_word' id='word_1_506' title='bbox 1069 5473 1109 5522; x_wconf 73' lang='lat'>20.</span> <span class='ocrx_word' id='word_1_507' title='bbox 1128 5475 1241 5523; x_wconf 84' lang='lat' dir='ltr'>diriaars</span> <span class='ocrx_word' id='word_1_508' title='bbox 1257 5472 1266 5522; x_wconf 91' lang='lat' dir='ltr'>i</span> <span class='ocrx_word' id='word_1_509' title='bbox 1285 5499 1312 5509; x_wconf 89' lang='lat'>-</span> <span class='ocrx_word' id='word_1_510' title='bbox 1335 5474 1376 5523; x_wconf 76' lang='grc'>24.</span> <span class='ocrx_word' id='word_1_511' title='bbox 1395 5475 1516 5534; x_wconf 78' lang='lat' dir='ltr'>quot-</span> <span class='ocrx_word' id='word_1_512' title='bbox 1535 5470 1651 5522; x_wconf 60' lang='lat' dir='ltr'>omesb</span> 
     </span>
     <span class='ocr_line' id='line_1_47' title="bbox 328 5545 1652 5611; baseline -0.002 -13"><span class='ocrx_word' id='word_1_513' title='bbox 328 5549 408 5598; x_wconf 62' lang='lat'>-22</span> <span class='ocrx_word' id='word_1_514' title='bbox 426 5549 472 5598; x_wconf 82' lang='lat' dir='ltr'>tcto</span> <span class='ocrx_word' id='word_1_515' title='bbox 489 5555 512 5599; x_wconf 87' lang='lat' dir='ltr'>ts</span> <span class='ocrx_word' id='word_1_516' title='bbox 528 5548 637 5611; x_wconf 88' lang='lat' dir='ltr'>scripsi:</span> <span class='ocrx_word' id='word_1_517' title='bbox 656 5548 716 5596; x_wconf 81' lang='lat' dir='ltr'>istoc</span> <span class='ocrx_word' id='word_1_518' title='bbox 733 5547 827 5609; x_wconf 85' lang='lat' dir='ltr'>gti0;</span> <span class='ocrx_word' id='word_1_519' title='bbox 846 5547 892 5595; x_wconf 82' lang='lat' dir='ltr'>isto</span> <span class='ocrx_word' id='word_1_520' title='bbox 911 5547 947 5596; x_wconf 82' lang='lat' dir='ltr'>.C.</span> <span class='ocrx_word' id='word_1_521' title='bbox 967 5545 999 5605; x_wconf 79' lang='lat' dir='ltr'>b3</span> <span class='ocrx_word' id='word_1_522' title='bbox 1017 5547 1064 5595; x_wconf 82' lang='lat' dir='ltr'>isto</span> <span class='ocrx_word' id='word_1_523' title='bbox 1080 5560 1094 5595; x_wconf 88' lang='lat' dir='ltr'>a</span> <span class='ocrx_word' id='word_1_524' title='bbox 1109 5573 1136 5583; x_wconf 93' lang='lat'>-</span> <span class='ocrx_word' id='word_1_525' title='bbox 1155 5547 1270 5597; x_wconf 56' lang='lat' dir='ltr'>issimi</span> <span class='ocrx_word' id='word_1_526' title='bbox 1287 5548 1357 5597; x_wconf 88' lang='lat' dir='ltr'>mei:</span> <span class='ocrx_word' id='word_1_527' title='bbox 1376 5547 1437 5597; x_wconf 81' lang='lat' dir='ltr'>sitit</span> <span class='ocrx_word' id='word_1_528' title='bbox 1452 5548 1507 5597; x_wconf 84' lang='lat' dir='ltr'>tsO</span> <span class='ocrx_word' id='word_1_529' title='bbox 1522 5572 1549 5581; x_wconf 93' lang='lat'>-</span> <span class='ocrx_word' id='word_1_530' title='bbox 1567 5545 1652 5598; x_wconf 56' lang='lat' dir='ltr'>riost</span> 
     </span>
     <span class='ocr_line' id='line_1_48' title="bbox 324 5621 1650 5687; baseline -0.001 -15"><span class='ocrx_word' id='word_1_531' title='bbox 324 5623 433 5687; x_wconf 75' lang='lat' dir='ltr'>intelligo</span> <span class='ocrx_word' id='word_1_532' title='bbox 449 5625 559 5686; x_wconf 80' lang='lat' dir='ltr'>scripsi:</span> <span class='ocrx_word' id='word_1_533' title='bbox 583 5623 695 5686; x_wconf 79' lang='lat' dir='ltr'>intellego</span> <span class='ocrx_word' id='word_1_534' title='bbox 710 5621 766 5681; x_wconf 87' lang='lat' dir='ltr'>bt;</span> <span class='ocrx_word' id='word_1_535' title='bbox 789 5634 842 5671; x_wconf 89' lang='lat' dir='ltr'>om.</span> <span class='ocrx_word' id='word_1_536' title='bbox 861 5623 947 5684; x_wconf 78' lang='lat' dir='ltr'>agio</span> <span class='ocrx_word' id='word_1_537' title='bbox 968 5649 995 5659; x_wconf 93' lang='lat'>-</span> <span class='ocrx_word' id='word_1_538' title='bbox 1020 5623 1061 5672; x_wconf 74' lang='lat'>26.</span> <span class='ocrx_word' id='word_1_539' title='bbox 1079 5626 1211 5686; x_wconf 74' lang='lat' dir='ltr'>flammare</span> <span class='ocrx_word' id='word_1_540' title='bbox 1233 5636 1248 5673; x_wconf 91' lang='lat' dir='ltr'>a</span> <span class='ocrx_word' id='word_1_541' title='bbox 1270 5648 1298 5658; x_wconf 90' lang='lat'><em>-</em></span> <span class='ocrx_word' id='word_1_542' title='bbox 1324 5624 1388 5672; x_wconf 79' lang='lat' dir='ltr'>istac</span> <span class='ocrx_word' id='word_1_543' title='bbox 1410 5623 1446 5672; x_wconf 88' lang='lat' dir='ltr'>D:</span> <span class='ocrx_word' id='word_1_544' title='bbox 1474 5622 1540 5671; x_wconf 76' lang='lat' dir='ltr'>istud</span> <span class='ocrx_word' id='word_1_545' title='bbox 1562 5623 1600 5672; x_wconf 81' lang='lat' dir='ltr'>to</span> <span class='ocrx_word' id='word_1_546' title='bbox 1620 5648 1650 5658; x_wconf 93' lang='lat'>-</span> 
     </span>
     <span class='ocr_line' id='line_1_49' title="bbox 325 5696 1650 5760; baseline -0.002 -12"><span class='ocrx_word' id='word_1_547' title='bbox 325 5698 366 5749; x_wconf 70' lang='grc' dir='ltr'>Ξῖ.</span> <span class='ocrx_word' id='word_1_548' title='bbox 384 5699 438 5748; x_wconf 80' lang='lat' dir='ltr'>alta</span> <span class='ocrx_word' id='word_1_549' title='bbox 457 5699 482 5747; x_wconf 91' lang='lat' dir='ltr'>i:</span> <span class='ocrx_word' id='word_1_550' title='bbox 503 5698 582 5747; x_wconf 72' lang='lat' dir='ltr'>atim</span> <span class='ocrx_word' id='word_1_551' title='bbox 598 5699 619 5748; x_wconf 89' lang='lat' dir='ltr'>D</span> <span class='ocrx_word' id='word_1_552' title='bbox 639 5725 667 5733; x_wconf 92' lang='lat'>—</span> <span class='ocrx_word' id='word_1_553' title='bbox 690 5698 731 5748; x_wconf 77' lang='lat'>28.</span> <span class='ocrx_word' id='word_1_554' title='bbox 750 5698 894 5758; x_wconf 74' lang='lat' dir='ltr'>usspilloacs</span> <span class='ocrx_word' id='word_1_555' title='bbox 911 5697 943 5745; x_wconf 91' lang='lat' dir='ltr'>ai</span> <span class='ocrx_word' id='word_1_556' title='bbox 969 5724 997 5733; x_wconf 89' lang='lat'>-</span> <span class='ocrx_word' id='word_1_557' title='bbox 1016 5696 1056 5747; x_wconf 82' lang='lat'>30.</span> <span class='ocrx_word' id='word_1_558' title='bbox 1077 5698 1183 5748; x_wconf 71' lang='grc' dir='ltr'>οὸηιίεεα</span> <span class='ocrx_word' id='word_1_559' title='bbox 1200 5697 1235 5756; x_wconf 85' lang='lat' dir='ltr'>b;</span> <span class='ocrx_word' id='word_1_560' title='bbox 1254 5697 1313 5748; x_wconf 80' lang='lat' dir='ltr'>fort.</span> <span class='ocrx_word' id='word_1_561' title='bbox 1331 5698 1424 5747; x_wconf 60' lang='lat' dir='ltr'>cressa</span> <span class='ocrx_word' id='word_1_562' title='bbox 1440 5696 1494 5747; x_wconf 83' lang='lat' dir='ltr'>olio</span> <span class='ocrx_word' id='word_1_563' title='bbox 1510 5697 1577 5747; x_wconf 66' lang='lat' dir='ltr'>orest</span> <span class='ocrx_word' id='word_1_564' title='bbox 1592 5709 1650 5760; x_wconf 82' lang='lat' dir='ltr'>cog.</span> 
     </span>
     <span class='ocr_line' id='line_1_50' title="bbox 328 5771 1652 5834; baseline 0.002 -14"><span class='ocrx_word' id='word_1_565' title='bbox 328 5771 1652 5834; x_wconf 72' lang='lat' dir='ltr'>-3smcosummmqaoqotcsmg-pstcunom.b-3r.pscasssssssa-cosassst·</span> 
     </span>
     <span class='ocr_line' id='line_1_51' title="bbox 326 5846 833 5909; baseline -0.004 -12"><span class='ocrx_word' id='word_1_566' title='bbox 326 5860 406 5898; x_wconf 81' lang='lat' dir='ltr'>ccssss</span> <span class='ocrx_word' id='word_1_567' title='bbox 422 5846 496 5897; x_wconf 84' lang='lat' dir='ltr'>abt:</span> <span class='ocrx_word' id='word_1_568' title='bbox 515 5847 745 5900; x_wconf 79' lang='lat' dir='ltr'>cmsmsoiccutssos</span> <span class='ocrx_word' id='word_1_569' title='bbox 761 5848 833 5909; x_wconf 74' lang='lat' dir='ltr'>sio.</span> 
     </span>
    </p>
   </div>
   <div class='ocr_carea' id='block_1_5' title="bbox 0 0 1904 7350">
    <p class='ocr_par' dir='ltr' id='par_1_5' title="bbox 0 0 1904 7350">
     <span class='ocr_line' id='line_1_52' title="bbox 0 0 1904 7350; baseline 0 0"><span class='ocrx_word' id='word_1_570' title='bbox 0 0 1904 7350; x_wconf 95' lang='lat' dir='ltr'> </span> 
     </span>
    </p>
   </div>
  </div>
 </body>
</html>
