<?xml version="1.0" encoding="UTF-8"?>
<!DOCTYPE html PUBLIC "-//W3C//DTD XHTML 1.0 Transitional//EN"
    "http://www.w3.org/TR/xhtml1/DTD/xhtml1-transitional.dtd">
<html xmlns="http://www.w3.org/1999/xhtml" xml:lang="en" lang="en">
 <head>
  <title>
</title>
<meta http-equiv="Content-Type" content="text/html;charset=utf-8" />
  <meta name='ocr-system' content='tesseract 3.04.00' />
  <meta name='ocr-capabilities' content='ocr_page ocr_carea ocr_par ocr_line ocrx_word'/>
</head>
<body>
  <div class='ocr_page' id='page_1' title='image "./operaquaesupers08halmgoog/operaquaesupers08halmgoog_0073.png"; bbox 0 0 3800 7350; ppageno 0'>
   <div class='ocr_carea' id='block_1_1' title="bbox 586 1222 1619 1311">
    <p class='ocr_par' dir='ltr' id='par_1_1' title="bbox 586 1222 1619 1311">
     <span class='ocr_line' id='line_1_1' title="bbox 586 1222 1619 1311; baseline 0 -19"><span class='ocrx_word' id='word_1_1' title='bbox 586 1275 590 1282; x_wconf 93' lang='lat'>.</span> <span class='ocrx_word' id='word_1_2' title='bbox 695 1222 1215 1311; x_wconf 72' lang='lat' dir='ltr'><strong>cm.x1-xu.ss.ee-ea.</strong></span> <span class='ocrx_word' id='word_1_3' title='bbox 1556 1227 1619 1293; x_wconf 80' lang='lat' dir='ltr'><strong>res</strong></span> 
     </span>
    </p>
   </div>
   <div class='ocr_carea' id='block_1_2' title="bbox 178 1394 1733 3356">
    <p class='ocr_par' dir='ltr' id='par_1_2' title="bbox 178 1394 1660 3246">
     <span class='ocr_line' id='line_1_2' title="bbox 178 1394 1622 1576; baseline 0.01 -32"><span class='ocrx_word' id='word_1_4' title='bbox 178 1538 182 1544; x_wconf 84' lang='grc'>,</span> <span class='ocrx_word' id='word_1_5' title='bbox 212 1454 280 1516; x_wconf 60' lang='grc' dir='ltr'>ν</span> <span class='ocrx_word' id='word_1_6' title='bbox 296 1394 1622 1576; x_wconf 45' lang='lat' dir='ltr'><strong>:elifiifinisti,illitisutilititi‘tzti‘iss?tt</strong></span> 
     </span>
     <span class='ocr_line' id='line_1_3' title="bbox 296 1585 1621 1671; baseline -0.001 -20"><span class='ocrx_word' id='word_1_7' title='bbox 296 1588 369 1651; x_wconf 91' lang='lat' dir='ltr'><strong>dem</strong></span> <span class='ocrx_word' id='word_1_8' title='bbox 390 1606 500 1650; x_wconf 87' lang='lat' dir='ltr'><strong>omues</strong></span> <span class='ocrx_word' id='word_1_9' title='bbox 522 1585 729 1667; x_wconf 89' lang='lat' dir='ltr'><strong>cogitationes</strong></span> <span class='ocrx_word' id='word_1_10' title='bbox 750 1586 935 1647; x_wconf 71' lang='lat' dir='ltr'>terminaret</span> <span class='ocrx_word' id='word_1_11' title='bbox 948 1605 1032 1659; x_wconf 91' lang='lat' dir='ltr'><strong>suas,</strong></span> <span class='ocrx_word' id='word_1_12' title='bbox 1053 1605 1113 1649; x_wconf 90' lang='lat' dir='ltr'><strong>uec</strong></span> <span class='ocrx_word' id='word_1_13' title='bbox 1127 1586 1223 1648; x_wconf 91' lang='lat' dir='ltr'><strong>tantis</strong></span> <span class='ocrx_word' id='word_1_14' title='bbox 1237 1605 1272 1648; x_wconf 89' lang='lat' dir='ltr'><strong>se</strong></span> <span class='ocrx_word' id='word_1_15' title='bbox 1286 1587 1448 1651; x_wconf 79' lang='lat' dir='ltr'><strong>laboribus</strong></span> <span class='ocrx_word' id='word_1_16' title='bbox 1461 1586 1621 1671; x_wconf 84' lang='lat' dir='ltr'><strong>frangeret</strong></span> 
     </span>
     <span class='ocr_line' id='line_1_4' title="bbox 295 1677 1619 1767; baseline -0.002 -22"><span class='ocrx_word' id='word_1_17' title='bbox 295 1702 401 1767; x_wconf 91' lang='lat' dir='ltr'><strong>neque</strong></span> <span class='ocrx_word' id='word_1_18' title='bbox 422 1687 470 1744; x_wconf 92' lang='lat' dir='ltr'><strong>tot</strong></span> <span class='ocrx_word' id='word_1_19' title='bbox 490 1680 575 1741; x_wconf 90' lang='lat' dir='ltr'><strong>curis</strong></span> <span class='ocrx_word' id='word_1_20' title='bbox 589 1677 771 1760; x_wconf 86' lang='lat' dir='ltr'><strong>vigiliisque</strong></span> <span class='ocrx_word' id='word_1_21' title='bbox 786 1686 955 1760; x_wconf 90' lang='lat' dir='ltr'><strong>angeretur</strong></span> <span class='ocrx_word' id='word_1_22' title='bbox 969 1698 1075 1761; x_wconf 89' lang='lat' dir='ltr'><strong>neque</strong></span> <span class='ocrx_word' id='word_1_23' title='bbox 1095 1679 1211 1741; x_wconf 92' lang='lat' dir='ltr'><strong>totiens</strong></span> <span class='ocrx_word' id='word_1_24' title='bbox 1227 1680 1266 1742; x_wconf 93' lang='lat' dir='ltr'><strong>de</strong></span> <span class='ocrx_word' id='word_1_25' title='bbox 1286 1681 1354 1764; x_wconf 86' lang='lat' dir='ltr'><strong>ipsa</strong></span> <span class='ocrx_word' id='word_1_26' title='bbox 1367 1682 1431 1744; x_wconf 81' lang='lat' dir='ltr'><strong>vita</strong></span> <span class='ocrx_word' id='word_1_27' title='bbox 1445 1680 1619 1744; x_wconf 78' lang='lat' dir='ltr'><strong>dimicaret</strong></span> 
     </span>
     <span class='ocr_line' id='line_1_5' title="bbox 295 1770 1644 1857; baseline -0.001 -20"><span class='ocrx_word' id='word_1_28' title='bbox 295 1776 386 1838; x_wconf 80' lang='lat' dir='ltr'><strong>Nunc</strong></span> <span class='ocrx_word' id='word_1_29' title='bbox 417 1774 534 1837; x_wconf 78' lang='lat' dir='ltr'><strong>insidet</strong></span> <span class='ocrx_word' id='word_1_30' title='bbox 561 1770 716 1856; x_wconf 81' lang='lat' dir='ltr'><strong>quaedam</strong></span> <span class='ocrx_word' id='word_1_31' title='bbox 743 1772 777 1835; x_wconf 93' lang='lat' dir='ltr'><strong>in</strong></span> <span class='ocrx_word' id='word_1_32' title='bbox 805 1772 925 1854; x_wconf 91' lang='lat' dir='ltr'><strong>optimo</strong></span> <span class='ocrx_word' id='word_1_33' title='bbox 955 1792 1084 1855; x_wconf 91' lang='lat' dir='ltr'><strong>quoque</strong></span> <span class='ocrx_word' id='word_1_34' title='bbox 1105 1772 1225 1847; x_wconf 80' lang='lat' dir='ltr'><strong>virtus,</strong></span> <span class='ocrx_word' id='word_1_35' title='bbox 1257 1793 1340 1857; x_wconf 92' lang='lat' dir='ltr'><strong>quae</strong></span> <span class='ocrx_word' id='word_1_36' title='bbox 1363 1781 1471 1838; x_wconf 91' lang='lat' dir='ltr'><strong>noctes</strong></span> <span class='ocrx_word' id='word_1_37' title='bbox 1493 1795 1530 1838; x_wconf 93' lang='lat' dir='ltr'><strong>ac</strong></span> <span class='ocrx_word' id='word_1_38' title='bbox 1552 1773 1644 1838; x_wconf 78' lang='lat' dir='ltr'><strong>diest</strong></span> 
     </span>
     <span class='ocr_line' id='line_1_6' title="bbox 297 1863 1620 1952; baseline -0.002 -20"><span class='ocrx_word' id='word_1_39' title='bbox 297 1868 439 1932; x_wconf 90' lang='lat' dir='ltr'><strong>animum</strong></span> <span class='ocrx_word' id='word_1_40' title='bbox 460 1866 580 1949; x_wconf 91' lang='lat' dir='ltr'><strong>gloriae</strong></span> <span class='ocrx_word' id='word_1_41' title='bbox 603 1863 739 1928; x_wconf 92' lang='lat' dir='ltr'><strong>stimulis</strong></span> <span class='ocrx_word' id='word_1_42' title='bbox 761 1865 898 1928; x_wconf 91' lang='lat' dir='ltr'><strong>concitat</strong></span> <span class='ocrx_word' id='word_1_43' title='bbox 919 1872 1015 1949; x_wconf 86' lang='lat' dir='ltr'><strong>atque</strong></span> <span class='ocrx_word' id='word_1_44' title='bbox 1030 1865 1194 1939; x_wconf 92' lang='lat' dir='ltr'><strong>admonet,</strong></span> <span class='ocrx_word' id='word_1_45' title='bbox 1216 1885 1280 1930; x_wconf 93' lang='lat' dir='ltr'><strong>non</strong></span> <span class='ocrx_word' id='word_1_46' title='bbox 1295 1886 1367 1929; x_wconf 91' lang='lat' dir='ltr'><strong>cum</strong></span> <span class='ocrx_word' id='word_1_47' title='bbox 1381 1868 1463 1931; x_wconf 85' lang='lat' dir='ltr'><strong>vitae</strong></span> <span class='ocrx_word' id='word_1_48' title='bbox 1478 1875 1620 1952; x_wconf 85' lang='lat' dir='ltr'><strong>tempore</strong></span> 
     </span>
     <span class='ocr_line' id='line_1_7' title="bbox 296 1958 1621 2045; baseline 0.001 -20"><span class='ocrx_word' id='word_1_49' title='bbox 296 1981 367 2025; x_wconf 85' lang='lat' dir='ltr'><strong>esse</strong></span> <span class='ocrx_word' id='word_1_50' title='bbox 389 1960 606 2024; x_wconf 79' lang='lat' dir='ltr'><strong>dimittendam</strong></span> <span class='ocrx_word' id='word_1_51' title='bbox 627 1958 955 2022; x_wconf 88' lang='lat' dir='ltr'><strong>commemorationem</strong></span> <span class='ocrx_word' id='word_1_52' title='bbox 977 1958 1115 2022; x_wconf 91' lang='lat' dir='ltr'><strong>nominis</strong></span> <span class='ocrx_word' id='word_1_53' title='bbox 1136 1959 1256 2033; x_wconf 86' lang='lat' dir='ltr'><strong>nostri,</strong></span> <span class='ocrx_word' id='word_1_54' title='bbox 1286 1960 1343 2023; x_wconf 89' lang='lat' dir='ltr'><strong>sed</strong></span> <span class='ocrx_word' id='word_1_55' title='bbox 1365 1981 1435 2024; x_wconf 94' lang='lat' dir='ltr'><strong>cum</strong></span> <span class='ocrx_word' id='word_1_56' title='bbox 1456 1962 1543 2026; x_wconf 92' lang='lat' dir='ltr'><strong>omni</strong></span> <span class='ocrx_word' id='word_1_57' title='bbox 1564 1982 1621 2045; x_wconf 86' lang='lat' dir='ltr'><strong>po-</strong></span> 
     </span>
     <span class='ocr_line' id='line_1_8' title="bbox 295 2048 1621 2136; baseline 0 -17"><span class='ocrx_word' id='word_1_58' title='bbox 295 2053 438 2119; x_wconf 86' lang='lat' dir='ltr'><strong>steritate</strong></span> <span class='ocrx_word' id='word_1_59' title='bbox 459 2051 710 2136; x_wconf 81' lang='lat' dir='ltr'><strong>adaequandum.</strong></span> <span class='ocrx_word' id='word_1_60' title='bbox 747 2052 817 2113; x_wconf 83' lang='lat' dir='ltr'><strong>llll.</strong></span> <span class='ocrx_word' id='word_1_61' title='bbox 840 2048 891 2113; x_wconf 89' lang='lat'><strong>30.</strong></span> <span class='ocrx_word' id='word_1_62' title='bbox 913 2052 961 2114; x_wconf 75' lang='lat' dir='ltr'><strong>bn</strong></span> <span class='ocrx_word' id='word_1_63' title='bbox 984 2071 1059 2115; x_wconf 81' lang='lat' dir='ltr'><strong>vero</strong></span> <span class='ocrx_word' id='word_1_64' title='bbox 1081 2059 1144 2115; x_wconf 68' lang='lat' dir='ltr'><strong>um</strong></span> <span class='ocrx_word' id='word_1_65' title='bbox 1158 2052 1246 2135; x_wconf 87' lang='lat' dir='ltr'><strong>parvi</strong></span> <span class='ocrx_word' id='word_1_66' title='bbox 1261 2054 1358 2116; x_wconf 90' lang='lat' dir='ltr'><strong>animi</strong></span> <span class='ocrx_word' id='word_1_67' title='bbox 1373 2053 1538 2119; x_wconf 85' lang='lat' dir='ltr'><strong>videamur</strong></span> <span class='ocrx_word' id='word_1_68' title='bbox 1551 2074 1621 2118; x_wconf 87' lang='lat' dir='ltr'><strong>esse</strong></span> 
     </span>
     <span class='ocr_line' id='line_1_9' title="bbox 296 2145 1621 2232; baseline -0.002 -20"><span class='ocrx_word' id='word_1_69' title='bbox 296 2167 422 2222; x_wconf 88' lang='lat' dir='ltr'><strong>omnes,</strong></span> <span class='ocrx_word' id='word_1_70' title='bbox 445 2147 500 2231; x_wconf 90' lang='lat' dir='ltr'><strong>qui</strong></span> <span class='ocrx_word' id='word_1_71' title='bbox 522 2147 556 2208; x_wconf 93' lang='lat' dir='ltr'><strong>in</strong></span> <span class='ocrx_word' id='word_1_72' title='bbox 577 2165 612 2208; x_wconf 92' lang='lat' dir='ltr'><strong>re</strong></span> <span class='ocrx_word' id='word_1_73' title='bbox 633 2145 760 2228; x_wconf 91' lang='lat' dir='ltr'><strong>publica</strong></span> <span class='ocrx_word' id='word_1_74' title='bbox 782 2153 876 2228; x_wconf 89' lang='lat' dir='ltr'><strong>atque</strong></span> <span class='ocrx_word' id='word_1_75' title='bbox 903 2146 937 2207; x_wconf 92' lang='lat' dir='ltr'><strong>in</strong></span> <span class='ocrx_word' id='word_1_76' title='bbox 958 2145 1008 2208; x_wconf 90' lang='lat' dir='ltr'><strong>his</strong></span> <span class='ocrx_word' id='word_1_77' title='bbox 1029 2146 1113 2209; x_wconf 80' lang='lat' dir='ltr'><strong>vitae</strong></span> <span class='ocrx_word' id='word_1_78' title='bbox 1133 2146 1284 2230; x_wconf 89' lang='lat' dir='ltr'><strong>periculis</strong></span> <span class='ocrx_word' id='word_1_79' title='bbox 1304 2146 1529 2232; x_wconf 81' lang='lat' dir='ltr'><strong>laboribusque</strong></span> <span class='ocrx_word' id='word_1_80' title='bbox 1550 2167 1621 2211; x_wconf 79' lang='lat' dir='ltr'><strong>ver·</strong></span> 
     </span>
     <span class='ocr_line' id='line_1_10' title="bbox 296 2238 1657 2324; baseline -0.003 -17"><span class='ocrx_word' id='word_1_81' title='bbox 296 2262 416 2316; x_wconf 88' lang='lat' dir='ltr'><strong>samur,</strong></span> <span class='ocrx_word' id='word_1_82' title='bbox 438 2248 490 2315; x_wconf 93' lang='lat' dir='ltr'><strong>ut,</strong></span> <span class='ocrx_word' id='word_1_83' title='bbox 521 2260 590 2303; x_wconf 92' lang='lat' dir='ltr'><strong>cum</strong></span> <span class='ocrx_word' id='word_1_84' title='bbox 612 2258 715 2321; x_wconf 93' lang='lat' dir='ltr'><strong>usque</strong></span> <span class='ocrx_word' id='word_1_85' title='bbox 737 2238 779 2301; x_wconf 90' lang='lat' dir='ltr'><strong>ad</strong></span> <span class='ocrx_word' id='word_1_86' title='bbox 801 2245 976 2302; x_wconf 85' lang='lat' dir='ltr'><strong>extremum</strong></span> <span class='ocrx_word' id='word_1_87' title='bbox 999 2238 1135 2321; x_wconf 90' lang='lat' dir='ltr'><strong>spatium</strong></span> <span class='ocrx_word' id='word_1_88' title='bbox 1157 2239 1278 2304; x_wconf 93' lang='lat' dir='ltr'><strong>nullum</strong></span> <span class='ocrx_word' id='word_1_89' title='bbox 1299 2240 1502 2323; x_wconf 88' lang='lat' dir='ltr'><strong>tranquillum</strong></span> <span class='ocrx_word' id='word_1_90' title='bbox 1524 2247 1657 2324; x_wconf 83' lang='lat' dir='ltr'><strong>atqueu</strong></span> 
     </span>
     <span class='ocr_line' id='line_1_11' title="bbox 296 2332 1622 2417; baseline -0.004 -16"><span class='ocrx_word' id='word_1_91' title='bbox 296 2336 433 2401; x_wconf 91' lang='lat' dir='ltr'><strong>otiosum</strong></span> <span class='ocrx_word' id='word_1_92' title='bbox 464 2335 610 2417; x_wconf 89' lang='lat' dir='ltr'><strong>spiritum</strong></span> <span class='ocrx_word' id='word_1_93' title='bbox 646 2332 850 2408; x_wconf 86' lang='lat' dir='ltr'><strong>duxerimus,</strong></span> <span class='ocrx_word' id='word_1_94' title='bbox 890 2332 1054 2396; x_wconf 91' lang='lat' dir='ltr'><strong>nobiscum</strong></span> <span class='ocrx_word' id='word_1_95' title='bbox 1090 2334 1182 2396; x_wconf 92' lang='lat' dir='ltr'><strong>simul</strong></span> <span class='ocrx_word' id='word_1_96' title='bbox 1218 2334 1370 2397; x_wconf 87' lang='lat' dir='ltr'><strong>moritura</strong></span> <span class='ocrx_word' id='word_1_97' title='bbox 1401 2335 1508 2398; x_wconf 91' lang='lat' dir='ltr'><strong>omnia</strong></span> <span class='ocrx_word' id='word_1_98' title='bbox 1539 2333 1622 2398; x_wconf 92' lang='lat' dir='ltr'><strong>arbi·</strong></span> 
     </span>
     <span class='ocr_line' id='line_1_12' title="bbox 296 2427 1622 2509; baseline 0 -18"><span class='ocrx_word' id='word_1_99' title='bbox 296 2430 435 2492; x_wconf 76' lang='lat' dir='ltr'><strong>uemurl</strong></span> <span class='ocrx_word' id='word_1_100' title='bbox 477 2430 525 2490; x_wconf 79' lang='lat' dir='ltr'><strong>An</strong></span> <span class='ocrx_word' id='word_1_101' title='bbox 555 2435 673 2491; x_wconf 88' lang='lat' dir='ltr'><strong>statuas</strong></span> <span class='ocrx_word' id='word_1_102' title='bbox 703 2434 735 2490; x_wconf 92' lang='lat' dir='ltr'><strong>et</strong></span> <span class='ocrx_word' id='word_1_103' title='bbox 762 2427 933 2509; x_wconf 79' lang='lat' dir='ltr'><strong>imagines,</strong></span> <span class='ocrx_word' id='word_1_104' title='bbox 961 2446 1025 2490; x_wconf 93' lang='lat' dir='ltr'><strong>nou</strong></span> <span class='ocrx_word' id='word_1_105' title='bbox 1054 2428 1230 2490; x_wconf 91' lang='lat' dir='ltr'><strong>animorum</strong></span> <span class='ocrx_word' id='word_1_106' title='bbox 1259 2427 1443 2502; x_wconf 86' lang='lat' dir='ltr'><strong>simulacra,</strong></span> <span class='ocrx_word' id='word_1_107' title='bbox 1471 2428 1526 2493; x_wconf 92' lang='lat' dir='ltr'><strong>sed</strong></span> <span class='ocrx_word' id='word_1_108' title='bbox 1553 2448 1622 2491; x_wconf 91' lang='lat' dir='ltr'><strong>cor-</strong></span> 
     </span>
     <span class='ocr_line' id='line_1_13' title="bbox 295 2520 1622 2608; baseline -0.001 -23"><span class='ocrx_word' id='word_1_109' title='bbox 295 2542 423 2608; x_wconf 82' lang='lat' dir='ltr'><strong>porum,</strong></span> <span class='ocrx_word' id='word_1_110' title='bbox 452 2521 593 2586; x_wconf 91' lang='lat' dir='ltr'><strong>studiose</strong></span> <span class='ocrx_word' id='word_1_111' title='bbox 622 2521 711 2585; x_wconf 93' lang='lat' dir='ltr'><strong>multi</strong></span> <span class='ocrx_word' id='word_1_112' title='bbox 741 2522 853 2584; x_wconf 91' lang='lat' dir='ltr'><strong>summi</strong></span> <span class='ocrx_word' id='word_1_113' title='bbox 886 2522 1030 2584; x_wconf 90' lang='lat' dir='ltr'><strong>homines</strong></span> <span class='ocrx_word' id='word_1_114' title='bbox 1051 2520 1267 2605; x_wconf 91' lang='lat' dir='ltr'><strong>reliquerunt,</strong></span> <span class='ocrx_word' id='word_1_115' title='bbox 1296 2522 1501 2585; x_wconf 88' lang='lat' dir='ltr'><strong>consiliorum</strong></span> <span class='ocrx_word' id='word_1_116' title='bbox 1526 2521 1622 2584; x_wconf 92' lang='lat' dir='ltr'><strong>relin-</strong></span> 
     </span>
     <span class='ocr_line' id='line_1_14' title="bbox 296 2611 1621 2699; baseline 0 -20"><span class='ocrx_word' id='word_1_117' title='bbox 296 2635 395 2699; x_wconf 88' lang='lat' dir='ltr'><strong>quere</strong></span> <span class='ocrx_word' id='word_1_118' title='bbox 416 2635 453 2679; x_wconf 88' lang='lat' dir='ltr'><strong>ac</strong></span> <span class='ocrx_word' id='word_1_119' title='bbox 474 2616 624 2680; x_wconf 86' lang='lat' dir='ltr'><strong>virtutum</strong></span> <span class='ocrx_word' id='word_1_120' title='bbox 645 2621 823 2679; x_wconf 88' lang='lat' dir='ltr'><strong>nostrarum</strong></span> <span class='ocrx_word' id='word_1_121' title='bbox 838 2611 973 2697; x_wconf 88' lang='lat' dir='ltr'><strong>effigiem</strong></span> <span class='ocrx_word' id='word_1_122' title='bbox 996 2634 1102 2678; x_wconf 90' lang='lat' dir='ltr'><strong>nonne</strong></span> <span class='ocrx_word' id='word_1_123' title='bbox 1124 2613 1223 2677; x_wconf 91' lang='lat' dir='ltr'><strong>multo</strong></span> <span class='ocrx_word' id='word_1_124' title='bbox 1246 2614 1340 2678; x_wconf 91' lang='lat' dir='ltr'><strong>malle</strong></span> <span class='ocrx_word' id='word_1_125' title='bbox 1355 2615 1515 2692; x_wconf 90' lang='lat' dir='ltr'><strong>debemus,</strong></span> <span class='ocrx_word' id='word_1_126' title='bbox 1537 2636 1621 2679; x_wconf 93' lang='lat' dir='ltr'><strong>sum·</strong></span> 
     </span>
     <span class='ocr_line' id='line_1_15' title="bbox 295 2709 1660 2793; baseline -0.002 -19"><span class='ocrx_word' id='word_1_127' title='bbox 295 2711 356 2774; x_wconf 88' lang='lat' dir='ltr'><strong>mis</strong></span> <span class='ocrx_word' id='word_1_128' title='bbox 388 2710 523 2793; x_wconf 90' lang='lat' dir='ltr'><strong>ingeniis</strong></span> <span class='ocrx_word' id='word_1_129' title='bbox 556 2728 738 2792; x_wconf 84' lang='lat' dir='ltr'><strong>expressam</strong></span> <span class='ocrx_word' id='word_1_130' title='bbox 773 2716 804 2771; x_wconf 91' lang='lat' dir='ltr'><strong>et</strong></span> <span class='ocrx_word' id='word_1_131' title='bbox 829 2709 987 2791; x_wconf 77' lang='lat' dir='ltr'><strong>politam?</strong></span> <span class='ocrx_word' id='word_1_132' title='bbox 1019 2709 1086 2791; x_wconf 90' lang='lat' dir='ltr'><strong>Ego</strong></span> <span class='ocrx_word' id='word_1_133' title='bbox 1115 2728 1190 2773; x_wconf 80' lang='lat' dir='ltr'><strong>vero</strong></span> <span class='ocrx_word' id='word_1_134' title='bbox 1213 2710 1334 2784; x_wconf 85' lang='lat' dir='ltr'><strong>omniu,</strong></span> <span class='ocrx_word' id='word_1_135' title='bbox 1355 2730 1438 2793; x_wconf 92' lang='lat' dir='ltr'><strong>quae</strong></span> <span class='ocrx_word' id='word_1_136' title='bbox 1459 2710 1660 2792; x_wconf 67' lang='lat' dir='ltr'><strong>gerebamus</strong></span> 
     </span>
     <span class='ocr_line' id='line_1_16' title="bbox 295 2801 1623 2886; baseline 0 -21"><span class='ocrx_word' id='word_1_137' title='bbox 295 2803 358 2869; x_wconf 91' lang='lat' dir='ltr'><strong>iam</strong></span> <span class='ocrx_word' id='word_1_138' title='bbox 372 2811 438 2868; x_wconf 93' lang='lat' dir='ltr'><strong>tum</strong></span> <span class='ocrx_word' id='word_1_139' title='bbox 452 2804 486 2866; x_wconf 92' lang='lat' dir='ltr'><strong>in</strong></span> <span class='ocrx_word' id='word_1_140' title='bbox 501 2802 642 2886; x_wconf 91' lang='lat' dir='ltr'><strong>gerendo</strong></span> <span class='ocrx_word' id='word_1_141' title='bbox 663 2821 811 2884; x_wconf 87' lang='lat' dir='ltr'><strong>spargere</strong></span> <span class='ocrx_word' id='word_1_142' title='bbox 834 2823 884 2865; x_wconf 88' lang='lat' dir='ltr'><strong>me</strong></span> <span class='ocrx_word' id='word_1_143' title='bbox 914 2822 951 2865; x_wconf 88' lang='lat' dir='ltr'><strong>ac</strong></span> <span class='ocrx_word' id='word_1_144' title='bbox 977 2801 1182 2866; x_wconf 89' lang='lat' dir='ltr'><strong>disseminare</strong></span> <span class='ocrx_word' id='word_1_145' title='bbox 1204 2804 1377 2867; x_wconf 87' lang='lat' dir='ltr'><strong>arbitrabar</strong></span> <span class='ocrx_word' id='word_1_146' title='bbox 1396 2804 1431 2866; x_wconf 90' lang='lat' dir='ltr'><strong>in</strong></span> <span class='ocrx_word' id='word_1_147' title='bbox 1452 2804 1539 2867; x_wconf 91' lang='lat' dir='ltr'><strong>orbis</strong></span> <span class='ocrx_word' id='word_1_148' title='bbox 1560 2810 1623 2866; x_wconf 87' lang='lat' dir='ltr'><strong>ter·</strong></span> 
     </span>
     <span class='ocr_line' id='line_1_17' title="bbox 295 2896 1622 2982; baseline -0.004 -19"><span class='ocrx_word' id='word_1_149' title='bbox 295 2919 350 2963; x_wconf 93' lang='lat' dir='ltr'><strong>rae</strong></span> <span class='ocrx_word' id='word_1_150' title='bbox 372 2897 554 2961; x_wconf 90' lang='lat' dir='ltr'><strong>memoriam</strong></span> <span class='ocrx_word' id='word_1_151' title='bbox 585 2896 818 2980; x_wconf 89' lang='lat' dir='ltr'><strong>sempiternam.</strong></span> <span class='ocrx_word' id='word_1_152' title='bbox 860 2896 947 2960; x_wconf 86' lang='lat' dir='ltr'><strong>Ilaec</strong></span> <span class='ocrx_word' id='word_1_153' title='bbox 976 2916 1051 2959; x_wconf 86' lang='lat' dir='ltr'><strong>vero</strong></span> <span class='ocrx_word' id='word_1_154' title='bbox 1080 2897 1147 2959; x_wconf 86' lang='lat' dir='ltr'><strong>sive</strong></span> <span class='ocrx_word' id='word_1_155' title='bbox 1176 2916 1195 2959; x_wconf 91' lang='lat' dir='ltr'><strong>a</strong></span> <span class='ocrx_word' id='word_1_156' title='bbox 1223 2918 1293 2961; x_wconf 91' lang='lat' dir='ltr'><strong>meo</strong></span> <span class='ocrx_word' id='word_1_157' title='bbox 1320 2918 1415 2962; x_wconf 91' lang='lat' dir='ltr'><strong>sensu</strong></span> <span class='ocrx_word' id='word_1_158' title='bbox 1442 2906 1514 2982; x_wconf 91' lang='lat' dir='ltr'><strong>post</strong></span> <span class='ocrx_word' id='word_1_159' title='bbox 1540 2916 1622 2960; x_wconf 93' lang='lat' dir='ltr'><strong>mor-</strong></span> 
     </span>
     <span class='ocr_line' id='line_1_18' title="bbox 296 2989 1622 3076; baseline -0.002 -20"><span class='ocrx_word' id='word_1_160' title='bbox 296 3002 360 3056; x_wconf 88' lang='lat' dir='ltr'><strong>tem</strong></span> <span class='ocrx_word' id='word_1_161' title='bbox 382 2990 506 3055; x_wconf 79' lang='lat' dir='ltr'><strong>afutura</strong></span> <span class='ocrx_word' id='word_1_162' title='bbox 528 2998 593 3065; x_wconf 90' lang='lat' dir='ltr'><strong>est,</strong></span> <span class='ocrx_word' id='word_1_163' title='bbox 617 2990 698 3065; x_wconf 84' lang='lat' dir='ltr'><strong>sive,</strong></span> <span class='ocrx_word' id='word_1_164' title='bbox 724 2997 761 3052; x_wconf 91' lang='lat' dir='ltr'><strong>ut</strong></span> <span class='ocrx_word' id='word_1_165' title='bbox 781 2989 1006 3073; x_wconf 85' lang='lat' dir='ltr'><strong>sapientissimi</strong></span> <span class='ocrx_word' id='word_1_166' title='bbox 1026 2989 1172 3053; x_wconf 88' lang='lat' dir='ltr'><strong>homines</strong></span> <span class='ocrx_word' id='word_1_167' title='bbox 1194 3000 1398 3076; x_wconf 87' lang='lat' dir='ltr'><strong>putaverunt,</strong></span> <span class='ocrx_word' id='word_1_168' title='bbox 1422 2993 1462 3055; x_wconf 89' lang='lat' dir='ltr'><strong>ad</strong></span> <span class='ocrx_word' id='word_1_169' title='bbox 1483 2992 1622 3074; x_wconf 90' lang='lat' dir='ltr'><strong>aliquam</strong></span> 
     </span>
     <span class='ocr_line' id='line_1_19' title="bbox 296 3084 1623 3169; baseline -0.005 -18"><span class='ocrx_word' id='word_1_170' title='bbox 296 3088 358 3151; x_wconf 90' lang='lat' dir='ltr'><strong>mei</strong></span> <span class='ocrx_word' id='word_1_171' title='bbox 387 3092 509 3169; x_wconf 89' lang='lat' dir='ltr'><strong>partem</strong></span> <span class='ocrx_word' id='word_1_172' title='bbox 541 3085 727 3169; x_wconf 88' lang='lat' dir='ltr'><strong>pertinebit,</strong></span> <span class='ocrx_word' id='word_1_173' title='bbox 758 3103 843 3147; x_wconf 90' lang='lat' dir='ltr'><strong>nunc</strong></span> <span class='ocrx_word' id='word_1_174' title='bbox 873 3084 1002 3168; x_wconf 91' lang='lat' dir='ltr'><strong>quidem</strong></span> <span class='ocrx_word' id='word_1_175' title='bbox 1024 3092 1108 3147; x_wconf 92' lang='lat' dir='ltr'><strong>certe</strong></span> <span class='ocrx_word' id='word_1_176' title='bbox 1131 3087 1323 3168; x_wconf 79' lang='lat' dir='ltr'><strong>cogitatione</strong></span> <span class='ocrx_word' id='word_1_177' title='bbox 1344 3084 1480 3169; x_wconf 85' lang='lat' dir='ltr'><strong>quadam</strong></span> <span class='ocrx_word' id='word_1_178' title='bbox 1501 3102 1623 3168; x_wconf 89' lang='lat' dir='ltr'><strong>speque</strong></span> 
     </span>
     <span class='ocr_line' id='line_1_20' title="bbox 297 3182 1660 3246; baseline -0.001 -1"><span class='ocrx_word' id='word_1_179' title='bbox 297 3182 449 3246; x_wconf 90' lang='lat' dir='ltr'><strong>delector.</strong></span> <span class='ocrx_word' id='word_1_180' title='bbox 1630 3195 1660 3243; x_wconf 78' lang='lat' dir='ltr'><strong>ao</strong></span> 
     </span>
    </p>

    <p class='ocr_par' dir='ltr' id='par_1_3' title="bbox 382 3269 1733 3356">
     <span class='ocr_line' id='line_1_21' title="bbox 382 3269 1733 3356; baseline -0.005 -19"><span class='ocrx_word' id='word_1_181' title='bbox 382 3269 434 3337; x_wconf 86' lang='lat' dir='ltr'><strong>3l.</strong></span> <span class='ocrx_word' id='word_1_182' title='bbox 457 3272 563 3348; x_wconf 86' lang='lat' dir='ltr'><strong>Quare</strong></span> <span class='ocrx_word' id='word_1_183' title='bbox 585 3280 785 3348; x_wconf 86' lang='lat' dir='ltr'><strong>conservate,</strong></span> <span class='ocrx_word' id='word_1_184' title='bbox 816 3271 955 3348; x_wconf 89' lang='lat' dir='ltr'><strong>iudices,</strong></span> <span class='ocrx_word' id='word_1_185' title='bbox 982 3272 1142 3337; x_wconf 90' lang='lat' dir='ltr'><strong>bominem</strong></span> <span class='ocrx_word' id='word_1_186' title='bbox 1164 3272 1286 3356; x_wconf 91' lang='lat' dir='ltr'><strong>pudore</strong></span> <span class='ocrx_word' id='word_1_187' title='bbox 1308 3292 1363 3348; x_wconf 90' lang='lat' dir='ltr'><strong>eo,</strong></span> <span class='ocrx_word' id='word_1_188' title='bbox 1392 3292 1486 3354; x_wconf 91' lang='lat' dir='ltr'><strong>quem</strong></span> <span class='ocrx_word' id='word_1_189' title='bbox 1508 3272 1624 3335; x_wconf 90' lang='lat' dir='ltr'><strong>amico·</strong></span> <span class='ocrx_word' id='word_1_190' title='bbox 1728 3316 1733 3330; x_wconf 93' lang='lat'>.</span> 
     </span>
    </p>
   </div>
   <div class='ocr_carea' id='block_1_3' title="bbox 296 3365 1625 3640">
    <p class='ocr_par' dir='ltr' id='par_1_4' title="bbox 296 3365 1625 3640">
     <span class='ocr_line' id='line_1_22' title="bbox 297 3365 1625 3451; baseline -0.004 -20"><span class='ocrx_word' id='word_1_191' title='bbox 297 3389 367 3432; x_wconf 91' lang='lat' dir='ltr'><strong>rum</strong></span> <span class='ocrx_word' id='word_1_192' title='bbox 389 3366 506 3432; x_wconf 81' lang='lat' dir='ltr'><strong>ridetis</strong></span> <span class='ocrx_word' id='word_1_193' title='bbox 529 3367 723 3451; x_wconf 89' lang='lat' dir='ltr'><strong>comprobari</strong></span> <span class='ocrx_word' id='word_1_194' title='bbox 746 3387 816 3429; x_wconf 89' lang='lat' dir='ltr'><strong>oum</strong></span> <span class='ocrx_word' id='word_1_195' title='bbox 838 3365 1001 3449; x_wconf 82' lang='lat' dir='ltr'><strong>dignitate,</strong></span> <span class='ocrx_word' id='word_1_196' title='bbox 1023 3374 1089 3430; x_wconf 92' lang='lat' dir='ltr'><strong>tum</strong></span> <span class='ocrx_word' id='word_1_197' title='bbox 1111 3368 1205 3431; x_wconf 91' lang='lat' dir='ltr'><strong>etiam</strong></span> <span class='ocrx_word' id='word_1_198' title='bbox 1226 3373 1396 3442; x_wconf 83' lang='lat' dir='ltr'><strong>vetustate,</strong></span> <span class='ocrx_word' id='word_1_199' title='bbox 1417 3365 1546 3449; x_wconf 91' lang='lat' dir='ltr'><strong>ingenio</strong></span> <span class='ocrx_word' id='word_1_200' title='bbox 1567 3383 1625 3427; x_wconf 94' lang='lat' dir='ltr'><strong>au·</strong></span> 
     </span>
     <span class='ocr_line' id='line_1_23' title="bbox 296 3458 1624 3545; baseline -0.006 -18"><span class='ocrx_word' id='word_1_201' title='bbox 296 3472 361 3527; x_wconf 94' lang='lat' dir='ltr'><strong>tem</strong></span> <span class='ocrx_word' id='word_1_202' title='bbox 384 3468 489 3535; x_wconf 89' lang='lat' dir='ltr'><strong>tanto,</strong></span> <span class='ocrx_word' id='word_1_203' title='bbox 518 3467 671 3543; x_wconf 90' lang='lat' dir='ltr'><strong>quantum</strong></span> <span class='ocrx_word' id='word_1_204' title='bbox 693 3460 725 3523; x_wconf 93' lang='lat' dir='ltr'><strong>id</strong></span> <span class='ocrx_word' id='word_1_205' title='bbox 748 3461 896 3523; x_wconf 85' lang='lat' dir='ltr'><strong>convenit</strong></span> <span class='ocrx_word' id='word_1_206' title='bbox 917 3460 1109 3535; x_wconf 86' lang='lat' dir='ltr'><strong>existimari,</strong></span> <span class='ocrx_word' id='word_1_207' title='bbox 1137 3459 1225 3545; x_wconf 93' lang='lat' dir='ltr'><strong>quod</strong></span> <span class='ocrx_word' id='word_1_208' title='bbox 1246 3480 1438 3524; x_wconf 87' lang='lat' dir='ltr'><strong>summorum</strong></span> <span class='ocrx_word' id='word_1_209' title='bbox 1458 3458 1624 3523; x_wconf 91' lang='lat' dir='ltr'><strong>bominum</strong></span> 
     </span>
     <span class='ocr_line' id='line_1_24' title="bbox 298 3547 1623 3640; baseline -0.007 -19"><span class='ocrx_word' id='word_1_210' title='bbox 298 3555 436 3640; x_wconf 89' lang='lat' dir='ltr'><strong>ingeniis</strong></span> <span class='ocrx_word' id='word_1_211' title='bbox 459 3555 636 3638; x_wconf 82' lang='lat' dir='ltr'><strong>expetitum</strong></span> <span class='ocrx_word' id='word_1_212' title='bbox 659 3574 729 3618; x_wconf 91' lang='lat' dir='ltr'><strong>esse</strong></span> <span class='ocrx_word' id='word_1_213' title='bbox 751 3555 899 3628; x_wconf 84' lang='lat' dir='ltr'><strong>videatis,</strong></span> <span class='ocrx_word' id='word_1_214' title='bbox 932 3573 1025 3618; x_wconf 88' lang='lat' dir='ltr'><strong>causa</strong></span> <span class='ocrx_word' id='word_1_215' title='bbox 1046 3574 1121 3617; x_wconf 86' lang='lat' dir='ltr'><strong>vero</strong></span> <span class='ocrx_word' id='word_1_216' title='bbox 1144 3554 1213 3617; x_wconf 91' lang='lat' dir='ltr'><strong>eius</strong></span> <span class='ocrx_word' id='word_1_217' title='bbox 1234 3554 1337 3631; x_wconf 94' lang='lat' dir='ltr'><strong>modi,</strong></span> <span class='ocrx_word' id='word_1_218' title='bbox 1368 3572 1450 3638; x_wconf 92' lang='lat' dir='ltr'><strong>quae</strong></span> <span class='ocrx_word' id='word_1_219' title='bbox 1471 3547 1623 3617; x_wconf 86' lang='lat' dir='ltr'><strong>beneficio</strong></span> 
     </span>
    </p>
   </div>
   <div class='ocr_carea' id='block_1_4' title="bbox 295 3646 1661 4581">
    <p class='ocr_par' dir='ltr' id='par_1_5' title="bbox 295 3646 1661 4581">
     <span class='ocr_line' id='line_1_25' title="bbox 297 3646 1661 3734; baseline -0.004 -20"><span class='ocrx_word' id='word_1_220' title='bbox 297 3650 395 3734; x_wconf 87' lang='lat' dir='ltr'><strong>legis,</strong></span> <span class='ocrx_word' id='word_1_221' title='bbox 416 3649 601 3714; x_wconf 90' lang='lat' dir='ltr'><strong>auctoritate</strong></span> <span class='ocrx_word' id='word_1_222' title='bbox 623 3648 808 3733; x_wconf 92' lang='lat' dir='ltr'><strong>municipii,</strong></span> <span class='ocrx_word' id='word_1_223' title='bbox 838 3648 1018 3712; x_wconf 91' lang='lat' dir='ltr'><strong>testimonio</strong></span> <span class='ocrx_word' id='word_1_224' title='bbox 1040 3646 1182 3723; x_wconf 86' lang='lat' dir='ltr'><strong>Luculli,</strong></span> <span class='ocrx_word' id='word_1_225' title='bbox 1204 3648 1319 3712; x_wconf 91' lang='lat' dir='ltr'><strong>tabulis</strong></span> <span class='ocrx_word' id='word_1_226' title='bbox 1339 3646 1460 3715; x_wconf 79' lang='lat' dir='ltr'><strong>Metelli</strong></span> <span class='ocrx_word' id='word_1_227' title='bbox 1482 3664 1661 3727; x_wconf 77' lang='lat' dir='ltr'><strong>compro-is</strong></span> 
     </span>
     <span class='ocr_line' id='line_1_26' title="bbox 297 3738 1623 3826; baseline -0.005 -18"><span class='ocrx_word' id='word_1_228' title='bbox 297 3745 400 3808; x_wconf 87' lang='lat' dir='ltr'><strong>betur.</strong></span> <span class='ocrx_word' id='word_1_229' title='bbox 439 3743 529 3818; x_wconf 84' lang='lat' dir='ltr'><strong>Quae</strong></span> <span class='ocrx_word' id='word_1_230' title='bbox 552 3762 623 3806; x_wconf 93' lang='lat' dir='ltr'><strong>cum</strong></span> <span class='ocrx_word' id='word_1_231' title='bbox 644 3743 687 3806; x_wconf 93' lang='lat' dir='ltr'><strong>ita</strong></span> <span class='ocrx_word' id='word_1_232' title='bbox 710 3744 787 3818; x_wconf 90' lang='lat' dir='ltr'><strong>sint,</strong></span> <span class='ocrx_word' id='word_1_233' title='bbox 815 3743 952 3826; x_wconf 88' lang='lat' dir='ltr'><strong>petimus</strong></span> <span class='ocrx_word' id='word_1_234' title='bbox 973 3761 993 3805; x_wconf 92' lang='lat' dir='ltr'><strong>a</strong></span> <span class='ocrx_word' id='word_1_235' title='bbox 1013 3743 1121 3818; x_wconf 80' lang='lat' dir='ltr'><strong>vobis,</strong></span> <span class='ocrx_word' id='word_1_236' title='bbox 1150 3743 1289 3820; x_wconf 93' lang='lat' dir='ltr'><strong>iudices,</strong></span> <span class='ocrx_word' id='word_1_237' title='bbox 1312 3744 1340 3807; x_wconf 91' lang='lat' dir='ltr'><strong>si</strong></span> <span class='ocrx_word' id='word_1_238' title='bbox 1361 3763 1423 3826; x_wconf 89' lang='lat' dir='ltr'><strong>qua</strong></span> <span class='ocrx_word' id='word_1_239' title='bbox 1444 3761 1509 3804; x_wconf 93' lang='lat' dir='ltr'><strong>non</strong></span> <span class='ocrx_word' id='word_1_240' title='bbox 1529 3738 1623 3803; x_wconf 91' lang='lat' dir='ltr'><strong>modo</strong></span> 
     </span>
     <span class='ocr_line' id='line_1_27' title="bbox 295 3834 1624 3920; baseline -0.005 -18"><span class='ocrx_word' id='word_1_241' title='bbox 295 3839 453 3912; x_wconf 89' lang='lat' dir='ltr'><strong>bumana,</strong></span> <span class='ocrx_word' id='word_1_242' title='bbox 474 3857 584 3900; x_wconf 84' lang='lat' dir='ltr'><strong>verum</strong></span> <span class='ocrx_word' id='word_1_243' title='bbox 606 3838 700 3901; x_wconf 90' lang='lat' dir='ltr'><strong>etiam</strong></span> <span class='ocrx_word' id='word_1_244' title='bbox 723 3836 830 3900; x_wconf 88' lang='lat' dir='ltr'><strong>divina</strong></span> <span class='ocrx_word' id='word_1_245' title='bbox 851 3838 885 3899; x_wconf 93' lang='lat' dir='ltr'><strong>in</strong></span> <span class='ocrx_word' id='word_1_246' title='bbox 907 3837 1002 3900; x_wconf 89' lang='lat' dir='ltr'><strong>tantis</strong></span> <span class='ocrx_word' id='word_1_247' title='bbox 1024 3837 1161 3920; x_wconf 90' lang='lat' dir='ltr'><strong>ingeniis</strong></span> <span class='ocrx_word' id='word_1_248' title='bbox 1181 3837 1413 3902; x_wconf 86' lang='lat' dir='ltr'><strong>commendatio</strong></span> <span class='ocrx_word' id='word_1_249' title='bbox 1427 3834 1523 3899; x_wconf 89' lang='lat' dir='ltr'><strong>debet</strong></span> <span class='ocrx_word' id='word_1_250' title='bbox 1544 3852 1624 3909; x_wconf 88' lang='lat' dir='ltr'><strong>esse,</strong></span> 
     </span>
     <span class='ocr_line' id='line_1_28' title="bbox 296 3931 1623 4017; baseline -0.005 -20"><span class='ocrx_word' id='word_1_251' title='bbox 296 3941 331 3997; x_wconf 93' lang='lat' dir='ltr'><strong>ut</strong></span> <span class='ocrx_word' id='word_1_252' title='bbox 352 3953 442 4007; x_wconf 92' lang='lat' dir='ltr'><strong>eum,</strong></span> <span class='ocrx_word' id='word_1_253' title='bbox 465 3932 520 4014; x_wconf 91' lang='lat' dir='ltr'><strong>qui</strong></span> <span class='ocrx_word' id='word_1_254' title='bbox 541 3951 617 4009; x_wconf 86' lang='lat' dir='ltr'><strong>vos,</strong></span> <span class='ocrx_word' id='word_1_255' title='bbox 639 3933 695 4016; x_wconf 92' lang='lat' dir='ltr'><strong>qui</strong></span> <span class='ocrx_word' id='word_1_256' title='bbox 716 3939 836 3998; x_wconf 85' lang='lat' dir='ltr'><strong>vestros</strong></span> <span class='ocrx_word' id='word_1_257' title='bbox 858 3932 1081 4016; x_wconf 88' lang='lat' dir='ltr'><strong>imperatores,</strong></span> <span class='ocrx_word' id='word_1_258' title='bbox 1103 3933 1157 4017; x_wconf 94' lang='lat' dir='ltr'><strong>qui</strong></span> <span class='ocrx_word' id='word_1_259' title='bbox 1179 3932 1291 4016; x_wconf 90' lang='lat' dir='ltr'><strong>populi</strong></span> <span class='ocrx_word' id='word_1_260' title='bbox 1305 3931 1439 3996; x_wconf 85' lang='lat' dir='ltr'><strong>Romani</strong></span> <span class='ocrx_word' id='word_1_261' title='bbox 1453 3949 1505 3994; x_wconf 89' lang='lat' dir='ltr'><strong>res</strong></span> <span class='ocrx_word' id='word_1_262' title='bbox 1519 3934 1623 4011; x_wconf 88' lang='lat' dir='ltr'><strong>gestas</strong></span> 
     </span>
     <span class='ocr_line' id='line_1_29' title="bbox 297 4021 1624 4112; baseline -0.006 -21"><span class='ocrx_word' id='word_1_263' title='bbox 297 4047 422 4112; x_wconf 87' lang='lat' dir='ltr'><strong>semper</strong></span> <span class='ocrx_word' id='word_1_264' title='bbox 451 4025 589 4100; x_wconf 86' lang='lat' dir='ltr'><strong>ornavit,</strong></span> <span class='ocrx_word' id='word_1_265' title='bbox 620 4027 674 4110; x_wconf 93' lang='lat' dir='ltr'><strong>qui</strong></span> <span class='ocrx_word' id='word_1_266' title='bbox 705 4028 799 4090; x_wconf 90' lang='lat' dir='ltr'><strong>etiam</strong></span> <span class='ocrx_word' id='word_1_267' title='bbox 826 4027 876 4089; x_wconf 92' lang='lat' dir='ltr'><strong>his</strong></span> <span class='ocrx_word' id='word_1_268' title='bbox 904 4026 1086 4089; x_wconf 86' lang='lat' dir='ltr'><strong>recentibus</strong></span> <span class='ocrx_word' id='word_1_269' title='bbox 1107 4028 1223 4090; x_wconf 88' lang='lat' dir='ltr'><strong>nostris</strong></span> <span class='ocrx_word' id='word_1_270' title='bbox 1243 4026 1421 4110; x_wconf 86' lang='lat' dir='ltr'><strong>vestrisque</strong></span> <span class='ocrx_word' id='word_1_271' title='bbox 1442 4021 1624 4087; x_wconf 90' lang='lat' dir='ltr'><strong>domesticis</strong></span> 
     </span>
     <span class='ocr_line' id='line_1_30' title="bbox 297 4116 1661 4205; baseline -0.001 -21"><span class='ocrx_word' id='word_1_272' title='bbox 297 4120 447 4205; x_wconf 88' lang='lat' dir='ltr'><strong>periculis</strong></span> <span class='ocrx_word' id='word_1_273' title='bbox 470 4126 634 4184; x_wconf 89' lang='lat' dir='ltr'><strong>aeternum</strong></span> <span class='ocrx_word' id='word_1_274' title='bbox 655 4140 689 4184; x_wconf 92' lang='lat' dir='ltr'><strong>se</strong></span> <span class='ocrx_word' id='word_1_275' title='bbox 713 4121 927 4183; x_wconf 91' lang='lat' dir='ltr'><strong>testimonium</strong></span> <span class='ocrx_word' id='word_1_276' title='bbox 949 4119 1052 4183; x_wconf 89' lang='lat' dir='ltr'><strong>laudis</strong></span> <span class='ocrx_word' id='word_1_277' title='bbox 1075 4119 1221 4183; x_wconf 75' lang='lat' dir='ltr'><strong>dunarum</strong></span> <span class='ocrx_word' id='word_1_278' title='bbox 1243 4140 1314 4183; x_wconf 89' lang='lat' dir='ltr'><strong>esse</strong></span> <span class='ocrx_word' id='word_1_279' title='bbox 1335 4116 1500 4203; x_wconf 86' lang='lat' dir='ltr'><strong>profitetur</strong></span> <span class='ocrx_word' id='word_1_280' title='bbox 1513 4123 1661 4199; x_wconf 79' lang='lat' dir='ltr'><strong>estqueao</strong></span> 
     </span>
     <span class='ocr_line' id='line_1_31' title="bbox 297 4210 1625 4298; baseline -0.004 -20"><span class='ocrx_word' id='word_1_281' title='bbox 297 4233 399 4278; x_wconf 86' lang='lat' dir='ltr'><strong>exeo</strong></span> <span class='ocrx_word' id='word_1_282' title='bbox 421 4233 573 4288; x_wconf 93' lang='lat' dir='ltr'><strong>numero,</strong></span> <span class='ocrx_word' id='word_1_283' title='bbox 606 4216 663 4298; x_wconf 93' lang='lat' dir='ltr'><strong>qui</strong></span> <span class='ocrx_word' id='word_1_284' title='bbox 690 4234 814 4298; x_wconf 89' lang='lat' dir='ltr'><strong>semper</strong></span> <span class='ocrx_word' id='word_1_285' title='bbox 835 4214 920 4298; x_wconf 90' lang='lat' dir='ltr'><strong>apud</strong></span> <span class='ocrx_word' id='word_1_286' title='bbox 942 4234 1051 4278; x_wconf 91' lang='lat' dir='ltr'><strong>omnes</strong></span> <span class='ocrx_word' id='word_1_287' title='bbox 1073 4215 1172 4277; x_wconf 91' lang='lat' dir='ltr'><strong>sancti</strong></span> <span class='ocrx_word' id='word_1_288' title='bbox 1193 4221 1267 4277; x_wconf 90' lang='lat' dir='ltr'><strong>suut</strong></span> <span class='ocrx_word' id='word_1_289' title='bbox 1287 4213 1387 4277; x_wconf 88' lang='lat' dir='ltr'><strong>babiti</strong></span> <span class='ocrx_word' id='word_1_290' title='bbox 1407 4213 1515 4296; x_wconf 88' lang='lat' dir='ltr'><strong>itaque</strong></span> <span class='ocrx_word' id='word_1_291' title='bbox 1538 4210 1625 4286; x_wconf 89' lang='lat' dir='ltr'><strong>dicti,</strong></span> 
     </span>
     <span class='ocr_line' id='line_1_32' title="bbox 299 4305 1624 4392; baseline -0.003 -21"><span class='ocrx_word' id='word_1_292' title='bbox 299 4307 346 4371; x_wconf 91' lang='lat' dir='ltr'><strong>sic</strong></span> <span class='ocrx_word' id='word_1_293' title='bbox 368 4308 402 4370; x_wconf 93' lang='lat' dir='ltr'><strong>in</strong></span> <span class='ocrx_word' id='word_1_294' title='bbox 423 4314 559 4371; x_wconf 84' lang='lat' dir='ltr'><strong>vestram</strong></span> <span class='ocrx_word' id='word_1_295' title='bbox 582 4306 743 4392; x_wconf 88' lang='lat' dir='ltr'><strong>accipiatis</strong></span> <span class='ocrx_word' id='word_1_296' title='bbox 761 4305 872 4384; x_wconf 89' lang='lat' dir='ltr'><strong>fidem,</strong></span> <span class='ocrx_word' id='word_1_297' title='bbox 894 4316 931 4371; x_wconf 93' lang='lat' dir='ltr'><strong>ut</strong></span> <span class='ocrx_word' id='word_1_298' title='bbox 943 4307 1140 4372; x_wconf 89' lang='lat' dir='ltr'><strong>humanitate</strong></span> <span class='ocrx_word' id='word_1_299' title='bbox 1155 4312 1259 4372; x_wconf 87' lang='lat' dir='ltr'><strong>vestra</strong></span> <span class='ocrx_word' id='word_1_300' title='bbox 1271 4308 1394 4371; x_wconf 86' lang='lat' dir='ltr'><strong>levatus</strong></span> <span class='ocrx_word' id='word_1_301' title='bbox 1408 4306 1515 4389; x_wconf 90' lang='lat' dir='ltr'><strong>potius</strong></span> <span class='ocrx_word' id='word_1_302' title='bbox 1530 4323 1624 4389; x_wconf 58' lang='lat' dir='ltr'><strong>mam</strong></span> 
     </span>
     <span class='ocr_line' id='line_1_33' title="bbox 299 4398 1626 4484; baseline -0.004 -18"><span class='ocrx_word' id='word_1_303' title='bbox 299 4402 469 4466; x_wconf 90' lang='lat' dir='ltr'><strong>acerbitate</strong></span> <span class='ocrx_word' id='word_1_304' title='bbox 491 4401 626 4466; x_wconf 86' lang='lat' dir='ltr'><strong>violatus</strong></span> <span class='ocrx_word' id='word_1_305' title='bbox 648 4421 718 4465; x_wconf 91' lang='lat' dir='ltr'><strong>esse</strong></span> <span class='ocrx_word' id='word_1_306' title='bbox 740 4402 893 4466; x_wconf 86' lang='lat' dir='ltr'><strong>videatur.</strong></span> <span class='ocrx_word' id='word_1_307' title='bbox 940 4398 993 4464; x_wconf 72' lang='lat'><strong>32.</strong></span> <span class='ocrx_word' id='word_1_308' title='bbox 1016 4401 1106 4477; x_wconf 87' lang='lat' dir='ltr'><strong>Quae</strong></span> <span class='ocrx_word' id='word_1_309' title='bbox 1136 4401 1182 4465; x_wconf 92' lang='lat' dir='ltr'><strong>de·</strong></span> <span class='ocrx_word' id='word_1_310' title='bbox 1205 4421 1299 4465; x_wconf 90' lang='lat' dir='ltr'><strong>causa</strong></span> <span class='ocrx_word' id='word_1_311' title='bbox 1320 4421 1378 4484; x_wconf 88' lang='lat' dir='ltr'><strong>pro</strong></span> <span class='ocrx_word' id='word_1_312' title='bbox 1400 4421 1471 4464; x_wconf 89' lang='lat' dir='ltr'><strong>mea</strong></span> <span class='ocrx_word' id='word_1_313' title='bbox 1491 4417 1626 4463; x_wconf 88' lang='lat' dir='ltr'><strong>consue-</strong></span> 
     </span>
     <span class='ocr_line' id='line_1_34' title="bbox 298 4492 1624 4581; baseline -0.005 -20"><span class='ocrx_word' id='word_1_314' title='bbox 298 4496 408 4561; x_wconf 90' lang='lat' dir='ltr'><strong>tudine</strong></span> <span class='ocrx_word' id='word_1_315' title='bbox 440 4495 579 4560; x_wconf 83' lang='lat' dir='ltr'><strong>breviter</strong></span> <span class='ocrx_word' id='word_1_316' title='bbox 606 4495 854 4581; x_wconf 86' lang='lat' dir='ltr'><strong>simpliciterque</strong></span> <span class='ocrx_word' id='word_1_317' title='bbox 883 4496 966 4572; x_wconf 85' lang='lat' dir='ltr'><strong>dixi,</strong></span> <span class='ocrx_word' id='word_1_318' title='bbox 998 4495 1137 4570; x_wconf 86' lang='lat' dir='ltr'><strong>iudices,</strong></span> <span class='ocrx_word' id='word_1_319' title='bbox 1170 4514 1208 4559; x_wconf 90' lang='lat' dir='ltr'><strong>ea</strong></span> <span class='ocrx_word' id='word_1_320' title='bbox 1242 4492 1365 4559; x_wconf 86' lang='lat' dir='ltr'><strong>confido</strong></span> <span class='ocrx_word' id='word_1_321' title='bbox 1395 4493 1526 4578; x_wconf 86' lang='lat' dir='ltr'><strong>probata</strong></span> <span class='ocrx_word' id='word_1_322' title='bbox 1555 4511 1624 4556; x_wconf 88' lang='lat' dir='ltr'><strong>esse</strong></span> 
     </span>
    </p>
   </div>
   <div class='ocr_carea' id='block_1_5' title="bbox 293 4793 1627 5914">
    <p class='ocr_par' dir='ltr' id='par_1_6' title="bbox 293 4793 1627 5914">
     <span class='ocr_line' id='line_1_35' title="bbox 346 4793 1626 4859; baseline -0.002 -11"><span class='ocrx_word' id='word_1_323' title='bbox 346 4799 371 4848; x_wconf 86' lang='lat' dir='ltr'><strong>l.</strong></span> <span class='ocrx_word' id='word_1_324' title='bbox 383 4798 410 4847; x_wconf 78' lang='lat' dir='ltr'><strong>la</strong></span> <span class='ocrx_word' id='word_1_325' title='bbox 421 4798 482 4848; x_wconf 87' lang='lat' dir='ltr'><strong>ante</strong></span> <span class='ocrx_word' id='word_1_326' title='bbox 493 4794 544 4846; x_wconf 85' lang='lat' dir='ltr'><strong>tob.</strong></span> <span class='ocrx_word' id='word_1_327' title='bbox 556 4807 609 4846; x_wconf 88' lang='lat' dir='ltr'><strong>om.</strong></span> <span class='ocrx_word' id='word_1_328' title='bbox 622 4794 685 4855; x_wconf 85' lang='lat' dir='ltr'><strong>BL;</strong></span> <span class='ocrx_word' id='word_1_329' title='bbox 704 4794 753 4845; x_wconf 91' lang='lat' dir='ltr'><strong>sed</strong></span> <span class='ocrx_word' id='word_1_330' title='bbox 765 4795 798 4846; x_wconf 86' lang='lat' dir='ltr'><strong>ct.</strong></span> <span class='ocrx_word' id='word_1_331' title='bbox 813 4793 917 4846; x_wconf 86' lang='lat' dir='ltr'><strong>Tuscul.</strong></span> <span class='ocrx_word' id='word_1_332' title='bbox 928 4795 951 4844; x_wconf 87' lang='lat' dir='ltr'>V</span> <span class='ocrx_word' id='word_1_333' title='bbox 962 4795 977 4859; x_wconf 72' lang='grc'>5</span> <span class='ocrx_word' id='word_1_334' title='bbox 987 4796 1017 4846; x_wconf 84' lang='lat'><strong>3:</strong></span> <span class='ocrx_word' id='word_1_335' title='bbox 1031 4808 1072 4846; x_wconf 86' lang='lat' dir='ltr'><strong>eos</strong></span> <span class='ocrx_word' id='word_1_336' title='bbox 1081 4807 1162 4854; x_wconf 67' lang='lat' dir='ltr'><strong>cosm,</strong></span> <span class='ocrx_word' id='word_1_337' title='bbox 1176 4793 1303 4854; x_wconf 77' lang='lat' dir='ltr'><strong>inquibus</strong></span> <span class='ocrx_word' id='word_1_338' title='bbox 1313 4805 1352 4843; x_wconf 84' lang='lat' dir='ltr'><strong>me</strong></span> <span class='ocrx_word' id='word_1_339' title='bbox 1361 4793 1465 4856; x_wconf 67' lang='lat' dir='ltr'><strong>fortuna</strong></span> <span class='ocrx_word' id='word_1_340' title='bbox 1473 4794 1626 4845; x_wconf 72' lang='lat' dir='ltr'><strong>subeamus·</strong></span> 
     </span>
     <span class='ocr_line' id='line_1_36' title="bbox 297 4867 1627 4934; baseline -0.004 -9"><span class='ocrx_word' id='word_1_341' title='bbox 297 4874 417 4925; x_wconf 61' lang='lat' dir='ltr'><strong>samum.</strong></span> <span class='ocrx_word' id='word_1_342' title='bbox 438 4898 466 4909; x_wconf 84' lang='lat'>-</span> <span class='ocrx_word' id='word_1_343' title='bbox 484 4873 510 4922; x_wconf 74' lang='lat'><strong>2.</strong></span> <span class='ocrx_word' id='word_1_344' title='bbox 528 4875 576 4931; x_wconf 79' lang='lat' dir='ltr'><strong>est,</strong></span> <span class='ocrx_word' id='word_1_345' title='bbox 594 4870 691 4934; x_wconf 68' lang='grc' dir='ltr'><strong>οίοάοω]</strong></span> <span class='ocrx_word' id='word_1_346' title='bbox 708 4871 846 4921; x_wconf 72' lang='lat' dir='ltr'><strong>utaisdam</strong></span> <span class='ocrx_word' id='word_1_347' title='bbox 863 4872 983 4921; x_wconf 86' lang='lat' dir='ltr'>GEP-</span> <span class='ocrx_word' id='word_1_348' title='bbox 1003 4871 1027 4921; x_wconf 82' lang='grc'><strong>3.</strong></span> <span class='ocrx_word' id='word_1_349' title='bbox 1045 4883 1124 4933; x_wconf 77' lang='lat' dir='ltr'><strong>neque</strong></span> <span class='ocrx_word' id='word_1_350' title='bbox 1139 4870 1287 4920; x_wconf 82' lang='lat' dir='ltr'><strong>tuutisb-</strong></span> <span class='ocrx_word' id='word_1_351' title='bbox 1305 4867 1504 4932; x_wconf 64' lang='lat' dir='ltr'><strong>baqoeaurP,</strong></span> <span class='ocrx_word' id='word_1_352' title='bbox 1524 4874 1627 4933; x_wconf 66' lang='lat' dir='ltr'><strong>aspect</strong></span> 
     </span>
     <span class='ocr_line' id='line_1_37' title="bbox 296 4946 1626 5012; baseline -0.002 -13"><span class='ocrx_word' id='word_1_353' title='bbox 296 4950 358 4999; x_wconf 86' lang='lat' dir='ltr'><strong>L-</strong></span> <span class='ocrx_word' id='word_1_354' title='bbox 376 4946 636 5012; x_wconf 80' lang='lat' dir='ltr'><strong>nequo1nacEA-</strong></span> <span class='ocrx_word' id='word_1_355' title='bbox 655 4947 743 4997; x_wconf 81' lang='lat' dir='ltr'><strong>totiens</strong></span> <span class='ocrx_word' id='word_1_356' title='bbox 758 4946 823 4997; x_wconf 80' lang='lat' dir='ltr'><strong>Es:</strong></span> <span class='ocrx_word' id='word_1_357' title='bbox 841 4947 911 4997; x_wconf 80' lang='lat' dir='ltr'><strong>toties</strong></span> <span class='ocrx_word' id='word_1_358' title='bbox 927 4947 1046 4997; x_wconf 86' lang='lat' dir='ltr'>GLO-</span> <span class='ocrx_word' id='word_1_359' title='bbox 1064 4946 1262 5010; x_wconf 79' lang='lat' dir='ltr'><strong>ipsooituGE:</strong></span> <span class='ocrx_word' id='word_1_360' title='bbox 1279 4946 1333 4995; x_wconf 81' lang='lat' dir='ltr'><strong>cito</strong></span> <span class='ocrx_word' id='word_1_361' title='bbox 1349 4946 1496 5008; x_wconf 79' lang='lat' dir='ltr'><strong>ipsoALO</strong></span> <span class='ocrx_word' id='word_1_362' title='bbox 1510 4973 1536 4980; x_wconf 96' lang='lat'>-</span> <span class='ocrx_word' id='word_1_363' title='bbox 1556 4949 1626 4997; x_wconf 62' lang='lat' dir='ltr'><strong>boc</strong></span> 
     </span>
     <span class='ocr_line' id='line_1_38' title="bbox 296 5021 1626 5086; baseline -0.002 -11"><span class='ocrx_word' id='word_1_364' title='bbox 296 5024 349 5075; x_wconf 81' lang='lat' dir='ltr'><strong>dies</strong></span> <span class='ocrx_word' id='word_1_365' title='bbox 364 5022 430 5074; x_wconf 83' lang='lat' dir='ltr'><strong>GE:</strong></span> <span class='ocrx_word' id='word_1_366' title='bbox 450 5027 473 5072; x_wconf 81' lang='lat' dir='ltr'><strong>et</strong></span> <span class='ocrx_word' id='word_1_367' title='bbox 488 5022 540 5070; x_wconf 78' lang='lat' dir='ltr'><strong>dies</strong></span> <span class='ocrx_word' id='word_1_368' title='bbox 555 5021 634 5071; x_wconf 78' lang='lat' dir='ltr'><strong>ALO</strong></span> <span class='ocrx_word' id='word_1_369' title='bbox 654 5047 681 5056; x_wconf 87' lang='lat'><em>-</em></span> <span class='ocrx_word' id='word_1_370' title='bbox 700 5023 724 5071; x_wconf 82' lang='lat'><strong>7.</strong></span> <span class='ocrx_word' id='word_1_371' title='bbox 743 5034 793 5072; x_wconf 81' lang='lat' dir='ltr'><strong>esse</strong></span> <span class='ocrx_word' id='word_1_372' title='bbox 810 5021 984 5073; x_wconf 74' lang='lat' dir='ltr'><strong>dictetieodom</strong></span> <span class='ocrx_word' id='word_1_373' title='bbox 1002 5023 1035 5080; x_wconf 73' lang='grc' dir='ltr'><strong>ις</strong></span> <span class='ocrx_word' id='word_1_374' title='bbox 1054 5021 1438 5084; x_wconf 69' lang='lat' dir='ltr'><strong>medimtuodomssergkius3</strong></span> <span class='ocrx_word' id='word_1_375' title='bbox 1455 5022 1626 5086; x_wconf 47' lang='lat' dir='ltr'><strong>custome-</strong></span> 
     </span>
     <span class='ocr_line' id='line_1_39' title="bbox 296 5096 1627 5160; baseline 0 -12"><span class='ocrx_word' id='word_1_376' title='bbox 296 5099 397 5149; x_wconf 78' lang='lat' dir='ltr'><strong>tsodom</strong></span> <span class='ocrx_word' id='word_1_377' title='bbox 414 5097 434 5148; x_wconf 94' lang='lat'>0</span> <span class='ocrx_word' id='word_1_378' title='bbox 451 5120 479 5132; x_wconf 87' lang='lat'><em>-</em></span> <span class='ocrx_word' id='word_1_379' title='bbox 498 5096 524 5146; x_wconf 87' lang='grc'><strong>8.</strong></span> <span class='ocrx_word' id='word_1_380' title='bbox 538 5098 618 5160; x_wconf 74' lang='lat' dir='ltr'><strong>proed</strong></span> <span class='ocrx_word' id='word_1_381' title='bbox 634 5097 654 5148; x_wconf 87' lang='lat' dir='ltr'>E</span> <span class='ocrx_word' id='word_1_382' title='bbox 673 5122 701 5134; x_wconf 93' lang='lat'>-</span> <span class='ocrx_word' id='word_1_383' title='bbox 720 5109 771 5148; x_wconf 84' lang='lat' dir='ltr'><strong>esse</strong></span> <span class='ocrx_word' id='word_1_384' title='bbox 786 5110 839 5148; x_wconf 90' lang='lat' dir='ltr'><strong>om.</strong></span> <span class='ocrx_word' id='word_1_385' title='bbox 858 5099 878 5148; x_wconf 87' lang='lat' dir='ltr'>E</span> <span class='ocrx_word' id='word_1_386' title='bbox 897 5123 925 5134; x_wconf 93' lang='lat'><em>-</em></span> <span class='ocrx_word' id='word_1_387' title='bbox 945 5099 985 5148; x_wconf 77' lang='lat' dir='ltr'><strong>tt.</strong></span> <span class='ocrx_word' id='word_1_388' title='bbox 1003 5098 1041 5148; x_wconf 76' lang='lat' dir='ltr'><strong>An</strong></span> <span class='ocrx_word' id='word_1_389' title='bbox 1055 5097 1438 5158; x_wconf 69' lang='lat' dir='ltr'><strong>cutum--rettqioemuossz</strong></span> <span class='ocrx_word' id='word_1_390' title='bbox 1457 5111 1492 5147; x_wconf 79' lang='lat' dir='ltr'><strong>uo</strong></span> <span class='ocrx_word' id='word_1_391' title='bbox 1508 5103 1627 5148; x_wconf 71' lang='lat' dir='ltr'><strong>mmsis-</strong></span> 
     </span>
     <span class='ocr_line' id='line_1_40' title="bbox 297 5171 1624 5240; baseline 0.001 -15"><span class='ocrx_word' id='word_1_392' title='bbox 297 5171 566 5235; x_wconf 73' lang='lat' dir='ltr'><strong>mor--rotiquemt</strong></span> <span class='ocrx_word' id='word_1_393' title='bbox 582 5176 617 5231; x_wconf 78' lang='lat' dir='ltr'><strong>A;</strong></span> <span class='ocrx_word' id='word_1_394' title='bbox 641 5187 676 5223; x_wconf 79' lang='lat' dir='ltr'><strong>oo</strong></span> <span class='ocrx_word' id='word_1_395' title='bbox 692 5186 749 5223; x_wconf 83' lang='lat' dir='ltr'><strong>oum</strong></span> <span class='ocrx_word' id='word_1_396' title='bbox 764 5178 908 5223; x_wconf 70' lang='lat' dir='ltr'><strong>swtuasn</strong></span> <span class='ocrx_word' id='word_1_397' title='bbox 920 5173 1066 5236; x_wconf 81' lang='lat' dir='ltr'><strong>reliquerint</strong></span> <span class='ocrx_word' id='word_1_398' title='bbox 1088 5185 1150 5223; x_wconf 92' lang='lat' dir='ltr'><strong>cum</strong></span> <span class='ocrx_word' id='word_1_399' title='bbox 1172 5173 1200 5221; x_wconf 80' lang='lat' dir='ltr'><strong>P.</strong></span> <span class='ocrx_word' id='word_1_400' title='bbox 1219 5172 1334 5222; x_wconf 84' lang='lat' dir='ltr'><strong>Menutio</strong></span> <span class='ocrx_word' id='word_1_401' title='bbox 1351 5172 1399 5222; x_wconf 82' lang='lat' dir='ltr'><strong>LO</strong></span> <span class='ocrx_word' id='word_1_402' title='bbox 1423 5199 1450 5208; x_wconf 93' lang='lat'><em>-</em></span> <span class='ocrx_word' id='word_1_403' title='bbox 1477 5171 1517 5224; x_wconf 81' lang='lat' dir='ltr'><strong>ll.</strong></span> <span class='ocrx_word' id='word_1_404' title='bbox 1535 5175 1624 5240; x_wconf 79' lang='lat' dir='ltr'><strong>nouae]</strong></span> 
     </span>
     <span class='ocr_line' id='line_1_41' title="bbox 296 5246 1626 5312; baseline -0.002 -12"><span class='ocrx_word' id='word_1_405' title='bbox 296 5248 412 5300; x_wconf 73' lang='lat' dir='ltr'><strong>eonio</strong></span> <span class='ocrx_word' id='word_1_406' title='bbox 437 5274 464 5283; x_wconf 92' lang='lat'>-</span> <span class='ocrx_word' id='word_1_407' title='bbox 489 5248 597 5298; x_wconf 64' lang='lat' dir='ltr'><strong>iltius</strong></span> <span class='ocrx_word' id='word_1_408' title='bbox 617 5260 670 5298; x_wconf 90' lang='lat' dir='ltr'><strong>om.</strong></span> <span class='ocrx_word' id='word_1_409' title='bbox 690 5249 769 5299; x_wconf 87' lang='lat' dir='ltr'><strong>GEP</strong></span> <span class='ocrx_word' id='word_1_410' title='bbox 794 5276 821 5285; x_wconf 97' lang='lat'><em>-</em></span> <span class='ocrx_word' id='word_1_411' title='bbox 847 5249 887 5299; x_wconf 82' lang='lat' dir='ltr'><strong>ta.</strong></span> <span class='ocrx_word' id='word_1_412' title='bbox 905 5249 1061 5312; x_wconf 73' lang='lat' dir='ltr'><strong>ctuturoG:</strong></span> <span class='ocrx_word' id='word_1_413' title='bbox 1087 5250 1202 5311; x_wconf 65' lang='lat' dir='ltr'><strong>offidaro</strong></span> <span class='ocrx_word' id='word_1_414' title='bbox 1222 5247 1257 5305; x_wconf 78' lang='lat' dir='ltr'><strong>E3</strong></span> <span class='ocrx_word' id='word_1_415' title='bbox 1280 5246 1400 5310; x_wconf 70' lang='lat' dir='ltr'><strong>obsistere</strong></span> <span class='ocrx_word' id='word_1_416' title='bbox 1421 5246 1472 5298; x_wconf 82' lang='grc' dir='ltr'><strong>ΑΟ</strong></span> <span class='ocrx_word' id='word_1_417' title='bbox 1490 5272 1519 5283; x_wconf 96' lang='grc'>-</span> <span class='ocrx_word' id='word_1_418' title='bbox 1543 5252 1626 5298; x_wconf 79' lang='lat' dir='ltr'><strong>ost--</strong></span> 
     </span>
     <span class='ocr_line' id='line_1_42' title="bbox 293 5320 1626 5389; baseline -0.001 -13"><span class='ocrx_word' id='word_1_419' title='bbox 293 5323 434 5389; x_wconf 61' lang='lat' dir='ltr'><strong>petineis]</strong></span> <span class='ocrx_word' id='word_1_420' title='bbox 451 5322 720 5384; x_wconf 80' lang='lat' dir='ltr'><strong>auot--pertioebuot</strong></span> <span class='ocrx_word' id='word_1_421' title='bbox 735 5323 785 5373; x_wconf 73' lang='lat' dir='ltr'><strong>BA</strong></span> <span class='ocrx_word' id='word_1_422' title='bbox 804 5349 831 5359; x_wconf 91' lang='lat'>-</span> <span class='ocrx_word' id='word_1_423' title='bbox 850 5323 963 5385; x_wconf 64' lang='lat' dir='ltr'><strong>utquam</strong></span> <span class='ocrx_word' id='word_1_424' title='bbox 978 5324 1027 5374; x_wconf 82' lang='lat' dir='ltr'><strong>mei</strong></span> <span class='ocrx_word' id='word_1_425' title='bbox 1043 5323 1103 5373; x_wconf 92' lang='lat' dir='ltr'><strong>cod.</strong></span> <span class='ocrx_word' id='word_1_426' title='bbox 1123 5322 1219 5382; x_wconf 87' lang='lat' dir='ltr'><strong>Ursini,</strong></span> <span class='ocrx_word' id='word_1_427' title='bbox 1238 5333 1307 5370; x_wconf 92' lang='lat' dir='ltr'><strong>unus</strong></span> <span class='ocrx_word' id='word_1_428' title='bbox 1318 5333 1334 5370; x_wconf 92' lang='lat' dir='ltr'><strong>e</strong></span> <span class='ocrx_word' id='word_1_429' title='bbox 1345 5320 1552 5384; x_wconf 89' lang='lat' dir='ltr'><strong>Parisieusibus‚</strong></span> <span class='ocrx_word' id='word_1_430' title='bbox 1570 5326 1626 5375; x_wconf 90' lang='lat' dir='ltr'><strong>tres</strong></span> 
     </span>
     <span class='ocr_line' id='line_1_43' title="bbox 297 5395 1625 5464; baseline -0.004 -12"><span class='ocrx_word' id='word_1_431' title='bbox 297 5398 536 5464; x_wconf 79' lang='lat' dir='ltr'><strong>Lagomarsiniani:</strong></span> <span class='ocrx_word' id='word_1_432' title='bbox 562 5397 674 5460; x_wconf 79' lang='lat' dir='ltr'><strong>utiquam</strong></span> <span class='ocrx_word' id='word_1_433' title='bbox 696 5398 775 5448; x_wconf 60' lang='lat' dir='ltr'><strong>cumi</strong></span> <span class='ocrx_word' id='word_1_434' title='bbox 790 5399 838 5448; x_wconf 86' lang='lat' dir='ltr'><strong>mei</strong></span> <span class='ocrx_word' id='word_1_435' title='bbox 855 5398 934 5449; x_wconf 82' lang='lat' dir='ltr'><strong>GEA</strong></span> <span class='ocrx_word' id='word_1_436' title='bbox 945 5399 979 5457; x_wconf 88' lang='lat' dir='ltr'><strong>L;</strong></span> <span class='ocrx_word' id='word_1_437' title='bbox 1005 5397 1118 5459; x_wconf 80' lang='lat' dir='ltr'><strong>ntiquom</strong></span> <span class='ocrx_word' id='word_1_438' title='bbox 1139 5395 1236 5461; x_wconf 76' lang='lat' dir='ltr'><strong>[ocimi]</strong></span> <span class='ocrx_word' id='word_1_439' title='bbox 1258 5395 1343 5446; x_wconf 73' lang='grc' dir='ltr'><strong>ΜΟ</strong></span> <span class='ocrx_word' id='word_1_440' title='bbox 1367 5423 1394 5432; x_wconf 91' lang='grc'>-</span> <span class='ocrx_word' id='word_1_441' title='bbox 1416 5395 1458 5447; x_wconf 70' lang='lat' dir='ltr'><strong>it.</strong></span> <span class='ocrx_word' id='word_1_442' title='bbox 1476 5397 1625 5460; x_wconf 67' lang='lat' dir='ltr'><strong>moram]</strong></span> 
     </span>
     <span class='ocr_line' id='line_1_44' title="bbox 297 5469 1627 5533; baseline -0.003 -7"><span class='ocrx_word' id='word_1_443' title='bbox 297 5475 436 5526; x_wconf 67' lang='lat' dir='ltr'><strong>monim</strong></span> <span class='ocrx_word' id='word_1_444' title='bbox 451 5473 570 5524; x_wconf 62' lang='lat' dir='ltr'><strong>studim</strong></span> <span class='ocrx_word' id='word_1_445' title='bbox 583 5498 610 5507; x_wconf 91' lang='lat'>-</span> <span class='ocrx_word' id='word_1_446' title='bbox 629 5473 669 5522; x_wconf 76' lang='lat' dir='ltr'><strong>tt.</strong></span> <span class='ocrx_word' id='word_1_447' title='bbox 682 5486 738 5522; x_wconf 75' lang='lat' dir='ltr'><strong>caen</strong></span> <span class='ocrx_word' id='word_1_448' title='bbox 750 5473 840 5523; x_wconf 83' lang='lat' dir='ltr'><strong>GEP:</strong></span> <span class='ocrx_word' id='word_1_449' title='bbox 860 5477 913 5521; x_wconf 82' lang='lat' dir='ltr'><strong>tum</strong></span> <span class='ocrx_word' id='word_1_450' title='bbox 923 5476 943 5523; x_wconf 82' lang='grc' dir='ltr'><strong>Α</strong></span> <span class='ocrx_word' id='word_1_451' title='bbox 954 5472 1002 5522; x_wconf 80' lang='lat' dir='ltr'><strong>LO</strong></span> <span class='ocrx_word' id='word_1_452' title='bbox 1017 5499 1044 5508; x_wconf 89' lang='lat'><em>-</em></span> <span class='ocrx_word' id='word_1_453' title='bbox 1062 5475 1183 5521; x_wconf 80' lang='lat' dir='ltr'><strong>uetustate</strong></span> <span class='ocrx_word' id='word_1_454' title='bbox 1197 5471 1314 5521; x_wconf 79' lang='lat' dir='ltr'><strong>Muretus</strong></span> <span class='ocrx_word' id='word_1_455' title='bbox 1326 5470 1353 5519; x_wconf 92' lang='lat' dir='ltr'><strong>et</strong></span> <span class='ocrx_word' id='word_1_456' title='bbox 1364 5469 1470 5533; x_wconf 79' lang='lat' dir='ltr'><strong>logum.</strong></span> <span class='ocrx_word' id='word_1_457' title='bbox 1484 5472 1531 5522; x_wconf 77' lang='lat'><strong>⁴8:</strong></span> <span class='ocrx_word' id='word_1_458' title='bbox 1547 5485 1627 5523; x_wconf 77' lang='lat' dir='ltr'><strong>censs-</strong></span> 
     </span>
     <span class='ocr_line' id='line_1_45' title="bbox 297 5544 1625 5611; baseline -0.003 -9"><span class='ocrx_word' id='word_1_459' title='bbox 297 5555 361 5602; x_wconf 80' lang='lat' dir='ltr'><strong>stuto</strong></span> <span class='ocrx_word' id='word_1_460' title='bbox 376 5549 483 5600; x_wconf 81' lang='lat' dir='ltr'>GEAL</span> <span class='ocrx_word' id='word_1_461' title='bbox 502 5577 529 5585; x_wconf 99' lang='lat'>-</span> <span class='ocrx_word' id='word_1_462' title='bbox 547 5548 588 5598; x_wconf 70' lang='lat'><strong>23.</strong></span> <span class='ocrx_word' id='word_1_463' title='bbox 607 5552 727 5610; x_wconf 77' lang='lat' dir='ltr'><strong>quautam</strong></span> <span class='ocrx_word' id='word_1_464' title='bbox 744 5550 772 5599; x_wconf 88' lang='lat' dir='ltr'><strong>P.</strong></span> <span class='ocrx_word' id='word_1_465' title='bbox 791 5548 921 5599; x_wconf 80' lang='lat' dir='ltr'><strong>Manutius</strong></span> <span class='ocrx_word' id='word_1_466' title='bbox 938 5550 966 5597; x_wconf 92' lang='lat' dir='ltr'><strong>et</strong></span> <span class='ocrx_word' id='word_1_467' title='bbox 982 5547 1043 5610; x_wconf 84' lang='lat' dir='ltr'><strong>Lag.</strong></span> <span class='ocrx_word' id='word_1_468' title='bbox 1063 5546 1109 5596; x_wconf 82' lang='lat'><strong>66:</strong></span> <span class='ocrx_word' id='word_1_469' title='bbox 1127 5550 1221 5607; x_wconf 81' lang='lat' dir='ltr'><strong>quanto</strong></span> <span class='ocrx_word' id='word_1_470' title='bbox 1238 5544 1325 5595; x_wconf 71' lang='grc' dir='ltr'><strong>ΕΒΑ,</strong></span> <span class='ocrx_word' id='word_1_471' title='bbox 1350 5544 1389 5595; x_wconf 84' lang='lat' dir='ltr'><strong>ct.</strong></span> <span class='ocrx_word' id='word_1_472' title='bbox 1407 5546 1574 5611; x_wconf 81' lang='lat' dir='ltr'><strong>Wesenberg</strong></span> <span class='ocrx_word' id='word_1_473' title='bbox 1591 5548 1625 5598; x_wconf 89' lang='lat' dir='ltr'><strong>ad</strong></span> 
     </span>
     <span class='ocr_line' id='line_1_46' title="bbox 298 5618 1623 5690; baseline -0.002 -14"><span class='ocrx_word' id='word_1_474' title='bbox 298 5638 338 5676; x_wconf 92' lang='lat' dir='ltr'><strong>or.</strong></span> <span class='ocrx_word' id='word_1_475' title='bbox 357 5638 383 5690; x_wconf 88' lang='lat' dir='ltr'><strong>p.</strong></span> <span class='ocrx_word' id='word_1_476' title='bbox 403 5626 487 5676; x_wconf 87' lang='lat' dir='ltr'><strong>Sestio</strong></span> <span class='ocrx_word' id='word_1_477' title='bbox 504 5636 531 5688; x_wconf 85' lang='lat' dir='ltr'><strong>p.</strong></span> <span class='ocrx_word' id='word_1_478' title='bbox 549 5625 590 5674; x_wconf 72' lang='lat'><strong>25.</strong></span> <span class='ocrx_word' id='word_1_479' title='bbox 610 5649 637 5658; x_wconf 91' lang='lat'><em>-</em></span> <span class='ocrx_word' id='word_1_480' title='bbox 657 5623 722 5685; x_wconf 72' lang='lat' dir='ltr'><strong>qiud</strong></span> <span class='ocrx_word' id='word_1_481' title='bbox 737 5636 755 5672; x_wconf 88' lang='lat' dir='ltr'><strong>u</strong></span> <span class='ocrx_word' id='word_1_482' title='bbox 770 5636 924 5673; x_wconf 71' lang='lat' dir='ltr'><strong>summorum</strong></span> <span class='ocrx_word' id='word_1_483' title='bbox 941 5624 961 5672; x_wconf 87' lang='lat' dir='ltr'>L</span> <span class='ocrx_word' id='word_1_484' title='bbox 981 5649 1007 5658; x_wconf 91' lang='lat'><em>-</em></span> <span class='ocrx_word' id='word_1_485' title='bbox 1025 5621 1067 5673; x_wconf 78' lang='lat' dir='ltr'><strong>ei.</strong></span> <span class='ocrx_word' id='word_1_486' title='bbox 1085 5622 1190 5685; x_wconf 72' lang='lat' dir='ltr'><strong>ingenus</strong></span> <span class='ocrx_word' id='word_1_487' title='bbox 1205 5618 1311 5684; x_wconf 72' lang='lat' dir='ltr'><strong>(iuqm&#39;)</strong></span> <span class='ocrx_word' id='word_1_488' title='bbox 1327 5621 1387 5670; x_wconf 86' lang='lat' dir='ltr'><strong>G-</strong></span> <span class='ocrx_word' id='word_1_489' title='bbox 1406 5620 1545 5672; x_wconf 69' lang='lat' dir='ltr'><strong>Murmodi</strong></span> <span class='ocrx_word' id='word_1_490' title='bbox 1562 5624 1623 5674; x_wconf 82' lang='lat' dir='ltr'><strong>E-</strong></span> 
     </span>
     <span class='ocr_line' id='line_1_47' title="bbox 297 5695 1625 5763; baseline -0.001 -13"><span class='ocrx_word' id='word_1_491' title='bbox 297 5700 339 5763; x_wconf 67' lang='lat'><strong>2⁶·</strong></span> <span class='ocrx_word' id='word_1_492' title='bbox 354 5700 461 5763; x_wconf 77' lang='lat' dir='ltr'><strong>potiosus</strong></span> <span class='ocrx_word' id='word_1_493' title='bbox 476 5711 531 5749; x_wconf 88' lang='lat' dir='ltr'><strong>oru.</strong></span> <span class='ocrx_word' id='word_1_494' title='bbox 549 5700 571 5749; x_wconf 84' lang='lat' dir='ltr'>G</span> <span class='ocrx_word' id='word_1_495' title='bbox 588 5724 615 5734; x_wconf 94' lang='lat'><em>-</em></span> <span class='ocrx_word' id='word_1_496' title='bbox 633 5698 674 5748; x_wconf 71' lang='lat' dir='ltr'><strong>tl.</strong></span> <span class='ocrx_word' id='word_1_497' title='bbox 693 5699 798 5762; x_wconf 75' lang='lat' dir='ltr'><strong>ingeniis</strong></span> <span class='ocrx_word' id='word_1_498' title='bbox 814 5699 877 5748; x_wconf 84' lang='lat' dir='ltr'><strong>GE:</strong></span> <span class='ocrx_word' id='word_1_499' title='bbox 899 5697 1004 5762; x_wconf 75' lang='lat' dir='ltr'><strong>negotiis</strong></span> <span class='ocrx_word' id='word_1_500' title='bbox 1020 5696 1099 5747; x_wconf 74' lang='lat' dir='ltr'><strong>Alo</strong></span> <span class='ocrx_word' id='word_1_501' title='bbox 1118 5723 1145 5732; x_wconf 92' lang='lat'>-</span> <span class='ocrx_word' id='word_1_502' title='bbox 1173 5695 1214 5747; x_wconf 74' lang='lat'><strong>28.</strong></span> <span class='ocrx_word' id='word_1_503' title='bbox 1234 5695 1277 5758; x_wconf 82' lang='lat' dir='ltr'><strong>qui</strong></span> <span class='ocrx_word' id='word_1_504' title='bbox 1292 5698 1494 5746; x_wconf 73' lang='lat' dir='ltr'><strong>vos--omoott</strong></span> <span class='ocrx_word' id='word_1_505' title='bbox 1511 5696 1592 5748; x_wconf 88' lang='lat' dir='ltr'><strong>babet</strong></span> <span class='ocrx_word' id='word_1_506' title='bbox 1608 5701 1625 5749; x_wconf 90' lang='lat' dir='ltr'>S</span> 
     </span>
     <span class='ocr_line' id='line_1_48' title="bbox 299 5761 1626 5837; baseline -0.005 -11"><span class='ocrx_word' id='word_1_507' title='bbox 299 5801 327 5812; x_wconf 85' lang='lat'>-</span> <span class='ocrx_word' id='word_1_508' title='bbox 345 5775 453 5826; x_wconf 83' lang='lat' dir='ltr'><strong>ltomuoi</strong></span> <span class='ocrx_word' id='word_1_509' title='bbox 468 5774 493 5837; x_wconf 84' lang='lat' dir='ltr'><strong>(i.</strong></span> <span class='ocrx_word' id='word_1_510' title='bbox 506 5773 576 5836; x_wconf 83' lang='lat' dir='ltr'><strong>er.)</strong></span> <span class='ocrx_word' id='word_1_511' title='bbox 594 5773 682 5823; x_wconf 86' lang='lat' dir='ltr'><strong>om.G</strong></span> <span class='ocrx_word' id='word_1_512' title='bbox 701 5800 728 5811; x_wconf 95' lang='lat'>-</span> <span class='ocrx_word' id='word_1_513' title='bbox 747 5773 788 5824; x_wconf 83' lang='lat'><strong>3⁰.</strong></span> <span class='ocrx_word' id='word_1_514' title='bbox 806 5773 964 5824; x_wconf 75' lang='lat' dir='ltr'><strong>loudisGli:</strong></span> <span class='ocrx_word' id='word_1_515' title='bbox 983 5773 1087 5822; x_wconf 72' lang='lat' dir='ltr'><strong>laudam</strong></span> <span class='ocrx_word' id='word_1_516' title='bbox 1103 5771 1181 5822; x_wconf 82' lang='lat' dir='ltr'><strong>ALO</strong></span> <span class='ocrx_word' id='word_1_517' title='bbox 1194 5798 1222 5808; x_wconf 89' lang='lat'>-</span> <span class='ocrx_word' id='word_1_518' title='bbox 1240 5761 1538 5835; x_wconf 64' lang='lat' dir='ltr'><strong>mqoeicuadvigius:</strong></span> <span class='ocrx_word' id='word_1_519' title='bbox 1556 5772 1626 5835; x_wconf 80' lang='lat' dir='ltr'><strong>isque</strong></span> 
     </span>
     <span class='ocr_line' id='line_1_49' title="bbox 297 5846 1626 5914; baseline -0.003 -12"><span class='ocrx_word' id='word_1_520' title='bbox 297 5855 334 5902; x_wconf 82' lang='lat' dir='ltr'><strong>est</strong></span> <span class='ocrx_word' id='word_1_521' title='bbox 349 5850 444 5907; x_wconf 56' lang='lat' dir='ltr'><strong>(iiim</strong></span> <span class='ocrx_word' id='word_1_522' title='bbox 462 5849 553 5912; x_wconf 66' lang='lat' dir='ltr'><strong>maique</strong></span> <span class='ocrx_word' id='word_1_523' title='bbox 568 5853 683 5901; x_wconf 81' lang='lat' dir='ltr'><strong>osteum</strong></span> <span class='ocrx_word' id='word_1_524' title='bbox 700 5848 743 5899; x_wconf 88' lang='lat' dir='ltr'><strong>ed.</strong></span> <span class='ocrx_word' id='word_1_525' title='bbox 761 5850 864 5900; x_wconf 89' lang='lat' dir='ltr'><strong>luntiua</strong></span> <span class='ocrx_word' id='word_1_526' title='bbox 881 5849 929 5900; x_wconf 80' lang='lat' dir='ltr'><strong>Lo</strong></span> <span class='ocrx_word' id='word_1_527' title='bbox 946 5875 974 5885; x_wconf 96' lang='lat'><em>-</em></span> <span class='ocrx_word' id='word_1_528' title='bbox 993 5847 1034 5898; x_wconf 79' lang='lat'><strong>3⁴.</strong></span> <span class='ocrx_word' id='word_1_529' title='bbox 1052 5848 1137 5911; x_wconf 79' lang='lat' dir='ltr'><strong>itaque</strong></span> <span class='ocrx_word' id='word_1_530' title='bbox 1154 5847 1244 5899; x_wconf 82' lang='lat' dir='ltr'><strong>GEP:</strong></span> <span class='ocrx_word' id='word_1_531' title='bbox 1264 5846 1475 5911; x_wconf 61' lang='lat' dir='ltr'><strong>mino·</strong></span> <span class='ocrx_word' id='word_1_532' title='bbox 1494 5846 1534 5899; x_wconf 74' lang='lat'><strong>32.</strong></span> <span class='ocrx_word' id='word_1_533' title='bbox 1551 5848 1626 5914; x_wconf 64' lang='lat' dir='ltr'><strong>fidon</strong></span> 
     </span>
    </p>
   </div>
   <div class='ocr_carea' id='block_1_6' title="bbox 297 5924 691 5991">
    <p class='ocr_par' dir='ltr' id='par_1_7' title="bbox 297 5924 691 5991">
     <span class='ocr_line' id='line_1_50' title="bbox 297 5924 691 5991; baseline -0.003 -14"><span class='ocrx_word' id='word_1_534' title='bbox 297 5924 691 5991; x_wconf 59' lang='lat' dir='ltr'><strong>mauu-eaeor.</strong></span> 
     </span>
    </p>
   </div>
   <div class='ocr_carea' id='block_1_7' title="bbox 0 0 1906 7348">
    <p class='ocr_par' dir='ltr' id='par_1_8' title="bbox 0 0 1906 7348">
     <span class='ocr_line' id='line_1_51' title="bbox 0 0 1906 7348; baseline 0 0"><span class='ocrx_word' id='word_1_535' title='bbox 0 0 1906 7348; x_wconf 95' lang='lat' dir='ltr'><strong> </strong></span> 
     </span>
    </p>
   </div>
  </div>
 </body>
</html>
