3800 7350
566 1672 911 1758 onarloNUM’
935 1670 1391 1757 Pfflntrrtcnltttnt

750 1852 905 1925 LIBER
931 1851 1211 1925 SECUNDUS

402 2199 425 2260 l.
450 2195 479 2258 i.
503 2198 650 2273 Quonam
672 2218 743 2261 meo
765 2197 847 2271 lato,
870 2202 975 2279 patres
997 2197 1184 2280 conscripti,
1206 2198 1274 2260 fieri
1290 2197 1407 2272 dicam,
1430 2207 1464 2261 ut
1485 2220 1577 2261 nemo
1593 2199 1644 2262 his

318 2292 411 2354 annis
433 2292 545 2374 viginti
567 2291 612 2353 rei
634 2290 781 2372 publicae
803 2290 898 2354 luerit
919 2290 1039 2364 hostis,
1063 2292 1116 2374 qui
1139 2312 1204 2354 non
1227 2291 1343 2354 bellum
1364 2293 1477 2354 eodem
1499 2299 1642 2375 tempore

318 2385 396 2447 mihi
418 2403 548 2468 quoque
569 2383 745 2446 indixerit?
767 2385 832 2447 Nee
853 2405 927 2447 vero
949 2405 1080 2448 necesse
1097 2392 1145 2447 est
1159 2404 1350 2468 quemquam
1365 2405 1384 2447 a
1401 2405 1451 2448 me
1466 2386 1642 2447 nominari:

318 2478 480 2541 vobiscum
501 2477 563 2561 ipsi
585 2478 803 2541 recordamini.
844 2478 922 2540 Mihi
945 2497 1119 2561 poenarum
1141 2477 1188 2541 illi
1210 2476 1283 2560 plus
1304 2498 1399 2560 quam
1422 2486 1564 2560 optarem
1586 2478 1643 2542 de·
1712 2496 1715 2502 ’

294 2572 448 2635 ederunt:
471 2579 502 2635 te
524 2570 636 2645 miror,
658 2571 793 2644 Antoni,
816 2590 950 2653 quorum
971 2569 1214 2657 lactanimitere,
1237 2589 1345 2633 eorum
1360 2572 1463 2635 exitus
1483 2593 1547 2634 non
1570 2594 1642 2656 per·

243 2723 245 2728 .
318 2665 511 2750 horrescere.
540 2666 647 2749 Atque
669 2663 730 2728 hoc
758 2666 792 2728 in
813 2663 883 2727 aliis
906 2665 1010 2726 minus
1032 2662 1176 2726 mirabar.
1205 2664 1304 2726 Nemo
1327 2665 1412 2727 enim
1434 2666 1558 2729 illorum
1581 2667 1643 2731 ini·

318 2757 418 2824 micus
433 2758 509 2822 mihi
530 2757 592 2821 fuit
611 2758 825 2822 voluntarius:
848 2778 957 2822 omnes
972 2776 991 2819 a
1005 2777 1055 2820 me
1076 2756 1122 2819 rei
1146 2756 1290 2838 publicae
1306 2777 1399 2820 causa
1421 2758 1569 2822 lacessiti.
1592 2761 1642 2822 Tu

318 2871 359 2913 ne
374 2852 469 2915 verbo
485 2851 613 2933 quidem
629 2852 781 2927 violatus,
804 2861 838 2915 ut
852 2850 1112 2932 audaciorquam
1129 2850 1272 2924 Catilina,
1294 2850 1442 2913 furiosior
1458 2872 1553 2934 quam
1570 2852 1643 2916 Clo·

319 2944 390 3007 dius
413 2945 565 3019 viderere,
586 2945 670 3008 ultro
693 2965 742 3007 me
765 2944 940 3008 maledictis
962 2943 1116 3006 lacessisti
1138 2951 1287 3025 tuamque
1305 2962 1325 3006 a
1346 2963 1397 3007 me
1418 2944 1642 3007 alienationem

284 3035 626 3102 tooommandationem
655 3038 710 3101 tihi
740 3038 780 3100 ad
810 3038 922 3120 impios
945 3036 1030 3099 cives
1052 3037 1119 3098 lore
1142 3037 1302 3119 putavisti.
1345 3034 1375 3099 9.
1398 3037 1483 3112 Quid
1506 3043 1641 3120 putem?

319 3137 574 3214 contemptumne
603 3133 676 3193 mei
705 3132 776 3193 Non
806 3131 898 3194 video
929 3150 988 3191 nec
1014 3131 1048 3192 in
1070 3132 1135 3193 vita
1157 3150 1214 3192 nec
1237 3131 1268 3192 in
1292 3132 1389 3213 gratia
1411 3132 1525 3193 necin
1547 3132 1641 3195 rebus
1698 3206 1701 3212 ,

320 3225 416 3307 gestis
437 3244 496 3287 nec
517 3225 551 3287 in
572 3224 631 3287 hoc
654 3245 723 3288 mea
745 3225 960 3287 mediocritate
982 3225 1117 3306 ingenii,
1140 3224 1215 3305 quid
1239 3224 1399 3307 despicere
1422 3228 1522 3308 possit
1543 3228 1642 3289 Anto·

320 3318 402 3381 nius.
443 3318 493 3380 An
521 3319 554 3381 in
582 3325 692 3382 senatu
720 3316 867 3381 facillime
895 3316 935 3379 de
967 3338 1016 3380 me
1040 3317 1161 3380 detrahi
1184 3339 1277 3400 posse
1300 3319 1453 3382 eredidit?
1484 3320 1537 3402 qui
1561 3321 1640 3382 ordo

320 3410 499 3494 clarissimis
532 3412 653 3477 civibus
686 3412 766 3476 hene
795 3417 900 3494 gestae
929 3411 975 3473 rei
1005 3412 1149 3494 publicae
1171 3412 1384 3476 testimonium
1407 3413 1529 3486 multis,
1563 3413 1639 3475 mihi

284 3505 376 3569 rsuui
398 3513 602 3570 conservatae
625 3507 722 3571 dedit.
759 3509 807 3568 An
829 3505 990 3568 decertare
1012 3526 1133 3568 mecum
1148 3506 1247 3568 voluit
1269 3508 1471 3569 contentione
1492 3508 1639 3568 dicendi‘t

319 3600 388 3661 Hoc
421 3599 548 3683 quidem
576 3608 625 3665 est
652 3598 848 3663 heneficium.
892 3598 976 3673 Quid
999 3599 1081 3661 enim
1111 3599 1252 3680 plenius,
1283 3599 1359 3683 quid
1389 3601 1517 3663 uherius
1546 3621 1639 3684 qnam

319 3693 450 3758 mihiel
472 3716 527 3779 pro
549 3716 599 3782 me
622 3702 654 3758 ei
676 3703 783 3757 contra
803 3693 974 3756 Antonium
996 3691 1123 3755 diceret
1152 3693 1234 3755 lllud
1255 3695 1417 3775 prolecto:
1446 3715 1509 3758 non
1532 3695 1641 3757 existi·

321 3788 417 3851 mavit
449 3790 499 3852 sui
531 3788 687 3851 similibus
716 3787 843 3870 probari
872 3807 984 3869 posse,
1014 3806 1048 3848 se
1079 3807 1148 3849 esse
1169 3787 1291 3851 hostem
1314 3788 1447 3870 patriae,
1479 3787 1540 3849 nisi
1562 3789 1640 3850 mihi

321 3888 404 3944 esset
424 3881 577 3944 inimicus.
621 3877 651 3942 3.
676 3881 732 3943 Cui
755 3883 840 3964 prius
863 3900 956 3961 quarn
979 3880 1017 3941 de
1040 3881 1152 3943 ceteris
1174 3880 1267 3942 robus
1288 3882 1480 3964 respondeo,
1503 3880 1542 3941 de
1564 3883 1642 3944 anri·

281 3975 411 4049 aocitiu,
440 3995 535 4057 quom
556 3994 574 4036 a
597 3995 646 4037 me
670 3975 818 4037 violatam
840 3994 909 4036 esso
932 3973 1113 4036 criminatus
1136 3982 1201 4048 est,
1233 3974 1317 4056 quod
1341 3995 1400 4058 ego
1423 3973 1640 4056 gravissimum

321 4069 439 4130 crimen
463 4067 586 4143 iudico,
608 4087 709 4149 pauca
731 4068 842 4130 dicam.

403 4161 442 4222 ll.
466 4159 580 4224 Contra
611 4181 677 4224 rem
704 4182 791 4224 suam
822 4182 871 4223 me
900 4163 1006 4225 neseio
1035 4162 1163 4246 quondo
1186 4163 1309 4224 venisse
1332 4169 1462 4245 questus
1492 4172 1549 4226 est.
1591 4167 1639 4225 An

320 4273 379 4336 ego
401 4272 465 4317 non
486 4256 627 4318 venirem
649 4262 758 4317 ronna
779 4254 917 4318 alienum
940 4275 996 4337 pro
1018 4256 1162 4319 familiari
1185 4264 1217 4319 et
1238 4255 1440 4319 necessario?
1467 4277 1531 4321 nou
1552 4259 1641 4320 veni-

386 4477 409 4525 t.
429 4476 602 4537 OoonicmV;
627 4477 680 4537 Quo
696 4489 711 4524 a
730 4501 757 4511 -
781 4478 848 4541 [octo
864 4477 910 4527 Va
929 4503 957 4512 -
980 4478 1005 4527 t.
1023 4476 1111 4540 reip]
1131 4490 1165 4539 p.
1182 4490 1206 4525 r.
1226 4479 1236 4525 t
1255 4502 1280 4511 -·
1306 4476 1330 4525 3.
1350 4489 1497 4539 quemquam
1513 4493 1585 4528 cnm
1603 4481 1639 4529 V:

320 4565 338 4600 a
354 4565 392 4601 me
409 4563 557 4613 quemquam
574 4552 594 4600 D
614 4576 641 4586 —
660 4548 684 4601 l.
703 4551 759 4615 ipsi]
775 4553 810 4602 im
826 4548 858 4600 V¹
876 4579 902 4588 —
919 4565 1061 4614 paenuriam
1077 4555 1113 4615 gt
1130 4577 1158 4589 -
1182 4555 1296 4612 ‹iptorcrrt
1313 4563 1343 4610 a;
1362 4556 1479 4613 optaram
1495 4553 1641 4618 Madvigius

320 4640 382 4676 curn
400 4627 570 4682 heumanno,
588 4626 615 4674 ot
630 4624 700 4675 valet
716 4631 830 4688 optarem
846 4627 916 4677 idem
934 4628 1005 4691 quod
1024 4628 1109 4677 eelim
1125 4626 1252 4675 dedissent.
1272 4651 1299 4661 -
1319 4627 1343 4675 ti.
1362 4631 1385 4676 te
1400 4628 1642 4692 miror--perlror-

320 4714 413 4750 rescae
430 4700 506 4750 alleri
523 4698 637 4750 isidorus
654 4701 740 4763 Origg.
753 4703 790 4762 lt,
809 4702 834 4760 o,
853 4702 892 4750 tt.
910 4728 932 4738 ·-
953 4701 1031 4765 facto]
1049 4701 1164 4762 exempta
1179 4699 1305 4750 Isidorus.
1320 4726 1346 4734 -
1366 4701 1515 4758 imittereV;
1534 4704 1642 4755 imiwris

321 4775 381 4826 lsid.
402 4802 428 4810 -
448 4776 542 4824 exitam
559 4772 619 4824 lsid.
638 4774 680 4824 ed.
700 4777 796 4837 otton,
815 4775 862 4824 sed
881 4778 922 4826 est
937 4778 1019 4826 exirm
1035 4778 1061 4825 in
1078 4777 1093 4826 3
1111 4775 1188 4826 codd.
1207 4777 1311 4827 lionae.
1330 4778 1522 4828 vetustissimis.
1537 4805 1563 4813 -
1578 4794 1641 4842 per·-

320 4852 443 4900 timescere
459 4852 470 4899 t
485 4851 512 4899 et
528 4848 607 4899 codd.
626 4848 726 4898 Isidori.
746 4875 773 4885 -
800 4850 823 4899 6,
842 4855 916 4912 arque
932 4864 985 4900 orn.
1005 4854 1061 4899 t-
1084 4852 1260 4901 mirorV1-
1278 4852 1431 4901 meruerim
1448 4852 1557 4915 ngt:
1576 4857 1641 4904 enim

321 4938 372 4974 orn.
392 4925 436 4973 u0
454 4949 481 4959 -
500 4923 600 4973 inomni
616 4937 631 4972 a
648 4925 708 4988 post
724 4923 772 4985 tuit
788 4923 877 4974 habet.
898 4952 925 4961 —
944 4926 1004 4974 milti
1020 4926 1089 4974 inim.
1108 4939 1166 4988 g-
1185 4926 1210 4976 7.
1229 4927 1266 4974 rei
1281 4925 1360 4990 pust]
1377 4939 1405 4975 re
1420 4927 1442 4974 V
1455 4954 1482 4961 -
1501 4929 1597 4978 lucessit
1613 4943 1639 4991 q,·

319 5005 348 5048 to
363 5003 412 5048 t-
431 5000 456 5049 8.
473 5000 579 5048 oioloters
595 5000 637 5049 scd
652 5005 680 5048 ot
695 4999 779 5062 hg—
800 4996 932 5062 qaomV¹:
951 5013 1027 5062 qaam
1043 5001 1071 5049 l..
1089 4995 1197 5071 ΜΡ,-
1216 5001 1366 5050 oatilcinoV
1383 5027 1410 5036 -
1427 5001 1546 5064 furiositre
1560 5000 1592 5050 V¹
1609 5028 1637 5038 —

320 5088 397 5137 quom
413 5075 457 5122 Vt:
476 5088 552 5136 quom
568 5075 594 5123 Ρ.
613 5075 634 5124 D
652 5076 678 5123 at
694 5075 763 5125 Vm.
776 5076 801 5124 2.
815 5100 842 5110 -
863 5076 886 5125 9.
904 5075 971 5125 altro
987 5075 1034 5139 me]
1051 5081 1165 5124 otromoe
1181 5073 1226 5134 V¹;
1244 5075 1310 5124 altro
1329 5077 1348 5125 V
1366 5089 1433 5126 corr.
1453 5079 1480 5126 et
1497 5078 1518 5127 D
1537 5105 1564 5112 -
1582 5093 1641 5128 mo-

320 5150 412 5200 ledictis
427 5163 466 5199 mc
483 5149 504 5198 V
521 5162 589 5199 corr.
609 5162 644 5198 m.
662 5149 678 5199 2
696 5151 760 5199 etl)
780 5177 806 5186 -
829 5150 868 5200 ro.
886 5152 1020 5200 cmnmend.
1039 5163 1092 5200 om.
1111 5164 1126 5198 a
1146 5177 1173 5186 -
1191 5152 1273 5213 inpios
1289 5164 1304 5200 a
1322 5177 1349 5186 -
1368 5152 1430 5201 ciuis
1446 5153 1482 5213 V;
1500 5155 1571 5203 carim
1588 5157 1638 5204 t-

318 5226 370 5287 iore
385 5226 417 5274 V¹
436 5251 463 5262 -
483 5225 547 5288 Quid
561 5232 645 5287 poterii
655 5251 692 5263 --
704 5225 824 5275 Antonias
840 5228 868 5274 oi
884 5225 979 5276 deiude
997 5225 1034 5276 Ac
1051 5227 1266 5275 decertarent.
1282 5226 1362 5276 diem
1377 5226 1453 5277 alleri
1470 5226 1641 5286 Quintilianus

319 5300 365 5360 lit,
384 5302 407 5359 l,
425 5301 456 5349 25
474 5313 557 5363 sq.-
576 5301 616 5350 tt.
634 5305 804 5362 contornpoere
818 5313 857 5349 nie
875 5303 884 5348 t
902 5327 928 5335 -
949 5302 988 5350 ts.
1007 5301 1066 5349 hoec
1082 5314 1139 5349 mec
1156 5297 1325 5350 mediocritati
1343 5301 1365 5348 V
1385 5328 1412 5336 -
1431 5301 1475 5363 qui
1492 5302 1528 5359 V;
1548 5303 1639 5363 quoda

221 5380 224 5385 ·
321 5400 348 5410 -
369 5373 408 5422 43.
427 5375 457 5424 de
471 5387 511 5423 me
527 5387 580 5424 om.
599 5387 615 5424 a
633 5397 660 5411 -
681 5373 720 5425 tl.
738 5379 821 5438 pestus
836 5375 873 5423 eri
890 5387 924 5436 .p.
939 5375 973 5429 V:
991 5375 1069 5436 reip.
1087 5381 1171 5438 pestes
1187 5389 1203 5439 g
1223 5401 1250 5411 -
1270 5376 1310 5424 ts.
1329 5376 1385 5426 anei
1401 5376 1463 5423 V·-
1481 5377 1639 5426 decertares

322 5474 349 5483 —-
369 5449 409 5497 to.
427 5453 462 5497 est
485 5448 561 5511 henes.
584 5448 668 5499 Vht:
695 5449 770 5509 benef.
794 5454 829 5499 ert
850 5447 954 5507 Quintil.
973 5451 1000 5497 et
1017 5448 1085 5511 ugO
1103 5474 1130 5483 -
1159 5449 1219 5510 qaid
1236 5448 1337 5498 abenas
1352 5450 1468 5510 utiquam
1485 5464 1562 5511 qaum
1579 5451 1640 5498 mitti

321 5526 389 5572 coni.
408 5523 442 5573 hl.
461 5523 605 5585 Seyffertus
622 5525 647 5573 in
665 5524 758 5573 Sciatis
773 5524 868 5573 Latinis
883 5523 907 5582 l,
926 5535 953 5586 p.
972 5524 1026 5574 toa.
1041 5549 1068 5561 -
1089 5524 1128 5573 ⁴7.
1147 5522 1201 5572 illut
1218 5523 1240 5572 V
1256 5548 1283 5558 -
1300 5523 1410 5584 profecto
1425 5524 1462 5571 V:
1478 5525 1589 5585 profecto
1606 5529 1641 5573 est

321 5599 387 5655 θος
413 5597 447 5647 ad
463 5598 526 5647 titud
538 5598 648 5660 profecto
665 5610 717 5648 non
735 5603 780 5658 est,
806 5597 854 5647 sed
868 5598 967 5660 potavit
982 5596 1025 5648 vel
1041 5599 1117 5647 oolor’t
1134 5596 1312 5662 supplendum
1329 5599 1378 5647 cst.
1398 5623 1425 5632 -
1445 5599 1483 5648 t8.
1502 5600 1553 5648 rate
1568 5600 1590 5648 D
1611 5623 1638 5634 -

320 5685 345 5719 se
361 5685 411 5721 esse
427 5672 450 5720 i.
464 5671 542 5735 bgt:
561 5685 586 5722 se
602 5686 655 5722 om.
668 5674 703 5732 V;
721 5685 746 5722 so
761 5672 851 5722 hostem
868 5685 918 5723 csse
934 5686 964 5732 a;
983 5687 1032 5723 esse
1047 5687 1073 5723 se
1088 5675 1111 5723 li.
1126 5674 1250 5724 Faernus.
1265 5699 1293 5708 -
1305 5677 1364 5722 mort
1379 5672 1439 5722 mihi
1456 5677 1466 5724 t
1479 5701 1505 5709 -
1520 5675 1558 5723 ts.
1572 5674 1640 5724 omi-

319 5745 370 5793 cita
387 5744 408 5793 V
421 5770 448 5780 —
469 5746 509 5796 20.
527 5760 571 5810 epo
588 5759 641 5796 om.
655 5759 670 5795 a
689 5771 715 5781 -
735 5747 775 5796 vt.
793 5748 887 5797 crimen
903 5760 957 5799 om.
971 5749 980 5796 t
1000 5775 1026 5782 —
1045 5749 1135 5799 iudicio
1151 5749 1173 5798 V
1187 5775 1214 5785 -
1233 5749 1345 5798 ἀίοαηιω
1361 5760 1376 5796 a
1396 5775 1422 5784 -
1440 5748 1480 5797 22.
1497 5748 1639 5811 [omilim

320 5819 341 5867 V
361 5847 387 5856 -
406 5820 543 5871 necesario
559 5821 596 5870 V:
614 5821 819 5872 amantiorem
836 5822 868 5872 D.
