3800 7350
637 1221 711 1287 co.
733 1220 1004 1286 xxxvu-xn
1030 1218 1076 1304 44
1098 1218 1248 1284 444-44.
1523 1197 1600 1271 4444

290 1393 352 1454 iam
375 1391 451 1454 mibi
473 1391 639 1465 servirem,
669 1392 864 1455 consulerem
893 1393 985 1455 meis:
1015 1411 1135 1455 senon
1157 1390 1250 1453 modo
1271 1388 1348 1453 satis
1368 1386 1484 1449 444444
1506 1403 1523 1446 4
1545 1400 1606 1454 me,

289 1485 344 1547 sed
367 1485 460 1547 etiam
483 1485 584 1548 vereri
607 1506 646 1548 ne
669 1506 778 1568 pamm
799 1484 876 1548 mibi
899 1507 955 1568 pro
977 1506 1026 1560 eo,
1051 1490 1204 1568 quantum
1225 1505 1244 1547 a
1266 1503 1315 1547 me
1335 1482 1480 1552 baberet,
1502 1474 1607 1538 reddi·

289 1578 394 1640 disset.
437 1574 488 1638 93.
512 1579 617 1654 Quid‘l
641 1581 666 1640 si
690 1579 802 1642 borum
825 1600 882 1663 434
905 1579 984 1642 nihil
1006 1579 1110 1661 443114
1132 1587 1164 1641 41
1186 1578 1269 1641 idom
1284 1597 1353 1641 sum
1369 1578 1401 1639 in
1416 1568 1605 1657 republica,

288 1671 342 1752 qui
363 1670 409 1732 141
431 1691 570 1753 semper,
602 1680 747 1737 tamenne
770 1673 944 1737 libertatem
966 1674 1108 1756 requires
1130 1676 1254 1736 meam?
1285 1691 1380 1755 quam
1402 1677 1437 1731 tu
1458 1661 1551 1748 ponis
1571 1659 1605 1721 in

288 1784 343 1837 eo,
365 1764 393 1826 si
414 1785 537 1848 semper
558 1786 629 1829 cum
650 1768 700 1841 114,
722 1768 910 1851 quibuscum
931 1766 1103 1851 aliquando
1118 1765 1355 1837 contendimus,
1377 1763 1631 1842 4444444441444404·4

288 1856 381 1932 Quod
402 1865 450 1921 est
471 1859 563 1942 14434
585 1880 687 1923 44444.
720 1862 809 1923 Stare
832 1861 915 1923 enim
937 1881 1047 1922 omnes
1062 1860 1212 1923 debemus
1233 1868 1391 1941 tamquam
1410 1855 1443 1917 in
1458 1848 1534 1914 orbe
1549 1846 1607 1910 ali·

288 1970 352 2034 quo
375 1951 420 2013 rei
444 1952 606 2032 publicae,
630 1955 684 2037 qui
708 1955 858 2038 quoniam
879 1963 1036 2027 versatur,
1058 1973 1126 2017 eam
1142 1953 1281 2037 deligere
1296 1958 1434 2035 partem,
1454 1944 1494 2008 ad
1511 1960 1606 2026 quam

286 2063 345 2106 nos
375 2043 461 2107 illius
490 2046 609 2109 utilitas
637 2048 785 2131 salusque
807 2046 1007 2110 converterit
1050 2046 1199 2109 XXXIX.
1220 2048 1289 2129 1134
1311 2053 1414 2109 autem
1437 2041 1493 2104 Cn.
1514 2038 1606 2099 Pom-

286 2139 406 2220 peium,
434 2159 498 2203 non
530 2139 601 2203 4144
631 2151 807 2214 auctorem,
836 2140 965 2214 ducem,
994 2139 1193 2204 defensorem
1223 2140 1333 2203 salutis
1359 2157 1447 2201 meae
1471 2167 1509 2180 -
1533 2150 1604 2193 nam

285 2231 363 2294 14444
385 2232 531 2313 privatim
553 2233 685 2297 14414444
707 2232 882 2298 officiorum
905 2234 1087 2297 memoriam
1103 2242 1134 2297 et
1154 2233 1285 2317 34411444
1301 2238 1527 2316 quaerunt-,
1548 2223 1643 2287 sedt⁰

287 2324 356 2387 4144
384 2325 462 2398 1444,
492 2328 578 2409 quod
608 2328 647 2390 ad
670 2329 802 2392 salutem
824 2330 869 2391 441
892 2328 1038 2410 publicae
1059 2328 1214 2411 pertinet:
1244 2348 1302 2411 434
1325 2347 1398 2389 eum
1419 2344 1483 2388 444
1506 2330 1606 2392 tuear,

286 2439 381 2502 quem
412 2438 521 2483 omnes
551 2421 582 2482 in
605 2442 638 2484 44
660 2422 787 2504 publica
808 2422 985 2503 principem
1007 2441 1076 2484 esse
1099 2421 1298 2484 concedunt?
1324 2440 1383 2501 434
1406 2418 1439 2482 C.
1463 2411 1606 2478 Caesaris

285 2511 432 2576 laudibus
454 2514 572 2588 desim,
595 2535 674 2597 quas
697 2515 831 2597 primum
853 2514 963 2598 populi
986 2515 1135 2587 Romani,
1165 2515 1364 2579 nuncetiam
1387 2518 1531 2582 senatus,
1553 2503 1604 2568 cui

286 2627 336 2669 me
359 2628 485 2689 semper
506 2609 631 2683 addixi,
660 2610 803 2692 plurimis
831 2616 925 2692 atque
947 2608 1149 2691 amplissimis
1171 2609 1298 2672 iudiciis
1320 2607 1442 2670 videam
1464 2622 1533 2666 esse
1555 2619 1605 2662 44-

286 2700 442 2764 144441441
471 2704 551 2764 Tum
581 2702 709 2765 hercule
741 2724 790 2765 me
813 2701 964 2764 confitear
985 2721 1047 2765 non
1070 2700 1221 2765 iudicium
1242 2700 1373 2785 aliquod
1394 2699 1542 2763 babuisse
1565 2695 1642 2757 det⁵

287 2794 421 2856 utilitate
440 2796 484 2857 rei
508 2796 663 2879 publicae,
679 2797 734 2860 444
749 2796 931 2859 bominibus
945 2796 1081 2859 amicum
1096 2803 1150 2858 aut
1166 2797 1325 2859 inimicum
1340 2794 1448 2858 141444.
1478 2788 1530 2853 91.
1543 2793 1604 2864 An,

286 2908 355 2950 cum
378 2887 500 2951 videam
523 2909 633 2953 navem
657 2891 804 2953 secundis
826 2892 926 2953 ventis
949 2910 1074 2953 cursum
1100 2899 1258 2954 tenentem
1278 2910 1388 2962 4444444,
1411 2888 1515 2950 41444
1531 2904 1604 2946 eum

285 2988 372 3065 petat
393 2990 533 3065 portum,
555 3004 649 3067 quem
672 3004 731 3065 434
753 2984 923 3067 aliquando
946 2983 1093 3065 probavi,
1116 2983 1172 3047 sed
1188 2983 1284 3047 alium
1299 3002 1364 3046 non
1380 2982 1484 3044 minus
1503 2986 1603 3042 tutum

285 3084 379 3161 atque
402 3077 622 3160 tranquillum,
652 3100 724 3142 eum
746 3085 931 3161 tempestate
954 3096 1091 3159 pugnem
1113 3078 1293 3159 periculose
1316 3075 1420 3157 potius
1442 3093 1537 3157 quam
1559 3070 1604 3133 illi

284 3170 385 3232 salute
414 3172 597 3251 praesertim
620 3171 781 3253 proposita
803 3171 1017 3253 obtemperem
1038 3177 1070 3233 et
1091 3174 1241 3252 pareamt
1274 3172 1340 3251 1134
1362 3188 1436 3232 4444
1457 3168 1535 3230 4444
1557 3165 1642 3227 41-44

285 3263 365 3337 4141,
394 3264 473 3326 14444
495 3262 578 3337 4141,
601 3264 678 3327 14444
700 3265 816 3347 scripta
838 3264 920 3345 1431;
947 3264 1026 3325 baec
1048 3263 1087 3326 de
1109 3264 1349 3348 sapientissimis
1371 3270 1403 3325 ct
1424 3258 1605 3323 clarissimis

284 3358 360 3420 viris
382 3365 413 3420 et
435 3357 468 3418 in
490 3356 549 3418 bac
572 3378 605 3420 re
620 3358 746 3440 publica
760 3366 792 3420 et
813 3358 845 3418 in
867 3356 938 3420 aliis
955 3356 1132 3421 civitatibus
1155 3359 1346 3421 monimenta
1369 3354 1459 3418 nobis
1482 3353 1604 3416 litterae

285 3450 504 3533 prodidemnt,
527 3470 591 3512 non
613 3471 736 3533 semper
758 3451 885 3513 easdem
906 3450 1081 3513 sententias
1102 3451 1142 3513 44
1164 3451 1293 3524 eisdem,
1315 3448 1372 3513 sed
1388 3464 1604 3534 quascumque

284 3544 329 3606 441
361 3542 504 3627 publicae
536 3551 652 3616 status,
684 3543 846 3608 inclinatio
872 3550 1069 3626 temporum,
1101 3546 1181 3608 ratio
1212 3544 1400 3608 concordiae
1420 3540 1603 3625 postularet,

284 3657 353 3701 esse
376 3637 532 3701 44144444.
566 3637 660 3712 Quod
684 3635 915 3721 4344414414,
942 3637 1137 3712 Laterensis,
1160 3645 1192 3701 et
1212 3658 1337 3722 semper
1357 3635 1487 3707 1441444,
1510 3631 1641 3696 liber-as

285 3740 458 3815 tatsmque,
487 3752 581 3817 qnam
612 3741 645 3794 tu
675 3733 708 3794 in
736 3752 786 3795 me
815 3731 967 3815 requiris,
998 3749 1094 3813 quam
1121 3751 1180 3814 434
1202 3752 1306 3816 neque
1328 3731 1432 3795 dimisi
1453 3719 1604 3812 uinquam

284 3846 387 3909 neque
411 3826 582 3900 dimittam,
611 3846 674 3889 non
704 3826 737 3888 in
766 3825 953 3910 pertinacia,
983 3825 1041 3888 sed
1067 3825 1100 3887 14
1123 3826 1258 3908 quadam
1279 3824 1496 3889 moderatione
1518 3819 1605 3905 posi·

284 3927 347 3982 4444
369 3920 497 4002 putabo.

367 4014 432 4075 XL.
454 4010 505 4076 95.
527 4017 617 4077 Nunc
640 4014 732 4076 venio
755 4013 795 4076 ad
816 4012 894 4076 illud
917 4019 1107 4087 extremum,
1136 4014 1168 4076 in
1192 4035 1256 4097 quo
1277 4013 1398 4088 dixisti,
1419 4012 1494 4076 dum
1512 4010 1603 4073 Plan-

282 4108 320 4171 411
344 4108 378 4170 14
402 4129 450 4171 me
473 4108 617 4171 meritum
641 4107 745 4171 verbis
767 4107 968 4180 extollerem,
991 4126 1040 4169 me
1062 4106 1641 4189 444444144444441444414414444-44

283 4222 344 4285 qne
368 4222 385 4264 e
408 4202 575 4285 sepulchro
597 4202 738 4265 venerari
759 4221 817 4285 pro
839 4201 916 4274 deo;
939 4220 1044 4283 neque
1070 4200 1154 4263 enim
1176 4200 1253 4264 mibi
1274 4200 1459 4265 insidiarum
1480 4198 1603 4284 pericu-

283 4294 346 4357 lum
368 4295 468 4358 ullum
492 4315 596 4379 neque
620 4296 725 4358 mortis
747 4293 856 4357 luisse.
891 4293 989 4357 Cuius
1011 4313 1070 4376 434
1092 4294 1243 4376 temporis
1265 4295 1416 4357 rationem
1439 4293 1602 4379 explicabo

281 4388 369 4451 brevi
399 4410 503 4472 neque
533 4390 667 4462 invitus3
697 4389 776 4452 nibil
804 4388 887 4450 enim
911 4394 960 4449 441
982 4407 1022 4449 ex
1043 4385 1123 4450 meis
1146 4386 1357 4472 temporibus,
1385 4389 1472 4472 quod
1501 4387 1603 4450 minus

281 4489 485 4565 pervagatum
510 4482 660 4567 quodque
683 4482 787 4545 minus
808 4489 863 4545 441
885 4501 955 4546 mea
976 4481 1273 4545 commemoratione
1288 4481 1479 4545 celebratum
1495 4481 1604 4545 411441

265 4576 463 4671 ,bominibus
485 4576 629 4639 auditum
652 4584 745 4660 atque
768 4583 885 4639 notum.
918 4576 986 4659 1434
1008 4576 1108 4647 enim,
1137 4574 1335 4650 Laterensis,
1357 4596 1399 4639 ex
1420 4577 1475 4640 illo
1496 4578 1640 4640 14444-41

283 4668 337 4731 414
359 4669 480 4752 legum,
510 4671 603 4744 iuris,
631 4680 775 4744 senatus,
801 4669 956 4733 bonorum
980 4671 1119 4732 omnium
1141 4668 1274 4744 444444,
1307 4690 1377 4734 eum
1400 4690 1470 4734 4444
1490 4669 1602 4733 domus

283 4762 393 4825 ardore
423 4783 481 4825 suo
512 4764 770 4845 deflagrationem
792 4763 861 4826 urbi
882 4770 978 4846 atque
1000 4763 1110 4825 ltaliae
1132 4763 1190 4825 1411
1212 4763 1401 4838 minaretur,
1430 4762 1489 4826 nisi
1514 4762 1602 4846 quie·

283 4856 417 4929 vissein,
441 4855 580 4919 Siciliam
602 4858 699 4939 petivi
722 4857 846 4930 animo,
869 4874 952 4938 quae
975 4863 1008 4918 et
1028 4855 1096 4939 ipsa
1117 4863 1184 4919 erat
1204 4856 1282 4918 mihi
1305 4857 1387 4921 sieut
1406 4856 1518 4920 domus
1538 4875 1603 4919 una

282 4949 448 5012 coniuncta
469 4957 503 5012 41
523 4950 724 5013 obtinebatur
744 4971 762 5013 a
785 4951 819 5013 C.
838 4949 995 5033 1144431114,
1018 4970 1153 5034 quocum
1169 4970 1219 5012 me
1234 4971 1298 5015 uno
1314 4951 1364 5015 vel
1380 4954 1514 5016 maxime
1530 4972 1601 5015 cum

809 5129 1010 5137 --—--—.--—

344 5232 1602 5304 444444444044144444444444444ς4444444444440-4.04444441-1.4414444444

284 5337 310 5348 -
331 5314 370 5364 40.
390 5317 514 5375 quamsit
535 5310 911 5376 4134441444114414440-
934 5313 1039 5362 14444
1054 5312 1109 5362 4144
1126 5312 1146 5363 Ε
1163 5337 1191 5348 ·-
1215 5314 1280 5376 4444444]
1299 5314 1401 5366 44414441
1420 5340 1447 5352 -
1470 5316 1510 5366 ta.
1528 5315 1568 5364 eui
1585 5328 1603 5364 44

281 5402 320 5439 444
336 5389 355 5437 T
373 5414 400 5423 —
420 5385 459 5437 11.
478 5389 567 5436 iudicis
583 5389 686 5436 1444144444
702 5389 722 5438 Τ
741 5415 767 5424 -
791 5388 831 5437 ts.
849 5388 957 5438 4441111414
971 5389 1010 5439 444·
1028 5401 1063 5451 p.
1081 5388 1147 5439 TE:
1172 5389 1211 5440 441
1223 5403 1251 5452 ρ.
1269 5389 1411 5441 4411144140
1427 5418 1460 5427 —
1483 5390 1522 5440 48.
1539 5403 1602 5452 pro-

281 5463 1598 5516 04414411-40.111144411-1444444414444141Ε4444444444444140-111144444113411144440-

281 5536 509 5588 4444444444
533 5538 701 5587 114414440-
725 5537 957 5599 immunditiei*
982 5537 1270 5598 -40144444144
1294 5539 1602 5603 4444410-414444414444

282 5609 325 5660 44.
344 5610 459 5673 Iuntina,
482 5612 554 5675 quod
576 5612 726 5663 necessario
747 5612 940 5663 restituendum
957 5612 1061 5663 videtur
1082 5611 1163 5662 Bekis
1179 5612 1259 5662 Scbol.
1277 5613 1399 5675 bupomo.
1417 5615 1451 5665 lV
1467 5628 1493 5679 p.
1511 5614 1552 5665 13.
1571 5636 1598 5657 —v

278 5685 399 5747 ptoociT
420 5711 444 5721 -
471 5685 620 5750 0041434
643 5699 718 5735 orem
739 5699 787 5750 pro
808 5700 901 5737 arcem.
922 5687 997 5737 Arcas
1016 5700 1066 5751 pro
1087 5700 1150 5736 4444
1172 5686 1304 5739 1444114144
1322 5690 1385 5750 (441.
1403 5690 1481 5752 msc.)
1497 5687 1559 5752 legit
1574 5690 1601 5738 in

258 5765 262 5772 “
282 5761 351 5822 Virg.
370 5763 435 5809 Aen.
454 5762 478 5820 l,
496 5760 552 5811 100.
571 5763 635 5812 Stat.
653 5760 714 5812 Silv.
732 5763 779 5821 lll,
797 5761 827 5820 Ξ,
842 5763 915 5812 tta.»
932 5762 1034 5812 Donnes
1051 5763 1077 5812 in
1094 5761 1249 5814 44444411.
1267 5776 1293 5827 p.
1305 5762 1362 5814 375.
1377 5790 1405 5800 -
1422 5776 1436 5813 e
1452 5764 1516 5814 TE:
1533 5765 1600 5813 440

284 5835 479 5885 -ctocaT—
505 5835 804 5888 33.441444444’411ἶ;
826 5837 1066 5889 4444444410-
1092 5837 1134 5888 39.
1152 5836 1390 5904 4444οὠ41441-
1412 5837 1597 5904 serqtlioTE:

284 5911 386 5978 Virpilto
403 5911 437 5972 0;
456 5911 519 5962 item
535 5924 562 5977 p.
581 5911 654 5973 4131,
671 5913 696 5963 o.
