3800 7350
642 1211 717 1279 cn.
736 1210 1001 1278 xxu-xxrr.
1026 1206 1073 1295 ss
1095 1206 1241 1275 tii-57.
1544 1201 1607 1272 aia

280 1383 322 1448 de
342 1401 409 1468 quo
430 1387 500 1447 toto
521 1382 689 1466 respondit
705 1380 911 1447 Hortensium
932 1380 1033 1445 inrita
1047 1379 1186 1444 solverat
1200 1378 1351 1443 Castricio
1364 1377 1532 1462 pecuniam
1546 1379 1610 1443 iam

280 1475 337 1540 diu
358 1474 509 1540 debitam.
541 1476 624 1539 ilino
645 1483 747 1540 totum
767 1475 894 1551 odium,
915 1475 990 1538 hinc
1012 1474 1116 1537 omnis
1139 1472 1285 1537 offensio.
1318 1472 1390 1549 Quo
1411 1494 1483 1538 cum
1503 1472 1609 1538 venis·

281 1576 331 1634 set
357 1569 485 1633 Laelius
509 1568 551 1633 ad
578 1571 676 1634 iratos
697 1577 730 1633 et
754 1568 834 1633 illud
859 1568 1087 1633 Castricianum
1107 1568 1223 1631 vulnus
1243 1564 1380 1630 dicendo
1400 1565 1609 1641 reiricuiseet,

281 1662 438 1727 siluerunt
463 1663 624 1747 principes
652 1682 758 1747 neque
787 1661 898 1726 inilia
926 1662 1074 1726 contione
1100 1660 1287 1735 adfuerunt,
1314 1679 1419 1744 neque
1440 1660 1532 1723 istius
1553 1659 1609 1722 de·

280 1756 360 1820 creti
389 1776 426 1821 ac
455 1756 630 1821 testimonii
659 1762 803 1820 auctores
832 1776 902 1820 esse
931 1755 1111 1820 voluerunt.
1153 1756 1260 1839 Usque
1287 1753 1370 1817 adeo
1391 1754 1468 1818 orba
1488 1753 1549 1819 luit
1568 1754 1634 1817 alie

281 1850 488 1933 optimatibus
509 1850 565 1913 illa
586 1852 711 1925 contio,
740 1855 777 1913 ut
796 1850 945 1934 princeps
966 1849 1148 1933 principum
1171 1855 1257 1913 esset
1275 1847 1490 1925 Maeandrius,
1518 1850 1609 1913 cuius

281 1942 391 2025 lingna
417 1942 510 2027 quasi
538 1940 665 2008 ilahello
692 1943 859 2007 seditionis
887 1945 943 2008 illa
972 1951 1040 2007 tum
1068 1952 1116 2008 est
1137 1944 1299 2028 egentium
1320 1942 1427 2006 contio
1448 1942 1609 2007 rendlate.

281 2034 334 2100 55.
354 2038 467 2122 ltaque
487 2036 621 2101 civitatis
641 2035 807 2122 pudentis,
829 2043 865 2101 ut
880 2057 939 2120 ego
954 2058 1080 2123 semper
1094 2037 1291 2113 existimari,
1313 2043 1346 2099 et
1358 2034 1478 2120 gravia,
1498 2042 1535 2099 ut
1547 2036 1610 2119 ipsi

281 2129 457 2202 existimari
476 2130 605 2205 volunt,
626 2132 745 2194 iustum
769 2129 912 2196 dolorem
926 2131 1138 2217 querelasque
1153 2131 1345 2215 cognoscite.
1373 2130 1464 2206 Quae
1476 2131 1611 2214 pecunia

281 2223 379 2288 fuerit
404 2222 490 2306 apud
516 2243 552 2287 se
572 2223 676 2287 Flacci
698 2225 795 2307 patris
817 2225 946 2289 nomine
967 2244 987 2289 a
1009 2225 1203 2300 civitatibus,
1232 2226 1315 2289 hano
1336 2244 1356 2288 a
1376 2243 1411 2288 se
1434 2243 1504 2288 esse
1526 2223 1650 2288 able-to
1674 2248 1677 2254 ¹

281 2326 347 2383 um
368 2325 557 2403 queruntur.
590 2317 663 2381 Alio
685 2317 757 2382 loco
780 2338 950 2402 quaeram,
979 2317 1057 2404 quid
1079 2319 1206 2382 licuerit
1226 2319 1356 2382 Flacco:
1382 2326 1611 2383 nuscanum

281 2431 302 2475 a
322 2411 492 2476 Trallianis
512 2412 658 2496 requiro,
686 2432 781 2496 quam
808 2414 978 2497 pecuniam
1002 2421 1079 2476 a'se
1099 2412 1236 2476 ablatum
1257 2420 1450 2496 queruntur,
1480 2431 1612 2482 suamne

283 2505 406 2581 dicant,
434 2506 496 2570 sihi
525 2525 546 2569 a
568 2504 749 2571 civitatibus
769 2507 917 2571 collatam
939 2507 973 2570 iu
994 2526 1088 2570 usum
1108 2526 1214 2571 suum.
1252 2506 1352 2590 Cupio
1372 2507 1496 2570 andire.
1530 2509 1612 2583 Non,

282 2598 402 2683 iuquit,
424 2599 570 2665 dicimus.
606 2600 691 2676 Quid
713 2601 832 2685 igitur?
853 2600 997 2665 Delatam
1018 2600 1059 2664 ed
1080 2620 1154 2676 nos,
1177 2599 1327 2664 creditam
1350 2600 1443 2665 uobis
1458 2603 1494 2666 i..
1508 2602 1613 2667 Flacci

282 2693 380 2777 patris
399 2693 531 2758 nomine
552 2692 593 2757 ad
615 2695 684 2758 eius
707 2695 774 2759 dies
796 2694 894 2759 festos
915 2703 1013 2779 atque
1035 2693 1138 2759 ludos.
1173 2693 1258 2769 Quid
1277 2697 1367 2758 tuml
1388 2694 1479 2759 lianc
1492 2699 1543 2769 te,
1564 2695 1613 2758 in·
1621 2708 1651 2758 to

283 2786 370 2870 quit,
398 2805 514 2869 capere
540 2807 605 2852 non
636 2788 735 2852 licuit.
778 2786 829 2850 56.
851 2790 917 2851 lam
939 2787 973 2850 id
994 2788 1121 2863 vidoro,
1151 2788 1207 2852 sed
1229 2787 1365 2871 primum
1385 2788 1465 2852 illud
1487 2789 1612 2853 tenebo.

284 2878 438 2956 Queritur
453 2881 574 2964 gravis,
596 2880 756 2965 locuples,
778 2891 888 2946 ornata
902 2881 1030 2956 civitas,
1051 2882 1140 2965 quod
1155 2901 1220 2945 non
1233 2882 1350 2947 retinet
1362 2883 1519 2947 alienum:
1539 2902 1614 2967 spo·

283 2972 392 3037 liatam
414 2994 451 3038 se
472 2973 568 3050 dicit,
590 2974 675 3058 quod
698 2975 731 3039 id
752 2996 817 3040 non
837 2974 951 3050 habet,
973 2975 1060 3059 quod
1082 2976 1152 3039 eius
1172 2995 1238 3039 non
1257 2974 1328 3039 fuit.
1364 2975 1450 3052 Quid
1472 2976 1534 3041 hoc
1555 2978 1614 3041 iur-

282 3066 459 3150 pudeutius
480 3067 545 3132 dici
566 3076 625 3133 aut
645 3066 721 3152 tingi
742 3072 872 3153 potest?
903 3068 1068 3133 Deiectum
1090 3076 1140 3132 est
1160 3068 1330 3153 oppidum,
1351 3089 1418 3154 quo
1439 3071 1473 3134 in
1495 3070 1614 3155 oppido

283 3181 349 3225 uuo
369 3162 507 3244 pecunia
527 3181 548 3227 a
567 3169 634 3227 tota
654 3163 731 3227 Asia
751 3163 792 3226 ad
813 3163 952 3228 honoras
975 3162 1127 3227 L.Flacci
1148 3170 1329 3247 poneretur.
1357 3163 1444 3229 llaec
1464 3166 1652 3249 pecuniam

284 3261 350 3318 tota
369 3254 410 3317 ab
430 3253 606 3321 honoribus
627 3256 779 3321 manslata
800 3257 834 3320 in
856 3263 1024 3342 quaestum
1046 3264 1079 3321 et
1098 3256 1344 3332 fenerationem,
1365 3265 1553 3341 recuperate
1566 3265 1615 3321 est

284 3349 392 3413 multis
419 3357 493 3433 post
521 3352 623 3414 annis.
663 3350 753 3426 Quae
775 3352 895 3416 civitati
916 3351 1000 3415 iacta
1022 3358 1071 3414 est
1091 3351 1232 3415 iniuriat
1275 3350 1392 3414 XXIV.
1413 3349 1465 3415 57.
1486 3354 1528 3416 at
1548 3372 1615 3415 mo·

284 3442 364 3507 leste
394 3441 457 3508 lert
477 3444 597 3509 civitas.
639 3443 758 3508 Credo:
790 3446 936 3509 avulsum
963 3451 1012 3508 est
1038 3444 1124 3508 euim
1152 3451 1279 3527 praeter
1299 3464 1405 3529 spem,
1437 3444 1615 3529 quoderat

284 3556 343 3621 epe
363 3538 550 3602 devoratum
572 3537 705 3603 lucrum.
735 3542 777 3602 At
798 3539 951 3622 queritur.
982 3536 1190 3623 impudenter
1202 3537 1296 3602 iacit:
1317 3558 1382 3602 nou
1396 3538 1483 3603 euim
1496 3539 1613 3614 omnia,

285 3652 369 3717 quae
391 3631 553 3708 dolemus,
577 3631 689 3697 eadem
710 3633 801 3718 queri
823 3634 893 3697 iuro
914 3652 1097 3717 possumus.
1129 3632 1171 3695 At
1191 3637 1318 3696 accusat
1338 3630 1445 3696 verbis
1464 3631 1652 3716 gravisi-sa

285 3727 356 3790 mie.
388 3728 461 3791 lion
482 3726 603 3801 civitas,
625 3726 681 3790 sed
702 3726 841 3812 imperiti
858 3727 1016 3802 homiues,
1037 3723 1252 3790 allaeandrio
1266 3724 1426 3789 concitati.
1456 3725 1528 3803 Quo
1542 3725 1614 3789 loco

286 3820 384 3884 etiem
403 3826 502 3904 atque
522 3820 618 3884 etiam
638 3819 733 3884 tacite
754 3827 791 3884 ut
811 3820 1040 3894 recordemini,
1062 3839 1146 3904 quae
1160 3820 1202 3884 sit
1216 3821 1376 3885 temeritas
1390 3820 1614 3897 multitudinis,

285 3932 370 3996 quae
391 3913 502 3977 levitas
522 3913 652 3998 propria
672 3913 878 3990 Graecorum,
901 3914 979 4000 quid
1000 3915 1036 3979 in
1057 3915 1206 3979 contione
1220 3913 1372 3979 seditiosa
1384 3913 1489 3979 valeat
1502 3914 1614 3978 oram.

285 4007 362 4083 llic,
383 4007 418 4071 in
438 4007 498 4072 hac
519 4007 704 4092 gravisnma
724 4014 758 4072 et
778 4007 1030 4073 moderatissima
1048 4008 1191 4083 civitate,
1212 4029 1285 4072 cum
1300 4015 1349 4072 est
1361 4006 1467 4071 iorum
1482 4007 1614 4091 plenum

285 4100 493 4177 iudiciorum,
514 4101 644 4184 plenum
658 4102 914 4184 mogisuatuum,
935 4102 1066 4187 plenum
1081 4102 1274 4186 optimorum
1286 4103 1428 4166 virorum
1442 4109 1474 4165 et
1487 4101 1653 4177 civium,eo

286 4215 359 4258 ou-
391 4194 575 4280 speculatur
600 4202 698 4279 atque
726 4194 851 4259 obsidet
880 4204 984 4260 rostra
1011 4195 1128 4260 vindex
1155 4196 1339 4260 temeritatis
1361 4202 1395 4260 et
1420 4194 1614 4258 moderatrix

286 4287 383 4353 oiiicii
404 4289 504 4363 curie,
525 4295 631 4353 temen
653 4296 789 4373 quantos
811 4290 925 4354 tluctus
940 4290 1071 4354 excitari
1091 4290 1126 4353 iu
1141 4289 1291 4354 contione
1304 4288 1435 4353 ridetis!
1457 4288 1542 4366 Quid
1556 4309 1615 4354 vos

286 4381 357 4446 lieri
382 4383 519 4448 censetis
546 4383 730 4449 Trallibusl
757 4403 799 4447 an
827 4383 875 4458 id,
898 4382 985 4467 quod
1007 4383 1177 4467 Pergami?
1206 4383 1269 4447 nisi
1288 4381 1372 4446 forte
1391 4381 1453 4446 hae
1472 4384 1615 4448 civitates

287 4477 459 4543 existimari
487 4477 601 4544 volunt
629 4478 755 4544 lucilius
767 4498 841 4543 una
862 4497 898 4542 se
918 4475 1054 4563 epistola
1074 4476 1265 4541 Mithridatis
1287 4475 1407 4540 moveri
1426 4476 1615 4561 impellique

351 4706 377 4759 d.
395 4707 439 4776 oen
456 4707 557 4759 otv-
575 4707 715 4759 idmns-
735 4708 938 4759 dioendwnv-
957 4706 982 4760 l.
1000 4706 1129 4773 dimit]
1147 4704 1616 4770 memonasterium

287 4780 562 4831 lo-costioaest
583 4781 1226 4845 mnimtssvnoactoneALO-secooev-
1249 4781 1373 4832 wiesv:
1397 4779 1613 4844 mmsis·-

287 4855 313 4906 ii.
330 4855 393 4906 odeo
408 4855 444 4906 V:
466 4868 496 4907 eo
511 4856 616 4909 sno
633 4883 662 4894 -
681 4857 769 4909 orior»
784 4858 807 4909 V
824 4884 853 4895 -
878 4859 910 4908 od
927 4870 981 4910 om.
1000 4860 1055 4909 tres
1072 4857 1151 4908 codd.
1169 4858 1278 4921 uagom.
1297 4858 1325 4908 et
1345 4857 1402 4908 tm
1421 4855 1568 4906 (institui.
1585 4878 1614 4891 -

288 4931 312 4982 6.
330 4931 472 4994 opttenottti
491 4933 548 4983 eive
571 4933 714 4996 opinmotiti
730 4934 754 4982 V
770 4933 831 4996 (soit
852 4935 1000 4996 mamam
1016 4933 1051 4984 de
1068 4933 1161 4984 Faerni
1177 4934 1331 4984 coniectura
1348 4932 1376 4997 Ι.)
1400 4956 1429 4968 -
1452 4929 1534 4981 contio
1550 4930 1614 4980 VS:

287 5007 373 5056 condo
394 5006 469 5057 aio
490 5032 519 5043 -
542 5006 567 5056 7.
586 5007 717 5074 eamden]
739 5007 787 5058 liic
810 5007 901 5061 delicit
921 5009 1098 5072 fragmentum
1114 5008 1281 5060 Vaticanum.
1298 5035 1333 5046 —
1349 5008 1390 5058 40.
1408 5005 1491 5057 noos
1507 5005 1577 5068 opud
1591 5016 1618 5055 re

288 5081 350 5130 S·
369 5079 594 5146 contrementes
608 5082 1150 5148 oodotocumed.Naugerienai1.0-
1173 5097 1190 5133 o
1206 5082 1412 5134 οἱνίωαὸωοω.
1424 5082 1445 5132 Τ
1458 5108 1486 5120 -
1505 5081 1546 5131 ll.
1559 5091 1618 5143 pse·

287 5161 380 5207 rentur
401 5157 448 5208 Sit
470 5158 497 5208 et
518 5159 643 5221 quattuor
666 5157 745 5209 codd.
764 5159 865 5210 Oxonu.
884 5159 971 5221 (quom
984 5170 1038 5220 pcc.
1057 5171 1075 5207 o
1090 5170 1116 5208 re
1130 5157 1181 5208 odi.
1200 5163 1342 5222 ouerow
1363 5169 1468 5207 monins
1488 5156 1574 5205 dicant
1594 5159 1617 5205 et

287 5231 421 5283 etii--tr
435 5243 496 5282 esee
509 5245 567 5282 asos
582 5232 664 5283 ilenr.
676 5232 847 5298 stephanos.)
864 5258 892 5270 -
912 5232 953 5283 ⁴³.
971 5232 1043 5292 Noa,
1060 5232 1154 5295 metm,
1172 5233 1218 5284 loc
1233 5234 1340 5284 domos
1355 5233 1402 5283 ΡΙ,
1417 5257 1451 5269 -
1466 5231 1508 5283 iti.
1527 5243 1545 5280 o
1561 5242 1615 5280 om.

288 5308 336 5358 sti
355 5333 383 5345 -
398 5306 543 5370 poscetur]
559 5307 653 5358 collato
667 5313 802 5371 pomer
818 5308 878 5358 i.-
897 5306 938 5356 il.
957 5309 1011 5355 tota
1026 5316 1090 5357 cum
1106 5305 1150 5356 ed.
1163 5307 1328 5370 Naugerium
1344 5319 1399 5358 om.
1412 5307 1430 5357 F
1444 5332 1472 5342 -
1491 5304 1618 5356 eosdm

288 5382 345 5444 Sit,
362 5384 468 5447 reptem
479 5380 558 5433 codd.
572 5382 690 5446 ingom,
708 5385 763 5434 tres
775 5383 890 5433 Oreum:
909 5380 1035 5430 noemia
1046 5385 1081 5430 ert
1092 5381 1112 5430 T
1122 5381 1140 5430 F
1149 5382 1182 5441 i.;
1200 5381 1328 5432 translato
1339 5380 1391 5447 [at]
1403 5381 1424 5431 0
1436 5406 1465 5417 -
1482 5379 1525 5430 2³.
1542 5379 1618 5429 m

287 5464 344 5505 eius
358 5458 395 5507 ort
409 5454 471 5517 SA,
489 5457 594 5519 septem
610 5456 690 5508 codd.
708 5455 945 5521 Legomarsinieni,
971 5459 1027 5506 tres
1043 5455 1217 5509 oxonienses.
1237 5483 1266 5495 -
1283 5458 1325 5509 it.
1342 5457 1428 5508 eodm
1442 5454 1567 5506 Klotzios.
1583 5480 1619 5492 -

289 5529 1436 5597 wmsT:isrsqoeiALO-26.meosdroS-³t.roetro]noeous-
1455 5529 1618 5581 eam

287 5605 490 5657 tumme:
511 5605 1202 5667 mosaicorummoooitoecosctomenceten.
1221 5629 1250 5643 -
1273 5604 1617 5670 33.osidpuodloonoe

287 5679 354 5731 un
370 5680 437 5744 qnod
452 5680 482 5732 1..
500 5680 619 5733 «Ernesti
631 5683 812 5734 coniecturam
828 5679 914 5746 probo
926 5680 1134 5745 calamosus?
1149 5681 1271 5734 Fortasse
1282 5684 1373 5733 tamen
1384 5679 1493 5732 alterius
1504 5679 1617 5729 civitatis

289 5767 400 5817 nomon,
417 5753 491 5820 quod
506 5756 626 5808 medium
638 5755 732 5819 luerit,
750 5755 892 5808 intercidit.
916 5756 1012 5820 insigni
1028 5755 1110 5808 lause
1127 5757 1154 5808 in
1170 5758 1303 5810 Romanos
1319 5757 1457 5808 auodtete
1473 5756 1618 5818 Poegeme-

288 5840 340 5880 uoe
355 5832 386 5880 et
398 5827 615 5894 Adramyttenos,
631 5831 771 5896 Ephesios,
789 5831 916 5893 Caunios,
934 5829 1078 5884 uminum
1093 5832 1177 5887 reiert
1191 5833 1327 5900 Appianas
1342 5832 1371 5883 iu
1386 5829 1501 5884 Ultorid.
1518 5843 1544 5883 c.
1556 5829 1616 5882 ii.»

289 5903 479 5956 omr.11.-
499 5903 1082 5972 praemisietpisrtqaealiioodd.)t.
