3800 7350
304 1214 385 1288 itit
726 1229 877 1295 ORATIO
899 1230 941 1294 lu
962 1228 998 1294 L.
1019 1228 1196 1294 PISONEM

305 1394 448 1471 ordines,
469 1417 519 1461 me
540 1396 687 1462 universa
707 1399 817 1463 civitas
839 1420 904 1464 non
926 1399 1014 1482 prius
1035 1399 1150 1464 tabella
1171 1418 1267 1483 quam
1287 1417 1364 1462 voce
1386 1396 1523 1480 priorem
1545 1414 1620 1457 con·

304 1488 405 1553 sulem
426 1489 605 1555 declaravit
647 1490 686 1554 ll.
709 1492 772 1555 Sed
794 1492 922 1568 omitto,
943 1500 980 1556 ut
1000 1493 1042 1557 sit
1060 1492 1161 1557 iactus
1182 1500 1315 1577 uterque
1335 1498 1495 1564 nastrum;
1515 1524 1559 1534 —
1579 1489 1621 1552 sit

305 1602 380 1645 sane
406 1585 483 1647 Fors
511 1585 640 1650 domina
669 1589 786 1671 campi:
817 1585 1065 1670 magnificentius
1091 1594 1140 1651 est
1161 1585 1283 1658 dicere,
1313 1582 1621 1670 quemadmodum

304 1678 493 1757 gesserimus
515 1679 730 1754 consulatum,
751 1700 845 1764 quam
867 1680 1025 1765 quemad
1048 1679 1174 1744 modum
1195 1679 1382 1761 ceperimus.

279 1777 295 1825 4
388 1766 418 1834 4.
438 1772 507 1855 Ego
535 1773 687 1837 Kalendis
717 1773 870 1839 Ianuariis
897 1780 1040 1837 senatum
1069 1780 1102 1836 et
1126 1774 1227 1837 bonos
1249 1792 1357 1837 amnes
1380 1772 1458 1856 legis
1480 1770 1621 1856 agrariae

304 1863 574 1950 maximarumque
604 1866 805 1950 largitionum
833 1874 918 1931 metu
947 1867 1086 1931 liberavi.
1129 1868 1196 1949 liga
1225 1885 1332 1949 agrum
1355 1865 1566 1949 Campanum,
1592 1863 1620 1928 si

303 1955 403 2020 dividi
425 1978 489 2021 nou
512 1961 665 2043 oportuit,
694 1960 893 2036 conservavi;
924 1963 952 2025 si
973 1960 1128 2043 aportuit,
1156 1959 1338 2023 melioribus
1367 1961 1550 2024 auctoribus
1571 1978 1622 2024 xe·

304 2052 436 2115 servavi.
475 2054 542 2136 Ego
571 2054 604 2117 in
628 2054 660 2119 C.
684 2054 829 2129 Rabirio,
859 2053 1085 2137 perduellionis
1107 2073 1176 2127 reo,
1204 2073 1246 2116 xr.
1267 2051 1359 2115 annis
1380 2061 1454 2116 ante
1476 2073 1526 2116 me
1548 2073 1622 2117 con·

304 2144 404 2208 sulem
432 2146 648 2232 interpositam
680 2156 807 2212 ssenatu
829 2149 1046 2214 auctoritatem
1068 2146 1204 2211 sustinui
1226 2152 1334 2209 cantra
1354 2146 1505 2209 invidiam
1526 2152 1621 2229 atque

267 2236 442 2303 rodelendi.
478 2241 546 2324 Ego
568 2241 785 2307 adolescentes
806 2245 910 2307 banos
931 2248 963 2304 et
983 2240 1096 2315 tortes,
1122 2239 1178 2303 sed
1200 2260 1274 2303 usos
1296 2240 1334 2303 ea
1355 2239 1537 2302 conditione
1558 2238 1623 2302 lar·

305 2338 418 2407 tunae,
447 2341 500 2409 ut,
528 2335 555 2398 si
577 2343 684 2399 essent
705 2337 904 2419 magistratus
925 2337 1049 2420 adepti,
1071 2334 1117 2399 rei
1139 2334 1283 2419 publicae
1305 2341 1420 2398 statum
1442 2328 1622 2397 convulensi

303 2424 502 2504 viderentur,
531 2429 610 2492 meis
631 2428 821 2503 inimicitiis,
848 2430 935 2493 nulla
961 2436 1089 2493 senatus
1110 2428 1193 2492 mala
1213 2428 1330 2510 gratia,
1355 2427 1553 2490 comitiorum
1573 2445 1622 2489 ra·

303 2519 390 2583 tione
412 2521 544 2604 privavi.
576 2519 607 2585 5.
621 2524 689 2606 Ego
704 2524 875 2587 Antonium
898 2524 1060 2606 collegam,
1083 2519 1234 2605 cupidum
1256 2522 1453 2606 provinciae,
1474 2519 1573 2583 multa
1588 2518 1623 2581 in

304 2632 339 2676 re
360 2614 486 2696 publica
499 2616 705 2696 molientem,
727 2617 877 2700 patientia
898 2624 997 2700 atque
1018 2615 1175 2700 obsequio
1198 2635 1268 2679 mea
1285 2614 1436 2698 mitigavi.
1467 2612 1536 2695 Ego
1549 2629 1623 2695 pro·

267 2706 438 2771 revinciam
468 2708 601 2773 Galliam
630 2717 758 2774 senatus
784 2710 972 2774 auctoritate
1003 2711 1144 2773 exercitu
1173 2716 1206 2772 et
1233 2710 1368 2791 pecunia
1388 2709 1571 2771 instructam
1592 2712 1624 2769 et

305 2795 461 2877 ornatam,
484 2822 578 2885 quam
600 2823 671 2865 cum
690 2802 830 2866 Antonia
853 2804 1060 2877 commutavi,
1083 2801 1169 2887 quod
1191 2803 1236 2865 ita
1251 2801 1467 2866 existimabam
1481 2805 1625 2882 tempora

304 2894 517 2979 reipublicae
539 2895 631 2971 terre,
652 2897 686 2958 in
708 2898 856 2961 contione
870 2896 1004 2982 deposui
1027 2896 1217 2960 reclamante
1239 2895 1358 2980 papula
1373 2896 1526 2957 Romano.
1557 2893 1624 2975 Ego

304 2988 339 3051 L.
362 2988 542 3065 Catilinam,
571 2989 699 3054 caedem
722 2998 866 3066 senatus,
888 2992 1050 3077 interitum
1071 2990 1160 3054 urbis
1181 3010 1246 3054 nou
1270 2990 1420 3063 obscure,
1442 2986 1498 3051 sed
1520 2987 1625 3071 palam

177 3123 189 3140 .-
304 3082 502 3158 molientem,
524 3082 632 3167 egredi
654 3103 695 3147 ex
715 3084 793 3148 urbe
814 3085 909 3159 iussi,
931 3093 975 3159 ut,
995 3103 1094 3168 aquo
1108 3084 1231 3168 legibus
1245 3103 1312 3147 nou
1327 3090 1518 3168 poteramus,
1538 3100 1626 3145 mae·

265 3175 397 3238 renibus
424 3177 486 3239 tuti
512 3197 581 3241 esse
610 3198 784 3261 possemus.
820 3180 887 3261 Ego
909 3179 971 3242 tela
993 3187 1135 3241 extrema
1157 3198 1265 3241 mense
1287 3176 1468 3241 consulatus
1491 3176 1554 3240 mei
1575 3176 1626 3238 in·

304 3275 390 3333 tenta
411 3268 526 3352 iugulis
548 3271 682 3335 civitatis
697 3270 736 3335 de
752 3273 983 3335 coniuratorum
997 3271 1125 3334 nefariis
1140 3272 1284 3334 manibus
1299 3271 1428 3334 extorsi.
1457 3269 1625 3352 Ego-taces

304 3362 367 3424 iam
395 3382 541 3427 accensas
562 3363 602 3427 ad
623 3364 719 3428 huius
741 3365 828 3428 urbis
849 3365 1031 3429 incendium
1052 3364 1292 3448 comprehendi,
1321 3362 1453 3448 pratuli,
1475 3363 1625 3428 exstinxi.

305 3456 358 3517 Ill.
381 3452 410 3516 6.
431 3456 483 3518 444
505 3456 543 3532 Q.
567 3457 714 3533 Catulus,
738 3459 886 3542 princeps
906 3457 1002 3520 buius
1024 3457 1145 3520 ordinis
1167 3464 1199 3519 et
1220 3465 1327 3520 auctor
1349 3456 1467 3540 publici
1490 3455 1625 3529 consilii,

304 3548 560 3633 frequentissima
583 3559 693 3614 senatu
715 3559 878 3635 parentem
900 3551 1020 3635 patriae
1041 3550 1225 3616 nominavit.
1253 3549 1332 3614 ldibi
1352 3550 1405 3613 hic
1420 3550 1469 3613 vir
1489 3548 1625 3612 clarissi-

267 3658 391 3718 iemus,
414 3644 468 3728 qui
488 3651 617 3729 propter
637 3652 669 3710 te
691 3644 793 3721 sedet,
816 3646 850 3708 L.
872 3644 1009 3720 Gellius,
1030 3644 1081 3709 bis
1102 3644 1302 3709 audientibus
1323 3645 1453 3710 civicam
1476 3663 1624 3709 caronam

305 3735 413 3800 deberi
435 3757 454 3802 a
475 3759 509 3803 re
531 3740 658 3823 publica
678 3739 769 3803 dixit.
801 3739 878 3804 Mihi
898 3746 1004 3823 togata
1019 3746 1164 3813 senatus,
1185 3760 1248 3804 non
1263 3746 1299 3803 ut
1311 3740 1417 3804 multis
1430 3741 1513 3804 bene
1527 3747 1626 3822 gesta,

305 3831 361 3896 sed
383 3842 418 3896 ut
439 3834 560 3898 nemini
583 3844 766 3900 conservata
786 3855 821 3899 re
843 3834 970 3917 publiea
992 3832 1143 3916 singulari
1165 3829 1280 3917 genere
1294 3833 1534 3916 supplicationis
1550 3833 1626 3898 deo·

303 3946 372 3990 rum
405 3926 628 3992 immortalium
658 3929 774 4012 templa
795 3927 954 4013 patefecit.
990 3929 1057 4010 Ego
1079 3948 1151 3991 cum
1173 3928 1205 3989 in
1227 3926 1375 3991 cantione
1396 3927 1506 3990 abiens
1527 3927 1626 4009 magi-

304 4028 401 4085 stratu
422 4021 525 4086 dicere
548 4043 566 4087 a
587 4022 713 4087 tribuno
736 4023 779 4104 pl.
800 4021 985 4106 prohiberer
1000 4040 1083 4105 quae
1099 4021 1333 4093 constitueram,
1355 4040 1489 4104 cumque
1504 4020 1531 4084 is
1546 4019 1623 4083 mibi

371 4354 394 4404 4.
410 4352 495 4415 priore
512 4351 529 4401 F
547 4374 573 4386 -
592 4349 617 4401 4.
635 4349 790 4400 consolatam
801 4376 838 4388 -·
849 4351 985 4413 ceperimus
1000 4362 1053 4399 om.
1067 4349 1094 4399 F.
1117 4344 1214 4399 4114444
1229 4347 1262 4397 ed
1279 4344 1367 4397 locum
1384 4344 1485 4397 Flavius
1496 4347 1625 4412 Vopiscus

305 4430 330 4479 in
348 4441 373 4477 v.
391 4427 471 4478 Taciti
488 4439 512 4477 c.
526 4425 566 4477 43.
586 4450 614 4463 -·
634 4426 658 4475 ὅ.
677 4438 721 4489 ego
738 4426 825 4476 FGS:
843 4439 903 4490 erga
919 4427 969 4477 ΕΡ
988 4452 1015 4462 -
1035 4424 1114 4474 amois
1130 4426 1151 4473 G
1169 4449 1196 4458 -
1215 4421 1239 4472 8.
1257 4423 1284 4471 ia
1300 4421 1413 4486 grabisia
1429 4424 1464 4483 G,
1481 4423 1508 4472 iss
1523 4422 1625 4485 grabri-

303 4505 343 4552 ria
359 4503 379 4553 F.
398 4529 424 4538 -
447 4515 476 4553 xr
491 4502 565 4552 oanis
582 4502 599 4551 F
619 4527 646 4536 —
673 4502 713 4550 44.
733 4513 782 4551 esse
803 4501 945 4551 caccabari
961 4501 982 4550 Ε
999 4498 1080 4550 solus.
1101 4525 1127 4534 -
1152 4497 1191 4548 43,
1209 4497 1329 4561 collegam
1346 4510 1398 4548 am.
1417 4497 1435 4546 F
1454 4520 1481 4532 -
1499 4496 1626 4560 moliaque

305 4577 384 4628 codd.
402 4578 501 4628 Faerui.
528 4570 683 4626 Tenendum
706 4579 746 4626 est
770 4577 900 4626 Faernum
923 4577 1030 4639 praeter
1045 4574 1069 4623 V
1085 4587 1137 4624 nau
1154 4572 1279 4623 habuisse
1297 4573 1346 4622 alsi
1363 4571 1470 4622 codices
1486 4571 1625 4623 deteriorb

305 4656 393 4704 uotae.
413 4680 440 4689 -
460 4652 500 4704 44.
518 4665 642 4702 meacm.
663 4652 681 4702 F
701 4678 726 4689 -
747 4652 788 4705 46.
806 4652 957 4702 commutavi
973 4651 1148 4702 Hotomanus:
1166 4647 1347 4698 communicavi
1364 4647 1423 4697 CO.
1442 4646 1481 4698 ci.
1493 4647 1522 4697 Ε.
1535 4647 1625 4712 llegeu

306 4728 426 4788 caldina,
450 4728 503 4779 eice
524 4729 608 4777 tristor.
630 4727 813 4791 demenciam
835 4725 968 4790 (Kdnigsb.
987 4725 1059 4786 4854)
1077 4739 1103 4789 p.
1122 4724 1169 4776 494
1185 4738 1227 4788 sq.
1254 4722 1431 4774 Commendat
1452 4721 1494 4772 ille
1517 4723 1625 4786 quidem

305 4802 484 4854 necessariam
507 4802 699 4853 correctionem
722 4803 885 4862 commutavi,
909 4800 958 4852 sed
981 4802 1039 4851 sine
1056 4813 1136 4850 cause
1153 4799 1234 4850 verba
1250 4799 1290 4849 sic
1306 4798 1501 4862 transponenda
1518 4801 1621 4849 censet:

304 4880 358 4942 liga
373 4878 506 4928 Antoniam
518 4904 555 4918 --
566 4878 680 4941 mitigavi
692 4878 898 4940 provinciamque
912 4882 1013 4928 senatos
1029 4882 1126 4926 444444.
1144 4888 1185 4925 erc.
1198 4879 1221 4925 et
1234 4888 1288 4936 pec.
1306 4874 1453 4924 instructam
1469 4877 1492 4923 et
1508 4877 1626 4922 amatam

304 4967 361 5004 cam
376 4953 481 5004 4444444
498 4951 548 5016 (vel
564 4966 620 5002 essm
636 4953 672 5015 44)
690 4953 848 5002 commutavi.
865 4954 920 5017 liga
934 4953 1104 5015 prouinciam,
1122 4951 1234 5011 adadu
1243 4950 1326 5010 serre,
1343 4950 1371 4998 io
1387 4949 1499 4999 contione
1515 4948 1624 5010 4444444.

195 5046 199 5054 ·
306 5054 333 5065 -
346 5029 386 5080 20.
399 5040 481 5078 meme
490 5027 611 5077 decembri
622 5028 641 5076 Ε
654 5053 677 5064 -
693 5027 734 5076 it.
747 5027 839 5090 iugatis
849 5040 902 5077 am.
916 5028 933 5076 F
945 5028 970 5077 in
983 5026 1086 5076 lacuna.
1099 5050 1127 5062 ·-
1140 5025 1182 5075 93.
1194 5038 1280 5088 amase
1290 5025 1417 5075 4444444444
1431 5051 1458 5060 -
1471 5025 1512 5074 25.
1522 5029 1626 5087 prepter

304 5103 354 5164 re,
366 5103 509 5153 Arusianus
520 5115 546 5167 p.
556 5101 604 5153 aas
616 5101 657 5165 (ci.
671 5104 751 5153 etiam
762 5101 849 5153 schol.
863 5102 961 5153 Lucani
972 5103 991 5163 l,
1004 5115 1030 5152 v.
1043 5100 1114 5162 34844
1131 5101 1206 5149 iacta
1222 5100 1250 5151 E.
1269 5099 1359 5150 Glossa
1376 5111 1467 5148 veram
1484 5098 1624 5150 lectionem

306 5176 411 5243 expulit,
424 5180 453 5228 ut
468 5178 602 5229 invectum
620 5179 661 5228 est
678 5177 736 5242 540
752 5179 851 5228 motata
862 5177 990 5241 (44444444)
1007 5190 1055 5242 pro
1071 5175 1195 5237 cambato,
1214 5173 1272 5236 5442
1286 5175 1418 5236 procedere
1434 5185 1482 5236 pro
1496 5174 1624 5237 progredi,

306 5253 360 5316 §dt
379 5252 495 5302 aciicadia
509 5265 559 5317 pro
574 5253 683 5315 formeiis,
702 5254 764 5318 §62
780 5254 873 5304 ademit
887 5266 937 5318 pro
951 5253 1105 5316 praeripuit,
1124 5250 1183 5315 §68
1198 5251 1263 5314 sagii
1278 5263 1327 5314 pre
1342 5249 1471 5312 4444444444.
1486 5275 1512 5285 -
1530 5249 1625 5299 sedus

308 5353 335 5364 -
348 5327 455 5377 44444444
470 5328 525 5377 FS:
544 5327 573 5377 de
589 5341 682 5389 444444
696 5327 747 5378 ciri
761 5341 817 5378 cam
833 5327 894 5378 Ε-
913 5329 954 5379 26.
968 5342 985 5378 a
1000 5341 1070 5390 rep.
1089 5327 1149 5376 ES:
1168 5327 1267 5387 apli.
1286 5326 1304 5374 F
1321 5326 1348 5373 et
1364 5322 1524 5373 44440444.
1549 5321 1624 5373 Cant.

307 5400 363 5452 lul.
382 5400 444 5452 Gall.
462 5401 494 5461 V,
514 5402 542 5461 6,
562 5403 607 5452 ⁴5:
633 5402 687 5452 Hac
708 5415 802 5453 caraem
823 5403 904 5454 444444
923 5404 952 5454 l..
977 5402 1081 5463 Gellius,
1107 5402 1148 5451 444
1168 5401 1306 5459 emamus,
1330 5400 1358 5448 irs
1376 5402 1464 5448 senatu
1485 5397 1626 5447 Ciceronem

306 5477 428 5527 cesariem
444 5476 535 5529 danari
551 5489 569 5525 4
583 5489 612 5527 44
625 5476 726 5540 acideo
740 5478 846 5538 4444444,
864 5479 930 5540 quad
941 5480 993 5529 cet.
1008 5504 1035 5515 -
1054 5477 1113 5527 bene
1122 5482 1191 5540 gesta
1201 5502 1238 5513 -·
1249 5478 1396 5525 4444444444
1406 5484 1435 5522 re
1448 5486 1474 5535 p.
1488 5473 1624 5523 Garatoni:

307 5552 365 5602 44444
379 5556 462 5615 pmice
472 5578 511 5590 -·
522 5557 682 5602 conservatas
696 5553 774 5614 reip.
788 5552 847 5603 (20.
866 5553 904 5604 Ct.
918 5566 958 5603 or.
972 5553 996 5602 iu
1010 5553 1067 5604 Cat.
1079 5552 1126 5610 lll,
1146 5551 1204 5615 §tii
1222 5551 1249 5600 et
1264 5549 1307 5608 lv,
1323 5547 1390 5610 52⁰,
1408 5545 1454 5596 ubi
1471 5546 1534 5597 item
1546 5546 1625 5598 codd.

307 5627 372 5676 deti.
391 5623 519 5678 ablativos
534 5625 649 5687 babent,
667 5639 709 5691 ep.
728 5627 762 5678 ed
779 5629 850 5678 Fam.
868 5627 923 5689 XV,
941 5627 971 5689 4,
990 5630 1031 5678 44.
1050 5628 1218 5690 (comesenim
1238 5625 1276 5674 444
1294 5622 1503 5686 precinentem
1522 5622 1588 5671 dedii
1603 5626 1627 5673 44

182 5765 190 5791 “
306 5699 1222 5841 “zwsaidffilddbdiadgfdiffltresbvepti.cd·i‹deieuisraddidemrweis
1229 5697 1442 5837 m¹muaz
1459 5697 1628 5824 leciidohiiid⁸

308 5855 363 5906 sela
380 5865 414 5904 44
430 5851 550 5918 vulgatae
565 5853 739 5919 praeferenda
756 5855 797 5905 sii.
818 5881 845 5891 -
869 5867 974 5917 mmqoe
990 5854 1027 5904 c:
1050 5855 1145 5904 44444
1167 5850 1244 5915 preb.
1261 5849 1341 5900 Bakla
1360 5860 1388 5911 p.
1405 5846 1467 5896 299:
1491 5842 1626 5897 «Alterum

308 5941 384 5994 aanor
403 5926 541 5980 subiicitur
555 5927 702 5998 prioribus,
720 5931 750 5981 44
766 5926 917 5997 explicatio,
936 5941 990 5981 non
1005 5930 1036 5978 44
1050 5939 1150 5980 navum
1165 5925 1230 5993 qnid
1246 5924 1375 5977 dicatur.»
