3800 7350
322 1152 405 1221 4082
740 1160 891 1226 ORATIO
913 1161 956 1225 IN
977 1161 1012 1225 L.
1033 1160 1212 1227 PISONEM
1235 1100 1243 1129 ι

321 1320 372 1390 ll.
393 1329 465 1390 Non
486 1327 599 1393 serrem
621 1329 750 1394 omnino
772 1331 919 1406 moleste,
953 1331 980 1395 si
1009 1331 1054 1395 ita
1081 1330 1262 1405 accidisset,
1297 1329 1352 1394 sed
1375 1329 1406 1393 id
1427 1335 1533 1393 tamen
1556 1338 1641 1394 esset

319 1418 502 1485 humanum.
543 1424 584 1486 Μ.
607 1424 788 1498 Marcellus,
818 1425 873 1508 qui
894 1432 942 1488 ter
963 1424 1073 1487 consul
1094 1424 1172 1497 tuit,
1203 1443 1323 1486 summa
1344 1423 1474 1497 virtute,
1506 1423 1638 1507 pietate,

320 1512 419 1594 gloria
433 1514 577 1590 militari,
601 1517 695 1600 periit
714 1516 746 1579 in
769 1518 862 1581 mari:
886 1519 940 1602 qui
963 1526 1067 1581 tamen
1089 1518 1128 1581 ob
1150 1518 1297 1581 virtutem
1323 1517 1354 1579 in
1377 1517 1478 1600 gloria
1492 1526 1524 1580 et
1544 1518 1640 1582 laude

320 1606 407 1669 vivit.
448 1608 632 1674 infortuna
653 1611 789 1696 quadam
812 1620 860 1676 est
880 1612 935 1676 illa
956 1631 1057 1686 mors,
1084 1632 1148 1674 non
1170 1611 1204 1673 in
1225 1630 1329 1695 poena
1349 1611 1501 1695 putanda.
1548 1613 1640 1689 Quae

295 1706 369 1763 sest
389 1699 484 1782 igitur
504 1706 630 1785 poena?
655 1704 739 1788 quod
763 1705 974 1788 supplicium?
997 1725 1078 1789 quae
1094 1708 1192 1768 sarai
1214 1724 1296 1788 quae
1319 1706 1452 1767 emensi
1473 1706 1552 1769 Esse
1575 1706 1640 1769 duo

319 1793 416 1856 duces
437 1794 471 1856 in
491 1796 662 1879 provinciis
684 1798 791 1882 populi
813 1798 964 1873 Romani,
984 1798 1102 1862 habere
1125 1799 1299 1871 exercitus,
1328 1797 1480 1881 appellari
1502 1800 1640 1883 impera·

319 1895 422 1965 tores;
444 1888 557 1953 borum
571 1889 705 1953 alterum
728 1890 774 1955 sic
795 1892 893 1956 fuisse
915 1892 1106 1955 infrenatum
1127 1892 1319 1955 conscientia
1341 1890 1494 1955 scelerum
1510 1900 1542 1954 et
1555 1892 1640 1955 irau-

318 1981 404 2047 dium
431 2003 575 2059 suarum,
608 1991 644 2047 ut
674 2005 715 2047 ex
741 2006 780 2051 ea
805 1987 984 2068 provincia,
1019 2006 1101 2071 qnae
1131 1986 1227 2048 fuerit
1249 1986 1395 2048 omnibus
1417 2003 1480 2047 una
1502 1987 1640 2049 maxime

317 2076 529 2161 triumphalis,
561 2078 680 2149 nullam
709 2080 749 2142 sit
777 2080 816 2143 ad
845 2087 990 2142 senatum
1018 2079 1155 2143 litteram
1183 2080 1307 2142 mittere
1338 2098 1442 2142 ansus.
1497 2082 1546 2143 Ex
1576 2101 1641 2165 qua

281 2169 479 2253 roprovincia
501 2172 593 2235 modo
615 2171 665 2233 vir
686 2173 772 2235 omni
794 2172 946 2256 dignitate
969 2172 1204 2247 ornatissimus,
1231 2173 1266 2234 L.
1290 2174 1485 2255 Torquatus,
1517 2176 1639 2259 magnis

315 2263 409 2327 rebus
430 2265 528 2346 gestis
551 2285 600 2329 me
622 2264 776 2329 referente
798 2266 837 2329 ab
859 2273 971 2330 senatu
992 2268 1163 2351 imperator
1185 2273 1234 2330 est
1254 2265 1448 2349 appellatus,
1480 2265 1566 2329 unde
1588 2266 1639 2330 bis

315 2357 424 2441 paucis
444 2359 536 2423 annis
558 2359 614 2422 Cn.
635 2359 835 2434 Dolabellae,
864 2360 898 2422 G.
921 2360 1084 2435 Curionis,
1106 2362 1147 2423 M.
1170 2359 1291 2423 Luculli
1314 2360 1504 2422 iustissimos
1527 2361 1638 2424 trium-

314 2450 395 2533 pbos
418 2452 568 2527 ¹vidimus,
591 2473 636 2530 er
653 2473 691 2517 ea
711 2461 743 2517 te
763 2454 952 2536 imperatore
968 2456 1098 2518 nuntius
1114 2456 1152 2518 ad
1170 2459 1314 2517 senatum
1329 2451 1443 2516 allatus
1459 2461 1507 2517 est
1521 2454 1639 2518 nulius.

315 2538 366 2607 45.
387 2545 435 2608 Ab
457 2547 555 2609 altero
576 2546 689 2611 allatam
711 2547 853 2623 litterae,
883 2548 1048 2623 recitatae,
1082 2549 1214 2613 relatum
1244 2546 1284 2610 ad
1314 2552 1469 2610 senatum.
1512 2550 1551 2612 Di
1580 2550 1640 2613 im-

278 2652 306 2701 to
315 2640 480 2706 mortales!
503 2639 577 2704 idne
596 2660 658 2723 ego
680 2648 838 2724 optarem,
860 2648 895 2704 ut
916 2641 1062 2705 inimicus
1084 2662 1174 2705 mous
1197 2660 1251 2715 ea,
1274 2659 1338 2722 qua
1359 2660 1453 2703 neruo
1476 2663 1639 2727 umquam,

315 2733 486 2817 ignominia
516 2738 704 2798 notaretur?
736 2744 771 2800 ut
799 2743 927 2800 senatus
948 2736 993 2809 is,
1025 2736 1080 2818 qui
1103 2736 1136 2798 in
1159 2755 1228 2798 eam
1251 2734 1312 2797 iam
1334 2733 1539 2816 benignitatis
1563 2757 1638 2802 con·
1665 2773 1668 2777 ⁴

314 2827 512 2892 suetudinem
541 2830 646 2904 venit,
679 2836 716 2892 ut
742 2849 814 2904 eos,
847 2829 904 2913 qui
937 2829 1020 2892 bene
1049 2849 1115 2891 rem
1145 2828 1302 2911 publicam
1333 2828 1506 2910 gesserint,
1543 2831 1638 2894 novis

313 2921 486 2986 bonoribus
506 2919 623 2986 alliciat
653 2929 685 2985 et
712 2942 843 2987 numero
865 2923 988 2987 dierum
1016 2932 1047 2986 et
1068 2943 1184 3005 genere
1205 2921 1389 2995 verborum,
1423 2921 1520 2985 buius
1543 2924 1640 2986 unius

314 3014 426 3081 litteris
453 3016 674 3079 nuntiantibus
700 3036 763 3080 non
786 3016 944 3092 crederet,
977 3015 1210 3101 postulantibus
1239 3014 1431 3097 denegaret?
1476 3015 1547 3077 xx.
1580 3016 1640 3079 Mis

277 3123 373 3193 aeego
395 3110 488 3173 rebus
509 3128 638 3192 pascor,
667 3109 717 3173 bis
747 3110 902 3185 delector,
933 3110 983 3173 his
1012 3110 1173 3193 perimor:
1204 3109 1291 3193 quod
1314 3108 1352 3170 de
1374 3107 1462 3171 vobis
1484 3107 1536 3172 bic
1560 3112 1639 3174 ordo

314 3204 461 3287 opinatur
481 3224 546 3267 non
569 3224 659 3267 secus
680 3223 717 3267 ac
739 3202 779 3266 de
801 3204 961 3268 acerrimis
986 3203 1149 3278 hostibus;
1173 3203 1260 3287 quod
1283 3223 1339 3265 vos
1354 3203 1477 3284 equites
1492 3204 1638 3282 Romani,

314 3297 398 3381 quod
414 3299 510 3361 ceteri
524 3297 669 3372 ordines,
692 3296 779 3380 quod
801 3306 914 3361 cuncta
935 3298 1046 3361 civitas
1069 3296 1156 3373 odit3
1179 3295 1266 3380 quod
1288 3315 1380 3358 nemo
1402 3296 1520 3373 bonus,
1543 3319 1638 3364 nemo

313 3389 452 3474 denique
482 3390 559 3453 civis
589 3396 652 3465 est,
686 3392 741 3474 qui
771 3390 864 3453 modo
893 3411 927 3453 se
955 3391 1056 3455 civem
1085 3412 1155 3455 esse
1185 3390 1381 3464 meminerit,
1415 3390 1471 3480 qui
1493 3412 1550 3455 vos
1573 3415 1638 3457 non

313 3483 413 3548 oculis
433 3483 551 3567 fugiat,
579 3485 709 3548 auribus
731 3494 874 3571 respuat,
896 3486 1002 3550 animo
1024 3491 1225 3569 aspernetur,
1255 3484 1472 3548 recordatione
1494 3484 1636 3572 deniqne

275 3576 383 3660 reipsa
404 3577 585 3642 consulatus
606 3581 701 3642 vestri
722 3579 951 3663 perhorrescat.
994 3575 1045 3642 to.
1074 3580 1159 3643 llaec
1181 3600 1239 3661 ego
1262 3598 1387 3661 semper
1409 3575 1448 3641 de
1470 3580 1558 3644 vobis
1581 3600 1638 3645 ex-

311 3671 423 3756 petivi,
445 3671 524 3737 baec
546 3673 668 3758 optavi,
700 3673 780 3738 baec
801 3683 946 3758 precatus
969 3695 1049 3738 sum.
1102 3674 1196 3738 Plura
1217 3673 1311 3737 etiam
1333 3671 1516 3737 acciderunt
1540 3695 1637 3759 quarn

312 3766 436 3830 vellem.
477 3770 557 3831 Nam
578 3776 614 3832 ut
634 3768 818 3832 amitteretis
841 3769 1030 3843 exercitum,
1052 3788 1224 3852 numquam
1245 3767 1375 3831 hercule
1399 3768 1524 3849 optavi:
1557 3769 1638 3833 iilud

312 3861 407 3924 etiam
428 3861 543 3925 accidit
563 3871 687 3948 praeter
709 3871 850 3946 optatum
865 3883 988 3937 meum,
1010 3864 1065 3926 sed
1082 3862 1173 3925 valde
1189 3882 1229 3924 ex
1243 3861 1415 3925 voluntate.
1459 3861 1537 3926 Mihi
1553 3865 1639 3927 enim

311 3973 483 4038 numquam
505 3958 627 4021 veniret
647 3957 680 4019 in
695 3963 833 4020 mentem
852 3954 991 4019 furorem
1007 3966 1038 4022 et
1059 3955 1214 4020 insaniam
1236 3963 1347 4039 optare
1361 3955 1466 4028 robis,
1490 3956 1522 4018 in
1540 3976 1638 4041 quam

274 4047 475 4113 soineidistis.
507 4051 604 4136 Atqui
617 4050 677 4115 fuit
692 4051 873 4135 optandum.
910 4051 961 4113 Me
983 4056 1089 4114 tamen
1109 4049 1233 4132 fugerat
1254 4048 1385 4112 deorum
1407 4049 1635 4113 immortalium

311 4142 369 4206 bas
390 4162 460 4207 esse
480 4144 514 4208 in
535 4145 647 4230 impios
669 4152 701 4208 et
722 4145 954 4209 consceleratos
975 4164 1095 4227 poenas
1118 4143 1316 4206 certissimas.
1358 4142 1464 4205 Nolite
1487 4141 1572 4205 enim
1594 4143 1639 4206 ita

321 4321 400 4336 own„
409 4324 441 4334 ..ι
639 4323 739 4333 ...η-.-
1077 4321 1346 4330 ..ῃ-.η.-...--..-

377 4436 403 4485 2.
421 4434 674 4486 Marcellus--oioit
691 4432 808 4485 habeti
828 4461 855 4469 -
872 4435 964 4484 obrute
980 4446 1034 4484 om.
1053 4430 1131 4484 codd.
1150 4430 1263 4482 Asconii.
1279 4456 1305 4466 -
1325 4429 1349 4480 3.
1364 4430 1432 4493 perit
1449 4429 1496 4480 EF
1513 4432 1541 4480 et
1557 4429 1636 4482 codd.

312 4511 371 4561 Asc.
393 4538 420 4547 -
444 4511 470 4561 in
491 4510 573 4575 gloria
594 4515 617 4561 et
633 4510 707 4560 mode
724 4509 758 4558 V:
785 4510 869 4575 picria
883 4515 907 4560 et
923 4509 997 4559 leude
1013 4509 1047 4566 A:
1073 4507 1152 4572 glorie
1168 4506 1241 4555 mode
1258 4506 1286 4555 C.
1314 4505 1352 4556 Gt.
1372 4504 1472 4555 Wund.
1491 4517 1517 4569 p.
1536 4505 1587 4556 nx.
1606 4532 1635 4542 —
1673 4529 1675 4533 .

312 4584 336 4635 4.
355 4586 469 4637 ilicum.
488 4587 505 4636 S
524 4613 551 4622 -
575 4599 625 4634 non
643 4597 725 4647 pomo
745 4585 789 4634 FS
807 4611 834 4620 -
858 4586 883 4634 5.
901 4581 1080 4639 essedoosV;
1102 4582 1298 4641 ecceduoEF3
1319 4581 1492 4632 ecceduosS.
1521 4581 1638 4634 Faernus

313 4661 468 4710 nominatim
485 4659 527 4710 ille
544 4658 653 4724 quidem
670 4659 733 4710 dicit
749 4659 775 4708 in
792 4658 813 4707 V
830 4656 880 4722 legi
897 4671 947 4708 esse
964 4659 1024 4708 dnos
1040 4659 1075 4721 (v.
1095 4657 1137 4708 ed.
1157 4658 1243 4707 Garat.
1262 4670 1289 4721 p.
1307 4656 1378 4719 338),
1397 4655 1446 4706 sed
1464 4669 1495 4706 er
1513 4658 1638 4707 Garatoni

312 4734 401 4785 adnot.
420 4748 446 4800 p.
464 4734 512 4786 ata
529 4736 618 4784 tomen
635 4734 795 4785 contrariom
812 4734 945 4784 coniicias.
967 4760 994 4770 -
1012 4735 1036 4783 7.
1055 4731 1207 4792 infrenatum
1224 4733 1261 4780 V:
1279 4731 1434 4796 infirmatum
1446 4730 1475 4780 C.
1494 4729 1532 4780 Ci.
1547 4732 1636 4782 Garat.

312 4809 346 4861 nd
363 4810 389 4859 b.
408 4808 424 4860 l.
445 4836 471 4845 -
489 4810 620 4873 fraudium
635 4809 727 4859 EGS:
745 4809 865 4872 frondem
881 4808 1039 4871 Vt‘llFMO.
1065 4806 1138 4858 Illam
1157 4807 1283 4866 formam,
1303 4820 1382 4871 quom
1401 4804 1480 4856 codd.
1499 4807 1591 4870 optimi
1603 4806 1636 4857 de

311 4883 359 4935 on.
378 4886 424 4947 iti,
448 4885 463 4948 s
480 4884 641 4946 rehabam,
664 4885 805 4949 propterea
822 4881 1008 4948 praetulimus,
1031 4882 1103 4946 quod
1125 4883 1255 4932 incertum
1273 4881 1377 4931 videtur
1393 4894 1456 4931 num
1473 4882 1594 4944 [raedam
1610 4885 1637 4934 in

311 4960 440 5011 Vexstet.
454 4988 481 4997 -
499 4961 524 5012 8.
543 4966 570 5010 ut
586 4973 617 5011 eo
633 4973 666 5010 aa
681 4960 729 5010 EF
749 4985 774 4995 -
794 4957 906 5008 omnibns
921 4960 968 5023 (sc.
983 4956 1139 5019 ducibos)V:
1157 4969 1191 5006 ee
1207 4956 1319 5006 minibus
1335 4956 1384 5007 CO
1405 4983 1432 4993 -
1451 4956 1475 5005 9.
1493 4956 1638 5006 animm--

310 5035 419 5087 litteram
434 5036 468 5085 V:
487 5036 723 5086 ardior--lttteroa
740 5035 774 5094 C:
802 5033 835 5084 ci.
854 5046 896 5097 ep.
915 5034 949 5084 ad
971 5033 1042 5083 Fam.
1061 5033 1095 5094 ΙΙ,
1113 5033 1153 5092 47,
1172 5032 1195 5080 6.
1218 5057 1243 5066 -
1268 5029 1468 5081 samsonem
1490 5033 1634 5083 Manutius:

310 5109 397 5165 absens
413 5109 490 5160 codd.
510 5110 577 5171 noti;
596 5110 680 5160 miens
695 5110 763 5159 coni.
776 5110 918 5172 bouyerus
936 5108 962 5157 in
979 5108 1074 5157 diesen
1094 5109 1123 5158 de
1140 5120 1177 5156 or.
1192 5106 1298 5156 Sullano
1315 5119 1340 5170 p.
1354 5105 1386 5156 ii
1404 5106 1495 5169 (Lond.
1509 5106 1593 5170 4746.)
1607 5135 1633 5143 -

310 5189 346 5235 est
360 5184 396 5233 V:
415 5198 468 5236 om.
481 5187 514 5246 E;
531 5186 563 5235 sit
580 5185 622 5235 VS
636 5210 662 5221 -
682 5185 713 5234 iis
729 5185 787 5233 S-
806 5185 846 5235 43.
864 5189 888 5234 et
903 5197 936 5234 ec
952 5184 1015 5234 eali
1029 5212 1056 5221 -
1076 5183 1115 5235 tl.
1128 5183 1225 5234 relatae
1240 5183 1275 5232 cd
1291 5179 1440 5232 Esolns-
1461 5183 1501 5231 45.
1519 5182 1577 5233 idne
1592 5195 1637 5248 epo

310 5260 445 5323 optarem?
462 5262 530 5312 coni.
548 5262 677 5311 Garatoni.
698 5287 725 5295 -
748 5264 777 5310 et
793 5273 846 5311 om.
865 5262 882 5310 S
901 5287 928 5296 —
948 5260 987 5310 46.
1007 5259 1060 5310 inm
1076 5272 1130 5310 om.
1148 5258 1171 5307 V
1190 5284 1216 5293 -
1245 5259 1284 5308 47.
1302 5262 1428 5321 gesserunt
1445 5260 1466 5308 G
1484 5283 1511 5293 -
1530 5258 1572 5308 99.
1587 5273 1637 5322 pro

309 5336 377 5387 vobis
394 5338 411 5387 Ι·’
430 5365 457 5373 -
475 5338 516 5387 st.
534 5350 565 5386 oc
581 5337 611 5386 de
626 5336 756 5386 scarrione
770 5335 807 5385 V:
827 5349 858 5386 cc
873 5336 1012 5386 acerrimis
1029 5335 1125 5394 EGM;
1144 5347 1175 5383 ac
1191 5334 1221 5383 de
1237 5333 1375 5382 deterrimis
1392 5333 1448 5393 FS;
1467 5347 1498 5383 nc
1515 5333 1544 5383 de
1560 5338 1637 5384 teter-

310 5412 381 5462 rimis
397 5413 425 5462 0.
444 5412 483 5463 Cl.
502 5412 517 5475 S
534 5411 575 5464 84.
596 5439 623 5449 -
641 5410 683 5462 il.
701 5410 872 5461 recordatione
888 5411 981 5472 dipsa
999 5409 1092 5459 VMS:
1111 5408 1307 5458 recordationem
1320 5409 1344 5456 d.
1356 5407 1437 5469 ipram
1454 5407 1544 5468 Ero,
1564 5409 1636 5472 quod

311 5488 427 5554 praeteri
449 5489 533 5548 Bake,
555 5487 596 5537 cui
618 5485 750 5537 ablativos
769 5487 914 5550 improprie
927 5486 956 5548 (i)
974 5483 1059 5534 dictus
1076 5482 1189 5534 videtur.
1210 5473 1238 5519 -'-
1266 5483 1307 5533 27.
1325 5483 1423 5533 mcum
1439 5481 1475 5531 V:
1501 5483 1637 5534 mehercule

312 5563 362 5614 CO
380 5589 408 5599 -
426 5563 467 5613 29.
485 5574 623 5623 emnqucm
639 5562 675 5610 V:
694 5573 748 5611 om.
767 5561 847 5614 EVM
858 5562 916 5620 PS;
934 5575 952 5610 n
968 5561 1027 5624 (pro
1044 5554 1086 5621 rit)
1100 5561 1119 5609 G
1134 5586 1160 5596 -
1179 5564 1282 5610 emeat
1298 5559 1327 5618 S,
1347 5559 1375 5607 ut
1387 5557 1527 5606 Garatonio
1544 5556 1637 5622 tagen-

312 5637 376 5688 dum
393 5636 509 5697 videtum
526 5636 689 5703 probabilius
710 5636 840 5701 estquod
856 5637 950 5688 Belius
968 5634 1001 5685 ad
1020 5636 1074 5684 Cic.
1093 5634 1126 5684 de
1144 5635 1222 5698 Legg.
1241 5648 1266 5699 p.
1286 5631 1334 5684 5l5
1351 5633 1480 5682 coniecit:
1498 5646 1637 5695 nmnqnnm

310 5712 376 5764 omit
393 5715 444 5763 cet.
466 5738 492 5748 —
517 5714 557 5765 99.
576 5715 627 5765 Nec
646 5727 686 5764 me
704 5717 787 5762 mmm
804 5713 871 5763 coni.
890 5713 969 5763 Bake.
990 5736 1017 5746 -
1039 5711 1080 5761 34.
1098 5711 1247 5760 certisss’rncs
1263 5708 1299 5758 V:
1322 5707 1472 5759 eertimmos
1492 5708 1638 5758 constanter

314 5789 372 5840 CO.
395 5787 531 5842 Glossema
548 5788 619 5842 solus
636 5790 752 5840 Faernus
769 5785 881 5847 abiecit,
901 5798 1063 5851 quamquam
1080 5787 1191 5851 apparel
1210 5786 1237 5836 in
1254 5783 1367 5836 lectione
1383 5780 1454 5846 vulg.
1473 5781 1505 5832 oo
1522 5782 1560 5831 dir
1575 5796 1638 5833 coo-

312 5865 412 5918 :mmm
427 5864 570 5922 dicendum
586 5865 681 5929 tunsa,
699 5864 729 5913 ot
746 5864 787 5915 est
802 5876 829 5927 p.
848 5861 905 5926 949,
924 5862 948 5915 6.
968 5887 995 5898 -
1014 5861 1052 5914 tto
1068 5862 1103 5911 V:
1123 5874 1177 5911 om.
1196 5861 1256 5913 CO.
