3800 7350
311 1210 393 1278 lost
740 1214 891 1281 ORATIO
913 1217 955 1281 Ill
976 1215 1013 1281 L.
1034 1214 1212 1298 PISONEM

310 1383 524 1448 obscurissimi
554 1379 672 1447 reditus
700 1404 849 1469 umquam
876 1385 973 1449 inerit
994 1384 1158 1450 desertior.
1202 1385 1238 1448 ln
1260 1404 1324 1468 quo
1346 1403 1396 1447 me
1418 1391 1540 1460 tamen,
1573 1385 1629 1467 qui

310 1488 393 1544 esset
414 1486 541 1562 paratus
571 1479 611 1541 ad
641 1498 674 1541 se
703 1478 954 1555 defendendum,
986 1480 1198 1564 reprehendit.
1251 1479 1327 1543 Cum
1350 1498 1408 1561 ego
1431 1499 1505 1541 eum
1528 1478 1630 1542 Caeli·

309 1582 460 1636 montana
473 1571 622 1635 introisse
636 1571 806 1647 dixissem,
829 1575 998 1658 sponsione
1013 1594 1083 1649 me,
1105 1573 1138 1635 ni
1152 1573 1318 1657 Esquilina
1333 1573 1509 1645 introisset,
1531 1572 1629 1634 bomo

309 1676 471 1752 promptus
492 1666 668 1729 lacessivit:
706 1668 797 1750 quasi
818 1688 894 1731 vero
915 1664 948 1730 id
971 1676 1025 1731 aut
1047 1687 1105 1750 ego
1129 1668 1208 1730 scire
1230 1665 1391 1729 debuerim
1414 1673 1468 1728 aut
1488 1674 1630 1729 vestrum

286 1761 478 1846 equisquam
499 1759 633 1823 audierit
654 1768 708 1823 aut
729 1760 769 1823 ad
791 1781 858 1824 rem
879 1763 1052 1844 pertineat,
1081 1769 1199 1844 quatu
1220 1768 1311 1845 porta
1331 1759 1510 1835 introieris,
1533 1759 1629 1822 modo

308 1876 350 1919 ne
364 1852 563 1937 triumphali,
585 1873 667 1937 quae
689 1862 780 1937 porta
795 1855 1007 1919 Macedonicis
1029 1875 1155 1938 semper
1176 1852 1359 1920 consulibus
1381 1862 1453 1916 ante
1469 1862 1500 1917 te
1515 1855 1629 1936 patuit.

308 1951 356 2014 'lu
383 1950 531 2012 inventus
560 1967 612 2022 es,
644 1948 699 2033 qui
730 1948 887 2013 consulari
922 1949 1056 2033 imperio
1090 1949 1252 2032 praeditus
1282 1968 1322 2011 ex
1350 1947 1536 2011 Macedonia
1563 1968 1630 2011 non

306 2042 528 2127 triumphares.

390 2137 505 2200 XXIV.
527 2133 578 2199 56.
600 2136 641 2200 llt
654 2136 803 2210 audistis,
825 2143 930 2220 patres
946 2137 1133 2221 conscripti,
1155 2135 1336 2220 philosophi
1351 2157 1477 2201 rocem:
1501 2137 1632 2219 negavit

270 2245 297 2292 to
306 2251 341 2295 se
369 2230 521 2313 triumphi
549 2229 699 2312 cupidum
727 2249 877 2314 umquam
907 2230 1015 2295 luisse.
1060 2230 1086 2294 0
1117 2230 1238 2305 scelus,
1272 2250 1292 2293 o
1321 2231 1434 2314 pestis,
1470 2252 1489 2295 o
1519 2231 1628 2295 labesl

307 2326 384 2389 Cum
407 2324 632 2407 exstinguebus
655 2332 812 2398 senatum,
843 2324 1002 2388 vendebas
1024 2325 1240 2388 auctoritatem
1262 2322 1358 2388 buius
1380 2326 1517 2401 ordinis,
1539 2326 1630 2389 addi·

306 2419 398 2483 cebas
419 2419 546 2483 tribuno
568 2418 611 2501 pl.
634 2418 832 2482 consulatum
853 2426 961 2494 tuum,
996 2418 1240 2502 rempublicam
1263 2420 1442 2494 evertebas,
1471 2419 1628 2502 prodebas

305 2519 401 2595 caput
421 2519 453 2574 et
474 2511 607 2576 salutem
629 2532 731 2575 meam
753 2512 897 2575 mercede
916 2513 1114 2597 provinciae:
1136 2514 1163 2576 si
1178 2513 1371 2597 triumphum
1386 2532 1451 2576 non
1467 2514 1628 2598 cupiebas,

305 2605 395 2669 cuius
417 2606 544 2668 tandem
565 2614 597 2669 te
619 2607 665 2670 rei
687 2606 858 2689 cupiditate
880 2608 994 2670 arsisse
1017 2606 1193 2670 defendes?
1231 2608 1331 2691 Saepe
1353 2608 1436 2670 enim
1459 2608 1542 2683 vidi,
1570 2610 1626 2693 qui

268 2705 336 2762 teet
365 2696 442 2760 mibi
474 2706 506 2762 et
534 2700 646 2763 ceteris
676 2699 856 2781 cupidiores
885 2700 1067 2783 provinciae
1088 2701 1287 2775 viderentur,
1316 2700 1468 2784 triumphi
1498 2705 1626 2767 nomine

303 2800 410 2878 tegere
443 2799 539 2877 atque
567 2793 669 2857 celare
699 2793 899 2877 cupiditatem
928 2814 1027 2857 suam.
1076 2794 1145 2858 lloc
1166 2793 1204 2857 D.
1228 2794 1354 2857 Silanus
1376 2796 1489 2860 consul
1510 2798 1542 2860 in
1565 2797 1627 2861 boc

303 2887 431 2962 ordine,
458 2886 519 2950 boc
541 2905 629 2951 meus
651 2886 746 2950 etiam
768 2887 888 2971 collega
909 2887 1045 2952 dicebat.
1086 2889 1199 2973 Neque
1221 2888 1307 2951 enim
1321 2888 1498 2974 'quisquam
1519 2897 1627 2973 potest

304 2981 477 3046 exercitum
499 2999 613 3064 cupere
635 2989 808 3065 aperteque
829 2990 953 3065 petere,
974 2989 1012 3045 ut
1030 3002 1094 3046 non
1111 2990 1274 3065 praetexat
1289 2982 1493 3065 cupiditatem
1516 2982 1627 3046 trium-

302 3077 367 3162 phi.
409 3074 460 3139 57.
491 3073 583 3151 Quod
606 3073 633 3137 si
654 3082 686 3137 te
708 3081 837 3137 senatus
858 3075 1059 3160 populusque
1082 3078 1243 3140 Romanus
1264 3082 1404 3139 autnon
1425 3086 1626 3161 appetentem

266 3180 358 3236 naut
386 3170 480 3234 etiam
516 3175 712 3231 recusantem
741 3167 861 3232 bellum
891 3169 1066 3252 suscipere,
1106 3170 1279 3234 exercitum
1310 3168 1425 3234 ducere
1453 3170 1625 3253 coegisset,

302 3272 407 3327 tamen
435 3271 502 3327 erat
527 3262 652 3345 angusti
681 3262 779 3325 animi
808 3270 902 3346 atque
925 3263 1052 3327 demissi
1074 3264 1149 3328 iusti
1172 3262 1323 3346 triumphi
1345 3262 1499 3327 bonorem
1522 3264 1626 3347 digni-

303 3365 461 3442 tatemque
484 3364 694 3420 contemnere.
738 3358 816 3418 Nam
844 3363 880 3419 ut
907 3355 1043 3420 levitatis
1073 3364 1122 3419 est
1141 3360 1267 3420 inanem
1291 3358 1441 3441 aucupari
1463 3377 1623 3421 rumorem

303 3460 335 3516 et
354 3467 465 3515 omnes
495 3450 621 3514 umbras
651 3452 743 3513 etiam
771 3448 868 3512 salsae
897 3449 1016 3533 gloriae
1038 3450 1230 3525 consectari,
1263 3451 1309 3513 sic
1332 3458 1379 3514 est
1400 3450 1497 3514 animi
1521 3450 1622 3513 lucem

302 3544 567 3630 splendoremque
594 3543 745 3627 fugientis
774 3544 888 3606 iustam
910 3543 1058 3628 gloriam,
1091 3545 1146 3629 qui
1169 3552 1218 3607 est
1237 3544 1356 3608 fructus
1378 3564 1471 3609 verae
1493 3546 1621 3609 virtutis

265 3638 558 3713 sabonestissimus,
590 3636 766 3722 repudiare.
821 3635 899 3700 Cum
929 3656 1092 3702 veronen
1114 3637 1207 3703 modo
1229 3657 1293 3702 non
1319 3637 1499 3722 postulante
1523 3647 1621 3725 atque

302 3739 451 3818 cogente,
473 3730 528 3795 sed
550 3732 650 3795 invito
672 3739 768 3815 atque
790 3749 942 3814 oppresso
965 3740 1092 3807 senatu,
1114 3753 1179 3796 non
1201 3732 1294 3796 modo
1316 3734 1404 3796 nullo
1426 3734 1538 3818 populi
1559 3734 1622 3798 lio·

301 3827 386 3892 mani
416 3825 537 3901 studio,
573 3825 628 3890 sed
658 3825 746 3889 nullo
773 3824 895 3889 ferente
931 3828 1113 3910 suffragium
1148 3826 1247 3890 libero
1283 3827 1447 3908 provincia
1475 3828 1532 3891 tibi
1561 3827 1623 3891 ista

301 3919 534 4005 manupretium
555 3911 650 3983 luerit
670 3940 735 3983 non
756 3939 885 3983 eversae
906 3936 965 4003 per
985 3928 1032 3997 te,
1060 3921 1117 3985 sed
1137 3919 1280 4004 perditae
1304 3920 1458 3995 civitatis,
1486 3940 1622 4006 cumque

301 4016 441 4080 omnium
469 4021 595 4078 tuorum
616 4014 770 4078 scelerum
791 4015 870 4078 baec
892 4016 996 4099 pactio
1019 4015 1191 4089 exstiterit,
1225 4022 1273 4088 ut,
1308 4015 1335 4077 si
1365 4022 1399 4076 tu
1429 4023 1526 4080 totam
1553 4036 1621 4079 rem

263 4109 458 4193 sopublicam
487 4108 615 4171 nefariis
646 4108 821 4171 latronibus
854 4108 1050 4183 tradidisses,
1083 4108 1270 4172 Macedonia
1298 4108 1354 4171 tibi
1385 4110 1426 4171 ob
1455 4129 1524 4172 eam
1556 4128 1622 4171 rem

301 4203 416 4287 quibus
448 4210 482 4264 tu
511 4203 608 4267 velles
639 4200 753 4266 linibus
781 4202 979 4279 traderetur;
1016 4224 1087 4267 cum
1110 4203 1316 4266 exhauriebas
1342 4204 1512 4277 aerarium,
1549 4223 1622 4265 cum

301 4296 433 4361 orbabas
455 4296 576 4361 Italiam
598 4297 778 4370 inventute,
812 4317 884 4360 cum
906 4317 992 4362 mare
1013 4297 1227 4363 vastissimum
1249 4295 1354 4360 bieme
1384 4297 1558 4360 transibam
1593 4297 1621 4359 si

1423 4499 1621 4510 —.—-—..-

364 4633 389 4686 2.
408 4647 464 4685 eom
480 4647 533 4685 om.
553 4635 572 4685 c
589 4634 678 4700 (Quen
693 4645 738 4698 ego
754 4646 811 4684 cren
826 4634 905 4698 Bake)
923 4659 951 4671 -
974 4634 1020 4685 ceti
1039 4639 1160 4685 metuam
1172 4635 1287 4698 ponec
1308 4661 1334 4672 -
1354 4634 1378 4685 3.
1395 4636 1524 4698 innuens
1539 4649 1579 4687 me
1594 4636 1622 4686 nt

300 4707 336 4760 V:
362 4710 518 4773 responsione
540 4710 674 4773 (responsio
691 4710 717 4771 F)
743 4723 782 4760 me
803 4710 886 4760 menie
903 4709 1021 4770 EFGP;
1047 4709 1204 4773 responsione
1218 4722 1258 4761 me
1272 4708 1317 4759 oio
1333 4710 1350 4758 S
1368 4735 1395 4744 -
1423 4709 1536 4760 introisse
1551 4711 1572 4760 E
1590 4736 1617 4746 -

300 4783 326 4837 i.
341 4789 471 4847 prornptns
486 4783 522 4833 V:
539 4785 738 4847 promptissimos
754 4785 773 4835 c
793 4810 821 4819 -
839 4785 864 4833 5.
882 4784 1014 4846 moenem
1030 4783 1064 4832 V:
1084 4785 1208 4848 quispiam
1225 4785 1285 4835 (1-
1304 4788 1350 4834 ont
1365 4784 1501 4849 quidquam
1517 4785 1551 4836 cd
1567 4798 1621 4836 rem

300 4858 392 4912 hamb.
412 4861 438 4910 in
455 4872 539 4923 marg.
559 4885 586 4897 -
606 4860 630 4911 6.
648 4862 717 4924 Quae
731 4866 807 4924 perte
817 4860 957 4921 --petott
976 4873 1007 4909 ee
1023 4864 1051 4909 tn
1066 4860 1179 4911 incentor
1194 4873 1231 4921 es,
1250 4860 1293 4923 qni
1303 4886 1341 4897 -·
1352 4874 1402 4910 non
1417 4860 1534 4910 introires
1549 4861 1618 4911 coni.

299 4932 379 4987 Bake.
400 4962 426 4971 -
450 4934 589 4986 comnibus
603 4936 670 4987 VC:
690 4935 878 4999 praenuntios
894 4935 928 4995 03
954 4933 988 4985 cl.
1006 4936 1092 4986 Garat.
1112 4933 1189 4986 adh.
1208 4933 1225 4986 l.
1246 4961 1273 4972 -
1299 4939 1326 4985 to
1340 4946 1407 4985 unns
1421 4935 1535 4986 incenati
1550 4936 1619 4985 cent.

300 5007 386 5062 Orelli.
406 5036 433 5046 -
457 5009 497 5060 te.
515 5011 626 5062 mercede
640 5011 664 5059 V
685 5024 726 5076 pr.
744 5024 795 5062 m.:
816 5023 870 5060 nnc
890 5009 1001 5059 mercede
1016 5009 1039 5059 V
1055 5022 1114 5075 sup.
1132 5008 1188 5072 lin.,
1208 5011 1256 5061 CO
1279 5036 1307 5045 -
1335 5008 1375 5061 tt.
1394 5015 1417 5062 te
1432 5010 1469 5059 rei
1485 5009 1520 5059 V:
1543 5011 1581 5060 ret
1597 5013 1622 5059 te

300 5085 349 5137 CO
367 5081 424 5148 (sed
441 5096 494 5134 om.
514 5087 535 5134 G
551 5085 581 5147 te)
601 5112 629 5122 -
650 5085 688 5136 to.
706 5085 788 5136 celere
803 5084 839 5133 V:
861 5083 945 5134 vetem
961 5084 1011 5135 CO
1029 5111 1057 5120 -
1082 5085 1127 5136 noc
1143 5085 1238 5136 domet
1254 5085 1355 5136 socen
1371 5085 1408 5145 νς
1431 5085 1477 5134 noc
1492 5083 1565 5134 nodo
1581 5084 1621 5134 di-

299 5161 378 5210 ctrnos
393 5160 488 5210 mnes
504 5160 539 5219 133
556 5161 602 5211 boc
616 5161 689 5211 medo
705 5163 738 5212 D.
756 5161 866 5223 ndentes
883 5160 914 5219 S;
931 5160 977 5209 boc
991 5172 1043 5210 non
1059 5160 1167 5211 Demos
1182 5161 1284 5223 antem
1301 5161 1332 5219 F?
1349 5160 1395 5210 boc
1410 5158 1620 5209 nocensne

298 5248 346 5285 nns
362 5235 391 5286 O.
413 5235 466 5285 «Ex
482 5232 561 5284 Sinni
577 5235 749 5299 praenomine
766 5237 799 5286 D.
811 5234 924 5285 verbum
941 5234 1037 5284 dedat
1053 5238 1173 5287 exortum
1189 5238 1254 5301 puto
1264 5247 1413 5300 vocemque
1423 5227 1497 5283 modo
1507 5230 1621 5283 libenter

299 5308 390 5369 deleo;
409 5322 478 5374 quae
495 5311 552 5359 tum
568 5308 682 5373 glossam
699 5313 779 5377 sapit,
798 5311 873 5375 quasi
889 5311 935 5360 noc
950 5312 1023 5361 medo
1038 5323 1088 5374 pro
1104 5311 1142 5360 ito
1158 5311 1273 5374 positum
1290 5309 1382 5371 luerit,
1400 5311 1457 5359 tum
1469 5307 1502 5357 ad
1515 5312 1620 5372 tempus

298 5383 394 5445 relata,
411 5384 450 5434 uti
466 5381 560 5445 debet,
579 5396 666 5448 neque
683 5386 832 5437 necessarie
850 5388 892 5438 est
908 5399 995 5451 neque
1007 5389 1164 5452 opportuna,
1183 5399 1245 5437 cum
1258 5384 1360 5437 Silanus
1375 5397 1444 5435 anno
1456 5384 1509 5433 iam
1521 5382 1619 5434 Dcxct

299 5457 465 5511 consulatum
482 5457 633 5520 gessisset.»
652 5460 786 5510 Gsmrom.
806 5486 832 5495 -
854 5461 893 5510 49.
911 5460 1053 5511 seneth.
1071 5460 1099 5510 a.
1112 5460 1143 5523 V,
1162 5458 1232 5510 unde
1245 5461 1374 5510 Faernus:
1393 5464 1505 5519 secutae,
1524 5458 1618 5521 stpop.

298 5534 343 5586 llo.
363 5561 390 5571 -
408 5534 450 5583 st.
468 5531 597 5582 dirnitaic
617 5559 645 5570 -
663 5534 721 5583 iusti
736 5535 772 5583 V:
790 5535 851 5585 tressi
866 5536 959 5595 EGP3
979 5548 1031 5586 om.
1052 5535 1095 5587 FS
1113 5562 1140 5571 -
1159 5537 1352 5600 dignitatesque
1366 5534 1403 5584 V:
1421 5539 1496 5597 atque
1513 5534 1620 5598 dignito·

299 5608 384 5660 teme
405 5635 432 5644 -
449 5606 491 5658 23.
510 5612 534 5657 et
548 5606 584 5656 V:
602 5609 666 5658 etc
686 5635 714 5646 -
732 5610 874 5662 mnnDVC
889 5635 916 5648 -
934 5612 971 5660 sic
986 5615 1021 5662 est
1037 5611 1117 5661 enimi
1135 5611 1292 5662 Lambinus:
1311 5610 1346 5660 sic
1362 5614 1397 5661 est
1412 5608 1617 5665 Donanimtsv;

298 5683 334 5734 sic
349 5683 409 5734 bois
423 5687 459 5733 ert
474 5681 553 5732 aneni
573 5681 623 5733 CO
647 5696 709 5735 cum
726 5685 859 5737 commate
882 5687 943 5751 post
958 5685 1051 5746 onini3
1078 5685 1110 5736 cl.
1128 5683 1226 5737 Wund.
1244 5697 1271 5751 p.
1290 5684 1352 5735 LIV.
1372 5710 1399 5721 —
1419 5685 1460 5735 28.
1479 5684 1521 5735 sed
1537 5684 1571 5736 C:
1596 5688 1619 5734 et

297 5756 330 5821 V,
347 5757 419 5810 unde
436 5754 608 5824 probabiliter
624 5758 753 5810 Faernus:
772 5760 849 5824 pient
864 5773 963 5814 eoerm
975 5774 1024 5825 per
1039 5765 1062 5811 ts
1077 5765 1101 5811 et
1114 5761 1228 5823 pedone
1245 5785 1273 5795 —
1287 5759 1404 5822 proditae
1420 5757 1568 5810 Turnebus.
1588 5785 1615 5794 -

299 5832 341 5884 at.
357 5833 431 5885 oetier
444 5833 535 5900 flabro
549 5831 586 5883 V:
602 5832 693 5898 noes
706 5834 779 5886 oetier
795 5835 885 5887 CO·-
904 5837 1047 5888 amentur
1062 5837 1192 5887 Faernus:
1209 5835 1414 5896 ntmdener3
1432 5841 1461 5887 ot
1476 5837 1619 5888 erasmae

300 5907 586 5972 scommatum
602 5911 652 5964 co
669 5935 698 5950 -
716 5910 965 5976 ornnem
987 5909 1368 5974 mendacemiam,
1391 5909 1489 5976 enac..
1512 5909 1617 5976 aqua
