3800 7350
689 1175 955 1241 caux-xo
981 1170 1197 1259 ssu-er.
1521 1170 1604 1237 tior

281 1346 356 1411 huic
376 1345 461 1410 loris
483 1345 593 1429 optimi
614 1344 745 1409 maximi
763 1345 942 1430 ceterisque
956 1345 1089 1410 deorum
1109 1342 1335 1409 immortalium
1356 1343 1496 1428 templis,
1517 1346 1606 1410 urbis

281 1441 388 1516 tectis,
418 1439 553 1503 libertati
579 1438 691 1523 populi
720 1440 869 1515 llomani,
897 1445 1024 1504 nostrae
1053 1439 1137 1502 vitae
1166 1436 1378 1521 sanguinique
1406 1438 1606 1502 imminentes

281 1534 467 1619 prostravit,
493 1530 591 1608 ludit,
618 1533 750 1609 oceidit,
779 1541 815 1597 ut
842 1554 913 1598 cum
935 1533 1106 1597 admodum
1128 1533 1236 1616 paucis
1258 1540 1353 1595 nocte
1374 1539 1493 1607 tectus,
1522 1539 1608 1595 metu

279 1629 482 1713 perterritus,
504 1627 652 1711 princeps
672 1626 831 1690 lamonum
853 1626 983 1711 duxque
1004 1625 1132 1709 fugerit.
1168 1624 1194 1688 0
1219 1625 1319 1689 solem
1340 1625 1445 1708 ipsum
1463 1627 1608 1690 beatissi-

283 1744 381 1798 mum,
409 1723 480 1808 qui,
506 1729 676 1805 autequam
698 1740 733 1784 se
755 1718 902 1794 abderet,
933 1719 1039 1783 stratis
1061 1718 1268 1783 cadaveribus
1288 1719 1513 1803 parricidarum
1535 1733 1633 1784 eume

282 1818 391 1900 paucis
414 1815 587 1899 fugientem
608 1813 688 1880 vidit
708 1812 899 1878 Antoniuml
943 1810 995 1874 28.
1016 1813 1065 1876 An
1088 1832 1165 1876 vero
1187 1812 1354 1896 quisquam
1376 1812 1532 1877 dubitabit
1552 1832 1609 1897 ap—

282 1910 401 1994 pellare
424 1910 590 1974 Caesarem
612 1910 858 1990 imperatorem?
890 1907 987 1970 Aetas
1008 1908 1076 1969 eius
1098 1913 1182 1970 certe
1204 1905 1244 1969 ab
1265 1905 1324 1969 bae
1338 1906 1495 1970 sententia
1509 1908 1609 1971 nemi·

282 2024 356 2067 nem
371 2003 553 2077 deterrebit,
568 2001 696 2087 quaudo
712 1999 840 2085 quidem
855 2000 972 2063 virtute
986 2001 1147 2083 superavit
1159 2007 1304 2064 nentem.
1332 2002 1378 2063 Ac
1392 1999 1469 2063 mibi
1484 2020 1610 2083 semper

283 2118 322 2162 eo
349 2098 469 2161 maiora
497 2092 651 2160 beneficia
683 2093 716 2157 C.
739 2093 883 2158 Caesaris
908 2094 976 2158 visa
1002 2102 1091 2169 suut,
1123 2114 1188 2179 quo
1211 2093 1316 2158 minus
1337 2101 1426 2157 eraut
1447 2095 1487 2159 ab
1508 2103 1610 2160 aetate

283 2191 337 2255 illa
358 2190 563 2277 postulanda:
586 2189 637 2252 cui
659 2208 731 2252 cum
752 2188 920 2272 imperium
936 2187 1105 2263 dabamus,
1127 2188 1238 2253 eodem
1256 2195 1398 2270 tempore
1412 2190 1507 2252 etiam
1521 2201 1649 2275 spemto

284 2286 351 2349 eius
379 2285 517 2350 nominis
539 2282 779 2354 deserebamus3
810 2280 989 2365 quodcum
1012 2288 1062 2346 est
1082 2287 1289 2355 consecutus,
1315 2282 1533 2345 auctoritatem
1555 2282 1611 2347 de·

285 2379 362 2443 creti
385 2379 484 2443 nostri
513 2378 606 2441 rebus
628 2376 725 2459 gestis
748 2375 814 2440 suis
835 2375 1063 2457 comprobarit.
1099 2374 1158 2438 llio
1181 2395 1256 2457 ergo
1277 2373 1463 2438 adolescens
1484 2376 1613 2440 maximi

284 2474 396 2547 animi,
426 2480 461 2536 ot
488 2471 652 2536 verissime
683 2469 792 2532 scribit
820 2470 958 2543 llirtius,
990 2476 1092 2532 casim
1119 2467 1288 2531 multarum
1318 2467 1478 2549 legionum
1501 2468 1612 2551 paucis

284 2566 468 2630 cohortibus
489 2572 609 2629 tutatus
631 2572 680 2627 est
701 2562 939 2647 secundumque
961 2562 1119 2645 proelium
1141 2560 1226 2624 lecit
1262 2561 1309 2624 lta
1330 2562 1424 2624 trium
1444 2561 1613 2644 imperato-

284 2680 352 2723 rum
382 2660 512 2734 virtute,
541 2657 695 2731 consilio,
724 2656 874 2721 felicitate
899 2676 964 2720 uno
995 2656 1047 2719 die
1075 2654 1156 2718 locis
1177 2654 1322 2737 pluribus
1343 2675 1394 2718 res
1415 2655 1544 2738 publica
1565 2665 1651 2720 estse

284 2758 477 2816 conservata.
520 2753 576 2814 xl.
598 2748 648 2814 29.
670 2753 815 2815 Decemo
844 2751 941 2834 igitur
968 2770 1077 2814 eorum
1106 2748 1201 2812 trium
1230 2748 1361 2812 nomine
1382 2749 1613 2833 quinquaginta

284 2847 408 2910 dierum
439 2846 704 2930 supplicationes:
737 2864 865 2920 causas,
897 2852 935 2908 ut
967 2841 1294 2909 honorificentissimis
1324 2843 1429 2907 verbis
1458 2843 1612 2927 consequi

283 2948 434 3023 potuero,
457 2939 649 3023 complectar
669 2939 738 3023 ipsa
759 2937 927 3003 sententia.

367 3036 425 3099 list
449 3042 555 3098 autem
586 3030 660 3097 lidei
690 3034 880 3116 pietatisque
909 3040 1035 3096 oostme
1065 3030 1225 3095 declarare
1250 3029 1431 3095 fortissimis
1461 3031 1612 3095 militibus

285 3148 379 3213 quam
405 3148 561 3193 memores
591 3129 689 3191 simus
718 3146 879 3211 quamque
907 3125 998 3209 grati.
1042 3125 1145 3201 Quam
1170 3125 1211 3188 ob
1239 3144 1306 3188 rem
1328 3125 1483 3209 promissa
1505 3133 1651 3189 nostrane

284 3230 377 3306 atque
409 3242 462 3298 ea,
491 3241 573 3306 quae
604 3221 782 3304 legionibus
809 3220 893 3284 bello
924 3219 1068 3283 contecto
1101 3218 1273 3283 tributuros
1294 3238 1352 3282 nos
1374 3220 1613 3302 spopondimus,

284 3315 440 3380 hodierno
463 3321 591 3380 senatus
613 3314 756 3378 consulto
778 3312 961 3377 renovanda
982 3332 1116 3388 censeo;
1137 3332 1277 3397 aequum
1299 3319 1349 3375 est
1365 3313 1451 3377 enim
1466 3312 1613 3388 militum,

285 3410 395 3473 talium
422 3408 621 3493 praesertim,
648 3406 801 3471 honorem
831 3407 989 3489 coniungi.
1032 3403 1083 3469 30.
1104 3407 1210 3490 Atque
1238 3408 1374 3480 utinam,
1407 3413 1512 3490 patres
1537 3428 1614 3471 oon-

285 3503 411 3587 scripti,
440 3502 560 3568 civibus
592 3501 738 3564 omnibus
761 3501 884 3565 solvere
907 3501 1000 3563 uobis
1022 3500 1163 3583 praemia
1185 3499 1312 3564 liceretl
1342 3518 1533 3585 quamquam
1555 3522 1613 3565 nos

285 3616 339 3671 ea,
361 3609 443 3681 quae
466 3595 685 3681 promisimus,
714 3595 854 3659 studiose
877 3593 1035 3657 cumulata
1056 3594 1237 3659 reddemus.
1274 3596 1337 3660 Sed
1360 3595 1393 3660 id
1414 3596 1543 3682 quidem
1564 3605 1652 3663 re-tt
1704 3619 1707 3624 ·

285 3698 364 3765 stat,
384 3696 421 3754 ut
441 3709 551 3772 spero,
572 3689 760 3763 victoribus,
782 3691 898 3775 quibus
921 3696 1049 3752 senatus
1070 3686 1149 3754 fides
1171 3691 1400 3774 praestabitur:
1423 3711 1519 3775 quam
1534 3713 1614 3777 quo-

285 3785 372 3849 niam
394 3781 579 3848 difficillimo
609 3783 655 3845 rei
677 3782 822 3867 publicae
843 3790 984 3866 tempore
1006 3784 1108 3847 secuti
1130 3793 1222 3861 sunt,
1248 3805 1303 3850 eos
1324 3804 1497 3869 numquam
1520 3806 1615 3870 opor-

285 3878 365 3941 tebit
386 3876 511 3940 consilii
533 3877 580 3939 sui
603 3877 775 3959 paenitere.
812 3877 874 3939 Sed
896 3876 988 3940 laoile
1010 3884 1059 3940 est
1079 3878 1162 3941 bene
1176 3898 1271 3961 agere
1285 3899 1356 3942 cum
1374 3878 1443 3954 bis,
1464 3881 1614 3963 aquibus

286 3972 380 4035 etiam
402 3969 581 4033 tacentibus
602 3970 736 4052 flagitari
756 3969 916 4033 videmur:
944 3969 1024 4034 illud
1050 3970 1264 4036 admirabilius
1286 3981 1318 4036 et
1338 3973 1441 4036 maius
1462 3975 1615 4038 maxime·

289 4084 352 4148 que
374 4062 534 4148 proprium
558 4071 685 4126 senatus
707 4063 859 4145 sapientis
882 4069 1054 4151 est,·grata
1075 4084 1185 4127 eorum
1200 4065 1347 4149 virtutem
1370 4066 1521 4131 memoria
1540 4076 1652 4152 pro-eo

288 4157 396 4241 sequi,
418 4155 474 4239 qui
495 4175 553 4239 pro
575 4156 676 4241 patria
697 4156 793 4220 vitam
815 4154 1034 4237 profuderunt
1075 4153 1126 4220 3t.
1143 4158 1285 4235 Quorum
1301 4158 1342 4223 de
1355 4157 1479 4223 bonore
1493 4162 1614 4226 aduam

288 4250 365 4314 mihi
385 4249 478 4332 plura
498 4251 532 4312 in
553 4256 691 4313 mentem
712 4249 878 4312 venirent!
901 4249 964 4314 duo
986 4258 1069 4314 certe
1083 4270 1150 4314 non
1164 4252 1358 4334 praeteribo,
1381 4271 1463 4335 quae
1477 4256 1614 4319 maxime

288 4348 474 4408 occanum:
504 4363 639 4427 quorum
668 4342 801 4406 alterum
828 4343 968 4427 pertinet
992 4342 1033 4406 ad
1055 4343 1193 4408 viromm
1218 4343 1461 4409 fortissimorum
1483 4346 1615 4429 gloriam

288 4436 531 4520 sempiternam,
559 4436 692 4500 alterum
719 4436 760 4500 ad
788 4436 971 4500 leniendum
999 4455 1174 4501 maerorem
1195 4443 1228 4501 et
1247 4437 1366 4501 luctum
1387 4440 1615 4523 proximorum.

288 4533 357 4596 xit.
379 4532 486 4596 Placet
513 4529 609 4615 igitur
629 4529 725 4606 mibi,
752 4536 859 4615 patres
887 4529 1073 4615 conscripti,
1099 4530 1235 4614 legionis
1255 4531 1387 4596 llartiae
1408 4533 1562 4598 militibus
1585 4540 1653 4598 etse

354 4805 378 4854 t.
396 4803 461 4854 iouis
477 4808 526 4866 opt.
543 4815 616 4853 mne.
633 4803 764 4853 Muretus:
789 4801 842 4852 tout
859 4815 902 4852 aa.
921 4804 946 4862 i;
969 4802 1047 4853 iussim
1069 4815 1101 4862 a;
1124 4802 1316 4861 toutmcrttv3
1336 4802 1466 4854 maneum
1484 4816 1537 4855 ras.
1556 4805 1617 4871 post

289 4878 341 4929 hoc
357 4877 537 4930 eceb-i.
556 4875 861 4940 tiberotoabv-pop.
879 4879 908 4928 R.
926 4875 1250 4939 om.v;p.r.ab-i.
1269 4874 1322 4940 ipsi
1339 4873 1618 4943 osta-onoma

290 4966 442 5014 mona-
466 4951 834 5003 ti.utdia-7.Cosrorem
856 4964 970 5003 om.av
993 4977 1020 4990 ·-
1044 4953 1615 5016 s.1pmnua-e.nmami-so.

185 5070 187 5074 ,
289 5027 559 5079 dobomauom.v-
583 5025 1417 5090 sodaniatottporeb-etiomcodd.i·'errarii:etmei-
1442 5028 1618 5080 lielenc-

288 5104 363 5153 ms'ois
383 5103 452 5153 mei:
475 5101 583 5152 annm
604 5102 656 5151 etue
672 5102 692 5151 0
711 5127 738 5139 -
764 5106 932 5152 sustoonrec.
951 5101 1041 5155 malim
1060 5129 1088 5139 -
1106 5099 1148 5153 ii.
1165 5103 1351 5154 codridecrati
1367 5103 1448 5155 to-
1467 5104 1535 5154 adut.
1554 5116 1615 5154 a·-

290 5175 330 5227 tl·
348 5176 528 5238 meacm
543 5188 573 5225 a:
590 5176 651 5239 bu·
666 5189 694 5238 r·
708 5176 764 5240 turo
779 5176 868 5239 imos-i
885 5175 920 5236 bt
938 5177 1177 5240 ‘summussos
1193 5179 1252 5242 (pro
1269 5179 1347 5228 m
1361 5176 1463 5240 bamb
1480 5177 1619 5240 morato

289 5249 996 5314 nenpopub'liomonitp.r.il0i;atv.537.-
1023 5250 1616 5314 tome-suesabmquasost-

292 5324 755 5388 t8.potuerobv:poteroai0-
774 5324 1059 5376 iti.ssenusabiv-
1078 5325 1619 5389 22.rossocondoa-2l.quooqaumv

292 5424 319 5435 -
346 5400 387 5449 25.
405 5412 437 5449 ou
454 5402 647 5462 quocnosl-
666 5400 913 5462 promtau'musa-
932 5401 1239 5466 ossnotctoNaugerius:
1257 5400 1506 5464 mummolinum
1527 5415 1620 5464 quesn

291 5486 369 5536 mom
383 5474 505 5534 muttnv3
524 5475 604 5524 moden
619 5475 646 5534 i;
669 5474 840 5536 mmoiotmae
855 5474 959 5533 Lamb.;
977 5474 1037 5526 tort.
1055 5481 1131 5538 utque
1146 5475 1284 5536 emuna,
1302 5476 1336 5527 ct.
1354 5475 1423 5539 535.
1436 5500 1465 5511 -
1483 5477 1525 5526 26.
1541 5489 1620 5538 proo-

290 5547 397 5597 stobttur
413 5546 469 5598 ab:
486 5554 631 5612 pmntosur
646 5550 710 5600 ivo
724 5576 757 5586 -
773 5562 852 5612 quum
867 5548 1091 5611 quoniumorelli:
1111 5563 1263 5613 qumquem
1279 5547 1321 5610 b¹;
1339 5562 1493 5613 quenquam
1508 5550 1535 5599 id
1551 5548 1617 5610 ab',

236 5633 237 5636 ’
291 5625 512 5686 momontum
530 5624 793 5686 quooqunmidsrnv3
812 5637 888 5686 quom
900 5626 1225 5687 quidetactsnFerrarinm
1243 5623 1620 5688 mantuanorum

292 5700 504 5761 quun-uomet
519 5701 568 5749 sint
584 5699 736 5761 Emesti)-
754 5699 797 5752 28.
812 5701 923 5762 penitere
938 5701 997 5751 aiv
1014 5725 1042 5737 -
1059 5713 1117 5750 men
1132 5700 1170 5750 bia
1186 5698 1268 5750 abu:
1286 5699 1389 5751 menits
1405 5700 1444 5750 i0
1462 5725 1490 5736 -
1508 5701 1584 5751 etiarn
1600 5713 1619 5750 o

292 5774 1619 5859 quoni-reaumaovzotoeosmwio-eoeocb-Jedepromam

291 5864 1053 5933 mrbusmbwrotiorsmtcratomtmvicirtotemaiv-
1072 5868 1616 5934 3t.!sdsmtntr-33.{ort.sstronsnv.
