3800 7350
313 1183 347 1249 ll
354 1184 395 1249 88
688 1186 838 1254 ORATIO
860 1187 937 1252 PRO
960 1189 1002 1254 Μ.
1023 1189 1239 1254 MARCELLO

311 1353 527 1420 misericordia
548 1353 685 1419 viceras:
706 1356 861 1421 hodierno
883 1379 958 1423 vero
981 1359 1032 1423 die
1054 1367 1086 1422 te
1108 1360 1212 1442 ipsum
1229 1359 1340 1422 vicisti.
1370 1360 1491 1421 Vereor
1506 1356 1636 1431 atheo,

311 1449 395 1533 quod
418 1448 537 1524 dicam,
567 1449 697 1531 perinde
725 1451 858 1533 intelligi
888 1454 988 1536 possit
1009 1452 1119 1516 auditu
1141 1460 1237 1536 atque
1258 1453 1328 1535 ipse
1349 1452 1488 1534 cogitans
1511 1452 1634 1515 sentio:

310 1544 409 1625 ipsam
433 1543 594 1607 victoriam
616 1545 729 1608 vicisse
751 1544 883 1620 videris,
915 1566 986 1609 curn
1015 1567 1068 1620 ea,
1101 1566 1183 1629 quae
1212 1546 1267 1609 illa
1289 1553 1356 1608 erat
1376 1546 1507 1629 adepta,
1539 1545 1634 1610 victis

309 1637 466 1701 remisisti.
501 1639 580 1701 Nam
603 1660 675 1702 cum
695 1639 794 1722 ipsius
815 1640 966 1703 victoriae
984 1641 1165 1711 conditione
1180 1659 1289 1703 omnes
1304 1640 1378 1703 victi
1392 1639 1633 1712 occidissemus,

285 1729 495 1794 colementiae
517 1737 590 1795 tuae
612 1733 727 1795 iudicio
750 1734 925 1797 conservati
948 1756 1066 1799 sumus.
1102 1736 1196 1797 Recte
1219 1733 1314 1817 igitur
1333 1754 1417 1797 unus
1434 1732 1571 1796 invictus
1587 1751 1633 1805 es,

307 1845 326 1887 a
348 1845 411 1908 quo
433 1824 529 1887 etiam
549 1826 649 1908 ipsius
672 1827 820 1888 victoriae
842 1826 981 1889 conditio
1003 1829 1113 1909 visque
1137 1826 1256 1890 devicta
1279 1834 1337 1889 est

389 1919 427 1980 V.
451 1913 500 1978 43.
522 1919 627 2001 Atque
648 1918 710 1981 hoc
727 1917 759 1980 C.
776 1918 917 1982 Caesaris
938 1920 1100 1994 iudicium,
1121 1930 1226 2005 patres
1242 1923 1430 2005 conscripti,
1456 1942 1550 2006 quam
1567 1924 1632 1986 late

304 2020 411 2096 pateat
432 2010 602 2075 attendite:
631 2030 741 2073 omnes
764 2011 866 2086 enim,
894 2014 949 2095 qui
972 2011 1012 2075 ad
1034 2013 1089 2077 illa
1110 2034 1196 2078 arma
1217 2015 1281 2077 sato
1304 2034 1411 2079 sumus
1432 2018 1541 2080 nescio
1564 2036 1632 2101 quo

304 2107 350 2169 rei
372 2105 518 2189 publicae
540 2104 655 2166 misero
677 2103 868 2188 funestoque
891 2106 1060 2188 compulsi,
1092 2109 1151 2172 etsi
1171 2110 1277 2193 aliqua
1299 2110 1393 2192 culpa
1413 2117 1560 2173 tenemur
1580 2129 1633 2173 er-

266 2200 384 2264 rororis
417 2198 564 2271 humani,
598 2198 717 2261 scelere
746 2204 831 2261 certe
859 2199 984 2262 liberati
1013 2219 1129 2265 sumus.
1172 2204 1249 2266 Nam
1279 2222 1351 2265 curn
1376 2205 1418 2265 M.
1443 2203 1631 2267 Marcellum

306 2293 546 2377 deprecantibus
575 2294 664 2358 vobis
694 2295 739 2357 rei
767 2293 913 2377 publicae
943 2297 1153 2370 conservarit,
1180 2315 1230 2357 me
1258 2303 1290 2359 et
1318 2296 1395 2359 mihi
1424 2305 1456 2361 et
1482 2298 1559 2361 item
1581 2298 1631 2360 rei

304 2389 449 2473 publicae
482 2388 569 2453 nullo
596 2387 800 2471 deprecante,
829 2388 970 2472 reliquos
999 2389 1209 2473 amplissimos
1231 2390 1317 2453 viros
1344 2397 1376 2453 et
1405 2391 1465 2453 sihi
1486 2390 1574 2473 ipsos
1596 2398 1632 2452 et

304 2484 424 2567 patriae
446 2482 599 2556 reddidit,
622 2503 757 2566 quorum
780 2491 812 2545 et
831 2483 1043 2567 frequentiam
1066 2490 1097 2545 et
1117 2483 1301 2565 dignitatem
1324 2483 1383 2547 hoc
1403 2485 1474 2566 ipso
1496 2485 1529 2545 iu
1552 2501 1631 2546 con-

304 2598 393 2641 sossu
415 2576 547 2650 videtis,
569 2597 634 2640 non
657 2577 712 2639 ille
733 2578 840 2640 hostes
862 2577 988 2639 induxit
1009 2578 1042 2639 in
1065 2577 1198 2651 curiam,
1221 2581 1276 2640 sed
1298 2578 1450 2641 iudicavit
1471 2597 1490 2639 a
1515 2577 1630 2661 pleris-

268 2681 367 2754 soque
395 2670 593 2752 ignoratione
622 2671 728 2753 potius
757 2680 788 2734 et
815 2670 895 2734 falso
924 2678 1020 2752 atque
1047 2670 1132 2733 inani
1155 2676 1241 2732 metu
1263 2690 1356 2753 quam
1379 2670 1549 2755 cupiditate
1572 2679 1631 2734 aut

304 2764 489 2828 crudelitate
518 2764 637 2827 bellum
665 2784 735 2828 esse
763 2773 973 2847 susceptum·
999 2759 1047 2825 ll.
1078 2763 1149 2838 Quo
1179 2764 1309 2846 quidem
1336 2766 1369 2828 iu
1393 2765 1478 2827 bello
1500 2785 1630 2849 semper

304 2860 343 2923 de
365 2878 443 2943 pace
465 2858 658 2921 audiendum
679 2858 785 2941 putavi
808 2878 997 2942 semperque
1013 2857 1102 2920 dolui
1122 2877 1187 2919 non
1202 2858 1297 2920 modo
1316 2878 1438 2941 pacem,
1459 2860 1628 2923 sedetiam

304 2954 482 3017 orationem
511 2951 625 3015 civium
655 2970 763 3033 pacem
791 2952 1000 3035 flagitantium
1028 2949 1199 3033 repudiari.
1242 2951 1354 3033 Neque
1384 2952 1469 3014 enim
1490 2972 1549 3036 ego
1570 2952 1630 3015 illa

302 3068 362 3111 nec
384 3047 449 3111 ulla
470 3064 620 3129 umquam
636 3051 762 3108 secutus
778 3066 847 3108 sum
864 3064 949 3108 arma
964 3044 1082 3119 civilia,
1105 3064 1293 3127 semperque
1308 3064 1378 3108 mea
1392 3048 1523 3112 consilia
1536 3049 1627 3131 pacis

266 3149 335 3206 root
356 3150 448 3224 togae
471 3140 574 3214 socia,
596 3158 660 3202 non
682 3138 757 3201 belli
779 3145 875 3222 atque
897 3157 1052 3201 armorum
1075 3138 1211 3202 suerunt.
1252 3139 1421 3203 Hominem
1444 3163 1514 3205 sum
1536 3162 1628 3205 secu·

304 3245 354 3300 tus
376 3238 498 3319 privato
521 3231 642 3308 officio,
665 3254 729 3297 non
752 3232 895 3316 publico,
918 3240 1104 3315 tantumque
1126 3232 1209 3316 apud
1232 3254 1283 3296 me
1304 3234 1384 3316 grati
1405 3235 1501 3298 animi
1521 3235 1627 3298 fidelis

303 3332 454 3394 memoria
476 3328 589 3402 valuit,
611 3327 754 3389 utnulla
776 3346 841 3388 non
862 3326 956 3389 modo
979 3327 1160 3410 cupiditate,
1183 3328 1301 3390 sedne
1323 3348 1379 3411 spe
1403 3328 1529 3411 quidem
1551 3348 1627 3410 pru·

304 3425 381 3487 dens
410 3430 442 3485 et
469 3422 572 3484 sciens
599 3427 758 3502 tamquam
785 3419 825 3482 ad
852 3420 1012 3483 interitum
1038 3442 1160 3485 ruerem
1189 3423 1411 3485 voluntarium.
1456 3416 1505 3484 l5.
1529 3422 1626 3497 Quod

305 3516 432 3600 quidem
454 3535 559 3577 meum
582 3513 746 3576 consilium
772 3514 902 3577 minime
924 3514 1091 3578 obscurum
1112 3515 1181 3577 fuit.
1222 3516 1300 3578 Nam
1323 3518 1409 3580 etin
1430 3515 1491 3579 hoc
1512 3517 1625 3579 ordine

266 3610 425 3692 reintegra
447 3629 481 3671 re
503 3608 602 3670 multa
625 3608 664 3670 de
685 3627 763 3691 pace
786 3609 851 3671 dixi
874 3616 905 3671 et
926 3610 960 3671 in
982 3610 1050 3693 ipsc
1071 3610 1155 3672 bello
1178 3610 1288 3672 eadem
1310 3611 1403 3674 etiam
1425 3630 1496 3673 cum
1512 3610 1624 3695 capitis

303 3705 364 3768 mei
393 3703 534 3786 periculo
565 3704 658 3765 sensi.
701 3705 750 3767 Ex
779 3722 843 3787 quo
871 3724 965 3767 nemo
992 3705 1055 3766 iam
1084 3705 1144 3766 erit
1172 3711 1235 3767 tam
1265 3705 1402 3768 iniustus
1429 3704 1626 3768 existimator
1696 3749 1700 3756 .

302 3818 426 3873 rerum,
453 3796 508 3880 qui
531 3795 668 3870 dubitet,
698 3816 777 3878 quae
802 3797 943 3860 Caesaris
966 3796 1006 3860 de
1031 3798 1114 3861 bello
1137 3798 1281 3861 voluntas
1303 3798 1414 3874 luerit,
1443 3817 1514 3860 cum
1536 3795 1624 3880 pacis

302 3899 446 3956 auctores
474 3890 707 3954 conservandos
730 3891 835 3953 statim
858 3892 1027 3966 censuerit,
1050 3892 1162 3954 ceteris
1183 3891 1280 3954 fuerit
1300 3892 1418 3955 iratior.
1462 3892 1565 3973 Atque
1588 3886 1624 3951 id

302 3985 406 4049 minus
428 3985 542 4049 mirum
564 3984 697 4047 sortasse
719 3992 801 4058 tum,
824 4005 895 4047 cum
918 3993 1002 4047 esset
1021 3986 1158 4048 incertus
1181 3985 1285 4049 exitus
1307 3994 1339 4048 et
1359 4004 1475 4068 anceps
1496 3983 1624 4046 fortuna

366 4310 390 4358 4.
408 4303 475 4368 vero]
497 4308 581 4352 culros
597 4302 650 4354 Fll
668 4329 695 4338 -
721 4302 809 4353 Vereor
824 4307 852 4352 444
863 4329 876 4338 -
886 4328 900 4339 -
911 4303 1023 4366 cogitans
1045 4303 1120 4352 4444444
1137 4303 1165 4351 el
1180 4300 1277 4350 deiude
1292 4300 1425 4351 4444449444
1439 4302 1520 4371 pann
1534 4305 1623 4357 44444444

300 4384 408 4436 videaris
424 4382 478 4444 (sic)
496 4377 573 4428 affert
594 4377 852 4428 Pseudo-Asconius
868 4377 902 4426 ad
919 4379 1031 4428 Divinat.
1049 4379 1075 4427 in
1093 4376 1188 4427 Caecil.
1207 4377 1222 4440 5
1239 4377 1280 4425 24.
1300 4401 1327 4410 -
1354 4377 1379 4427 9.
1397 4378 1503 4443 4444444444
1519 4381 1574 4432 ΜΤ
1591 4407 1618 4417 -

300 4460 374 4522 possit
390 4457 449 4507 aad.
468 4453 552 4503 GEM
560 4453 595 4502 T:
613 4466 664 4502 noo
677 4453 755 4513 possit
771 4453 830 4501 oud.
844 4452 874 4514 Ἐς
893 4454 953 4503 aad.
969 4453 1046 4515 possit
1064 4453 1083 4501 0
1097 4479 1124 4488 -
1143 4453 1257 4501 4444444444
1273 4451 1408 4502 Patricius.
1427 4453 1463 4516 (ln
1478 4456 1498 4504 Τ
1514 4458 1622 4520 postre-

301 4547 344 4584 rua
361 4529 462 4595 syllaba
479 4525 604 4590 evanuit.)
623 4554 651 4564 -
675 4528 727 4591 lpse
744 4529 791 4578 GE
801 4528 831 4577 F:
851 4542 895 4593 epo
911 4530 964 4591 lpse
980 4528 1033 4578 ur
1050 4529 1077 4576 et
1093 4526 1361 4577 Pseudo-Asconius.
1382 4552 1408 4561 -
1428 4528 1452 4579 3.
1469 4535 1543 4580 ercet
1558 4531 1578 4581 F
1590 4557 1618 4566 -

301 4609 326 4660 l.
344 4605 437 4658 44444444
453 4604 472 4652 T
491 4627 517 4637 -
537 4602 678 4651 condicione
693 4602 747 4654 ΜΤ
766 4628 793 4638 -
812 4616 896 4652 omnes
911 4604 973 4653 GE:
993 4615 1075 4653 44444444
1090 4602 1145 4652 turs
1161 4602 1310 4653 Flll'O-
1328 4602 1387 4650 444444·
1402 4613 1456 4651 om.
1474 4604 1494 4652 Τ
1513 4630 1541 4640 -
1559 4605 1622 4655 ceci-

301 4686 417 4734 dissemus
433 4673 574 4742 (superscr.
593 4677 769 4739 44444444444444444)
787 4679 805 4727 Τ
823 4703 850 4713 -
875 4678 901 4726 o.
918 4690 943 4727 44
963 4689 1016 4726 om.
1035 4677 1094 4727 (ΤΕι
1112 4702 1139 4712 -
1164 4677 1188 4727 6.
1206 4676 1317 4726 condicio
1333 4676 1353 4724 Τ
1370 4701 1397 4710 -
1420 4676 1506 4738 cisque
1521 4689 1575 4728 om.
1593 4680 1621 4729 ln

301 4770 392 4808 rasura
411 4755 489 4805 trium
506 4749 546 4800 vel
565 4754 689 4816 quattuor
704 4749 850 4801 litterarum
867 4752 892 4802 ll
911 4778 937 4787 -
960 4751 984 4801 8.
1004 4751 1126 4801 4444444444
1142 4751 1198 4802 ΕΜ
1216 4778 1243 4788 -
1265 4751 1331 4813 [octo
1348 4751 1396 4800 GT
1415 4777 1442 4786 -
1467 4751 1491 4800 9.
1509 4754 1622 4816 4444444444·

302 4835 322 4884 G
340 4859 367 4869 -
387 4833 426 4882 40.
445 4828 533 4879 scolae
549 4827 621 4877 GE12
645 4826 677 4875 cd
693 4825 782 4876 scelere
797 4827 863 4884 ΜΤ;
887 4839 905 4874 a
920 4825 1067 4876 sceureFO
1085 4851 1113 4860 -
1133 4827 1173 4875 44.
1191 4825 1230 4875 rei
1243 4839 1271 4887 p.
1289 4826 1450 4887 coemerit]
1467 4826 1537 4877 inter
1552 4829 1620 4880 lraec

300 4907 382 4959 verba
401 4914 533 4970 superscr.
547 4903 588 4952 est
604 4914 693 4952 caesor
708 4902 735 4950 in
752 4902 812 4951 Ε-
831 4913 871 4949 me
886 4904 909 4949 et
925 4901 996 4950 GEs:
1014 4905 1100 4950 44444444
1116 4900 1280 4960 E²FllF03
1300 4900 1333 4950 ci.
1345 4912 1371 4948 v.
1385 4901 1425 4951 tr.
1440 4928 1469 4938 -
1486 4903 1556 4966 4444444]
1573 4904 1621 4967 ipsi

300 4984 320 5032 Τ
340 5007 366 5018 -
385 4980 451 5044 item]
468 4979 558 5028 lteram
574 4977 608 5037 E3
628 4977 713 5026 cmF
732 5002 759 5011 -
778 4976 818 5025 49.
836 4975 941 5025 relicuos
957 4977 1016 5025 F—
1034 4977 1100 5037 ipsos
1116 4975 1239 5026 GEMF:
1257 4975 1318 5037 ipsis
1334 4975 1390 5024 FO.
1409 4976 1448 5026 cl.
1466 4990 1494 5042 p.
1506 4977 1619 5039 68944.

300 5057 373 5116 49445,
391 5057 432 5106 25.
453 5080 480 5089 -
499 5057 522 5101 44
539 5063 591 5100 om.
610 5051 630 5099 Τ
649 5076 676 5085 -
700 5049 740 5099 43.
759 5051 786 5098 to
801 5050 854 5112 ipso
871 5050 889 5099 F
907 5076 936 5086 -
954 5063 1056 5100 concess
1071 5051 1105 5110 Τ;
1123 5062 1241 5100 rossem
1258 5052 1399 5114 (superscr.
1416 5053 1536 5116 4444444444)
1554 5054 1572 5104 F
1589 5079 1616 5088 -

300 5128 340 5181 44.
358 5128 457 5185 videtis,
474 5141 525 5178 444444
542 5129 580 5189 (ut
596 5141 611 5176 a
628 5139 652 5176 v.
670 5141 721 5177 noo
737 5127 861 5191 apcdosis
877 5126 990 5191 incipiat)
1009 5126 1214 5177 Mommsenius:
1232 5126 1327 5175 44444444.
1344 5127 1401 5176 Noa
1417 5128 1477 5176 0-
1495 5126 1620 5178 tadicit'l'

303 5233 329 5240 —
350 5206 389 5255 46.
408 5202 552 5252 medullata
569 5203 712 5266 (superscr.
730 5203 882 5263 mdeltlcte)
897 5202 914 5251 F
929 5229 956 5237 -
976 5201 1015 5251 4Τ.
1034 5202 1063 5251 da
1076 5214 1141 5263 poce
1156 5201 1306 5251 44444444ηά4444
1318 5202 1410 5263 putaui
1424 5202 1494 5253 Era:
1513 5203 1620 5253 cudim-

299 5281 358 5329 dom
372 5278 461 5340 putcsd
477 5277 507 5326 do
521 5288 583 5339 poce
599 5276 631 5335 F;
655 5276 685 5325 de
702 5288 765 5336 pace
781 5276 904 5339 spondeam
920 5276 1070 5325 medieodum
1085 5277 1176 5337 putaui
1192 5277 1229 5335 G;
1252 5276 1282 5325 da
1295 5288 1359 5337 poce
1374 5277 1498 5338 spondaeo
1512 5277 1619 5327 4444444444-

299 5356 406 5416 domque
418 5352 508 5416 puteat
524 5351 542 5401 F
561 5376 588 5387 -
608 5351 683 5400 etiam
699 5352 837 5400 4444444444
854 5351 887 5401 C:
911 5351 1049 5401 4444444444
1063 5351 1139 5400 ollem
1155 5351 1175 5398 0
1195 5376 1222 5385 -
1246 5350 1287 5399 49.
1305 5362 1360 5399 444444
1374 5355 1470 5399 mutua
1486 5351 1545 5410 4·’Τ;
1563 5365 1619 5401 caan

300 5443 352 5480 om.
366 5432 391 5481 Μ
405 5456 430 5466 -
450 5429 491 5479 99.
503 5427 571 5475 socia
588 5423 677 5474 delent
687 5426 802 5475 Faernus
814 5427 841 5474 et
852 5426 989 5476 Patricius.
1000 5450 1029 5462 -
1047 5426 1089 5475 94.
1100 5425 1187 5489 grotta
1202 5424 1230 5473 444
1244 5425 1363 5484 44444444Τ;
1380 5426 1467 5488 grotta
1482 5427 1561 5476 44444444
1571 5427 1617 5476 GE

300 5504 356 5569 (sed
373 5504 430 5555 inE
447 5513 581 5567 superscr.
594 5501 670 5563 prato]
684 5527 711 5538 -
729 5501 770 5549 ΤΞ,
788 5513 838 5549 ooo
854 5512 908 5549 om.
921 5500 981 5548 Τ-
1000 5499 1097 5561 quidem
1112 5512 1155 5562 spe
1171 5498 1230 5549 E·
1249 5497 1291 5549 al.
1309 5499 1355 5547 loc
1370 5510 1424 5550 om.
1437 5501 1462 5551 Μ
1474 5526 1501 5536 -
1520 5502 1562 5551 944.
1574 5514 1619 5551 ca·

294 5580 356 5641 pitis
370 5578 427 5642 mes]
444 5578 525 5640 portia
539 5588 610 5627 nuce
625 5577 651 5626 Μ
670 5602 697 5613 -
719 5575 761 5625 26.
778 5574 821 5624 Ea
837 5575 894 5640 quo]
911 5581 963 5638 atq.
983 5574 1037 5639 (sic)
1055 5576 1074 5625 Τ
1090 5600 1124 5612 ·-
1144 5587 1215 5624 44444444
1231 5574 1283 5623 tam
1300 5573 1364 5624 GE:
1385 5587 1457 5625 nemo
1475 5575 1536 5638 (om.
1555 5574 1617 5638 444444)

298 5654 393 5712 ΕΜΤς
411 5654 464 5701 iam
479 5651 586 5702 44444440
606 5674 633 5686 -
657 5650 813 5700 wutlrnotor
828 5662 913 5700 44444444
930 5650 996 5701 GE:
1017 5663 1103 5700 44444444
1119 5651 1254 5700 eoedmotor
1269 5649 1301 5706 F;
1319 5659 1405 5698 44444444
1420 5650 1576 5700 satstlmctor
1591 5649 1618 5699 lt

298 5727 346 5777 ΤΟ
366 5753 392 5762 -
412 5727 452 5777 il.
471 5739 535 5777 44444.
556 5725 610 5788 (sic)
629 5725 693 5774 Τ-
713 5726 743 5774 de
759 5723 819 5775 betto
835 5725 949 5775 voluutas
966 5724 1091 5776 GEMT:
1109 5725 1223 5774 ademtae
1239 5725 1268 5774 da
1284 5721 1345 5773 dello
1361 5724 1408 5774 ΤΟ
1428 5752 1455 5764 -
1473 5725 1514 5776 28.
1532 5727 1618 5773 aucto-

296 5803 420 5865 respacs'a
436 5803 455 5851 F
472 5826 500 5839 -
518 5802 560 5854 29.
578 5800 670 5851 44444444
684 5800 789 5863 [ortana
805 5803 902 5852 trano:
918 5801 1025 5864 [44444444
1039 5801 1133 5851 4444444444
1148 5800 1247 5861 444444Ε;
1264 5799 1358 5851 4444444444
1371 5799 1498 5852 videretur
1512 5799 1619 5864 44444444
