3800 7350
690 1189 763 1254 css.
785 1188 1005 1255 xci-mn.
1031 1187 1077 1273 ss
1099 1185 1265 1253 oc-toa.
1555 1184 1637 1251 areo

320 1357 599 1442 quaestoriumque
627 1357 795 1440 perduxitl
824 1359 884 1423 llic
915 1378 974 1442 ego
1003 1379 1087 1422 nuno
1108 1358 1147 1421 de
1169 1366 1313 1442 praetore
1335 1356 1537 1421 Macedoniae
1560 1356 1639 1419 nihil

319 1454 420 1516 dicam
443 1451 579 1534 amplius
601 1453 661 1515 nisi
684 1473 755 1515 eum
776 1462 807 1516 et
822 1453 921 1516 civem
938 1454 1091 1535 optimum
1106 1472 1231 1534 semper
1244 1460 1275 1515 et
1290 1451 1366 1514 mibi
1382 1450 1516 1513 amicum
1531 1448 1640 1524 luisse,

319 1546 376 1609 sed
397 1546 506 1609 eadem
527 1546 671 1608 timuisse
694 1566 775 1628 quae
797 1554 938 1609 ceteros:
970 1547 1025 1608 Cn.
1047 1546 1210 1608 Plancium
1238 1544 1337 1608 luisse
1358 1564 1471 1619 unum,
1498 1565 1563 1608 non
1586 1545 1639 1630 qui

318 1640 423 1702 minus
446 1639 587 1713 timeret,
610 1640 681 1713 sed,
704 1641 730 1702 si
753 1639 932 1703 acciderent
946 1660 1001 1714 ea,
1023 1659 1105 1723 qnae
1125 1639 1323 1713 timerentur,
1347 1658 1467 1701 mecum
1483 1659 1521 1702 ea
1535 1639 1641 1702 subire

319 1742 351 1795 at
371 1733 493 1815 perpeti
515 1731 619 1796 vellet.
664 1727 734 1794 l00.
759 1734 839 1809 Qui,
869 1754 939 1797 cum
962 1731 1004 1795 ad
1025 1732 1133 1817 me'L.
1156 1732 1297 1804 Tubero,
1322 1752 1412 1794 meus
1434 1733 1665 1805 necessarius,o

319 1827 373 1909 qui
396 1826 483 1888 fratri
506 1846 576 1888 meo
598 1825 720 1908 legatus
742 1826 872 1901 fuisset,
895 1827 1053 1889 decedens
1069 1847 1109 1889 ex
1123 1826 1200 1888 Asia
1214 1826 1352 1887 venisset
1367 1844 1484 1907 easque
1499 1825 1642 1900 insidiae,

318 1940 396 2004 quas
419 1918 497 1983 mibi
517 1927 642 2002 paratas
664 1920 702 1982 ab
726 1921 888 1983 exsulibus
911 1920 1084 1983 coniuratis
1103 1918 1257 1993 audierat,
1278 1916 1319 1981 ad
1334 1936 1384 1981 me
1398 1920 1503 1983 animo
1518 1922 1643 1985 amieis·

318 2015 398 2077 simo
420 2012 601 2086 detulisset,
623 2011 656 2074 in
676 2014 782 2075 Asiam
806 2033 855 2076 me
878 2016 923 2077 ire
944 2021 1073 2097 propter
1094 2013 1164 2077 eins
1186 2012 1367 2095 provinciae
1387 2033 1510 2077 mecum
1525 2023 1641 2078 etcum

318 2127 389 2170 meo
411 2106 506 2169 fratre
528 2105 794 2170 necessitudinem
817 2115 1050 2192 comparantem
1066 2114 1195 2171 nonest
1213 2127 1344 2191 passas:
1366 2106 1398 2171 vi
1413 2127 1479 2183 ma,
1501 2108 1643 2193 inquam,

318 2199 464 2263 Plancius
486 2207 518 2264 et
539 2199 708 2283 complexu
732 2221 788 2263 suo
812 2202 939 2265 retinuit
965 2201 1147 2285 multosque
1171 2223 1296 2266 menses
1318 2221 1337 2265 a
1359 2202 1463 2284 capite
1484 2220 1555 2264 meo
1578 2220 1680 2266 nonio

318 2293 462 2357 discessit
482 2295 606 2358 abiecta
628 2295 809 2379 quaestoria
831 2316 967 2379 persona
989 2296 1179 2380 comitisque
1201 2305 1336 2379 sumpta.

402 2388 499 2451 XLlI.
522 2384 593 2450 llll.
616 2388 643 2451 0
666 2389 814 2452 excubias
837 2398 917 2464 tuas,
940 2389 996 2453 Cn.
1011 2390 1134 2465 Planci,
1157 2391 1305 2455 miseras!
1329 2390 1489 2453 ossebiles
1503 2390 1642 2474 vigiliasl

319 2489 469 2544 onoctes
491 2481 637 2545 acerbasl
668 2503 687 2545 o
717 2482 891 2546 custodiam
920 2483 1016 2548 etiam
1038 2486 1100 2547 mei
1113 2485 1233 2569 ,capitis
1255 2483 1433 2547 infelicem!
1463 2486 1491 2547 si
1513 2483 1643 2567 quidem

319 2596 378 2658 ego
407 2575 462 2637 tibi
490 2577 580 2640 vivers
610 2597 675 2639 non
700 2597 846 2661 prosum,
877 2579 933 2660 qui
955 2578 1088 2641 fortasse
1111 2586 1251 2641 mortuus
1274 2576 1473 2660 profuissem.
1513 2577 1643 2641 Memini

319 2673 418 2744 enim,
442 2672 584 2745 memini,
607 2692 711 2755 neque
734 2690 882 2753 uunquam
905 2671 1074 2734 obliviscar
1095 2673 1197 2734 noctis
1217 2670 1313 2744 illius,
1337 2692 1407 2734 cum
1422 2671 1478 2733 tibi
1493 2672 1643 2753 vigilanti,
1654 2688 1682 2735 ts

318 2766 486 2838 assidenti,
510 2765 662 2828 maerenti
683 2785 764 2827 vana
788 2764 942 2847 quaedam
966 2765 1062 2829 miser
1082 2773 1178 2848 atque
1200 2766 1305 2828 inania
1326 2765 1406 2829 falsa
1425 2786 1481 2848 spe
1496 2766 1644 2829 inductus

318 2858 505 2940 pollicebar:
536 2878 602 2933 me,
632 2860 659 2921 si
682 2878 782 2922 essem
805 2859 838 2920 in
861 2859 995 2941 patriam
1018 2860 1198 2933 restitutus,
1227 2867 1426 2940 praesentem
1451 2860 1504 2923 tibi
1526 2863 1643 2943 gratias

319 2951 508 3014 relaturum:
531 2953 581 3015 sin
603 2961 657 3015 aut
678 2952 774 3014 vitam
797 2951 874 3015 mibi
896 2951 961 3015 fors
983 2953 1154 3016 ademisset
1175 2962 1230 3015 aut
1243 2954 1291 3016 vis
1309 2953 1417 3036 aliqua
1439 2954 1539 3017 maior
1559 2954 1644 3018 redi·

320 3054 386 3108 tum
408 3047 609 3130 peremisset,
630 3047 705 3120 hos,
726 3045 787 3108 bos
809 3079 851 3092 -
873 3066 954 3130 quos
977 3048 1060 3110 enim
1083 3066 1142 3129 ego
1163 3053 1230 3108 tum
1251 3045 1331 3108 alios
1352 3046 1458 3111 animo
1479 3049 1644 3112 intuebar?

318 3142 486 3204 —omnia
515 3140 570 3202 tibi
602 3139 728 3203 illorum
750 3139 893 3204 laborum
915 3140 1057 3223 praemia
1076 3160 1134 3224 pro
1158 3160 1207 3202 me
1229 3138 1452 3223 persoluturos.
1487 3141 1571 3215 Quid
1594 3159 1682 3204 meso

318 3234 505 3318 adspectas?
529 3232 607 3318 quid
630 3254 700 3297 mea
721 3235 877 3317 promissa
898 3235 1038 3318 repetis?
1061 3233 1139 3318 quid
1160 3253 1263 3296 meam
1285 3230 1379 3295 fidem
1394 3233 1569 3316 imploras?
1591 3235 1645 3297 Ni·

318 3328 363 3390 hil
386 3328 442 3389 tibi
466 3347 525 3409 ego
548 3335 614 3390 tum
637 3328 676 3390 de
699 3330 778 3390 meis
801 3328 913 3411 opibus
935 3328 1125 3411 pollicebar,
1153 3329 1208 3391 sed
1230 3327 1269 3389 de
1291 3326 1402 3390 borum
1425 3348 1498 3410 erga
1520 3349 1569 3391 me
1590 3330 1645 3392 be·

318 3421 497 3485 nevolentia
519 3422 754 3504 promittebam:
777 3420 835 3484 hos
857 3441 915 3503 pro
939 3442 990 3483 me
1012 3422 1137 3503 lugere,
1159 3421 1219 3484 bos
1241 3441 1384 3504 gemere,
1406 3422 1465 3484 bos
1483 3422 1644 3486 decertare

319 3535 374 3597 pro
406 3535 476 3578 meo
505 3515 608 3599 eapite
636 3516 685 3580 vel
714 3515 797 3577 vitae
818 3514 960 3596 periculo
981 3514 1063 3577 velle
1085 3514 1247 3589 videbam:
1278 3515 1317 3577 da
1338 3513 1451 3577 borum
1475 3515 1644 3591 desiderio,

318 3607 423 3685 luctu,
446 3608 596 3694 querellis
618 3607 760 3693 quotidie
783 3607 904 3693 aliquid
927 3616 1033 3672 tecum
1054 3608 1147 3672 simul
1169 3608 1353 3672 audiebam:
1381 3628 1465 3671 nune
1485 3609 1581 3672 timeo
1603 3626 1683 3674 neas

319 3703 375 3765 tibi
397 3703 478 3765 nihil
500 3709 624 3785 praeter
646 3703 788 3765 lacrimas
811 3722 925 3785 queam
947 3703 1091 3780 reddere,
1113 3724 1193 3787 quas
1214 3712 1248 3767 tu
1269 3705 1304 3767 in
1324 3704 1401 3768 meis
1421 3703 1645 3767 acerbitatibus

319 3799 471 3882 plurimas
493 3795 642 3861 effudisti.
680 3792 752 3860 ⁴02.
770 3794 857 3872 Quid
880 3797 963 3860 enim
977 3817 1109 3880 possum
1124 3797 1211 3861 aliud
1226 3797 1287 3860 nisi
1304 3815 1459 3870 maerere,
1482 3796 1644 3872 nisidoro,

319 3891 381 3954 nisi
404 3899 435 3954 te
457 3910 530 3953 cum
553 3911 623 3954 mea
644 3890 745 3954 salute
763 3891 956 3975 complecti?
980 3892 1119 3956 Salutem
1141 3892 1198 3955 tibi
1213 3891 1311 3956 iidem
1326 3892 1401 3955 dare
1422 3900 1567 3974 possunt,
1589 3893 1644 3977 qui

320 3985 398 4048 mihi
418 3983 631 4047 reddiderunt
665 3986 711 4047 Te
733 3992 838 4048 nmen
859 4005 1074 4070 -exsurge,
1097 4006 1217 4071 quaeso
1239 4021 1280 4031 -
1302 3984 1444 4048 retinebo
1460 3992 1494 4048 et
1507 3985 1645 4068 eomple-

320 4087 401 4154 ctar,
424 4098 483 4141 neo
505 4097 556 4141 me
578 4078 679 4141 solum
702 4078 937 4162 deprecatorem
959 4079 1157 4144 fortunarum
1178 4086 1318 4155 tuarum,
1346 4078 1402 4143 sed
1425 4080 1572 4143 comitem
1594 4099 1683 4144 soso

320 4173 466 4256 einmque
488 4168 674 4255 profitebor:
697 4180 810 4255 atque,
832 4183 868 4236 ut
892 4192 996 4257 spero,
1019 4194 1112 4238 nemo
1135 4175 1196 4237 erit
1216 4182 1280 4238 tam
1302 4173 1420 4237 crudeli
1442 4173 1548 4237 animo
1566 4182 1646 4237 tam·

322 4287 385 4351 que
407 4266 579 4329 inhumano
601 4286 660 4330 nec
676 4274 739 4329 tam
754 4267 919 4331 immemor
932 4287 997 4331 non
1010 4266 1113 4331 dicam
1130 4286 1271 4330 meorum
1284 4267 1317 4330 in
1333 4267 1434 4331 bonos
1450 4269 1644 4344 meritorum,

321 4360 376 4423 sed
397 4359 553 4423 honorum
574 4359 607 4423 in
629 4379 698 4434 me,
721 4360 778 4444 qni
799 4379 818 4424 a
839 4381 890 4425 me
912 4361 974 4424 mei
997 4368 1188 4425 servatorem
1210 4361 1321 4444 capitis
1336 4362 1468 4426 divellat
1483 4383 1519 4427 ac
1532 4363 1645 4427 distra-

319 4454 384 4517 bat.
424 4455 493 4518 Non
523 4474 582 4536 ego
610 4455 690 4518 meis
722 4464 867 4519 ornatum
888 4455 1051 4519 beneficiis
1072 4474 1091 4517 a
1113 4455 1203 4518 vobis
1225 4455 1392 4538 deprecor,
1421 4455 1557 4532 indices,
1588 4455 1644 4520 sed

321 4548 483 4611 custodem
506 4548 616 4612 salutis
638 4567 744 4622 meae:
767 4569 831 4613 non
853 4550 968 4634 opibus
991 4548 1165 4623 contendo,
1187 4569 1253 4611 non
1274 4549 1475 4624 auctoritate,
1496 4569 1560 4613 non
1575 4565 1682 4633 pra-aa

321 4641 379 4714 tia,
401 4641 457 4705 sed
479 4641 643 4725 precibus,
671 4641 728 4705 sed
750 4643 904 4718 lacrimis,
932 4643 989 4707 sed
1011 4641 1241 4719 misericordia,
1263 4664 1450 4728 mecumque
1472 4663 1529 4707 voa
1550 4644 1644 4709 simul

320 4733 373 4796 bio
395 4735 587 4799 miserrimus
609 4743 642 4799 et
663 4735 800 4818 optimus
822 4737 997 4799 obtestatur
1016 4755 1148 4818 parens,
1171 4744 1203 4800 ot
1223 4757 1279 4822 pro
1300 4759 1364 4802 nno
1379 4735 1445 4802 filio
1460 4738 1524 4802 dno
1538 4747 1644 4824 patres

322 4827 537 4911 deprecamur.
574 4824 645 4892 403.
672 4828 794 4904 Nolite,
822 4829 961 4906 indices,
990 4851 1048 4916 per
1073 4851 1146 4906 vos,
1177 4851 1235 4915 per
1253 4831 1414 4909 inmunes,
1442 4853 1500 4916 per
1527 4833 1644 4897 liberos

386 5053 1647 5120 l.quastoaiumqucT-3.quocom.T-suisoa.oadeudomtlmaaiaaaaasannT-l.ti·

320 5127 1645 5196 mcraT-5.nolloTE-odearmretypogrd-7.eeulibual¹-cdmo'l'E:om.0

322 5203 1646 5271 -8.prouiotiuaT-mctaonTE-9.mmmlommolhotmomidoqucmcontecit

321 5274 482 5328 Orellius.-
501 5280 541 5329 40.
560 5278 757 5341 conpleeuT-
778 5280 817 5330 44.
837 5279 981 5332 &emissa
997 5283 1056 5332 Τ-
1076 5282 1116 5332 ti.
1134 5281 1240 5332 asabias
1256 5282 1317 5332 Τ-
1336 5281 1376 5332 43.
1394 5283 1416 5332 at
1431 5284 1646 5347 quidm--pra
1704 5307 1708 5330 ι

320 5350 419 5413 seduna
436 5351 600 5403 habetA-
619 5354 641 5402 al
658 5349 888 5418 quidiepo'l-
913 5357 955 5406 46.
973 5358 1298 5408 udddaalimorantiT-
1320 5358 1361 5407 l'l.
1378 5358 1557 5422 prminsTE:
1585 5374 1646 5424 pro·

321 5425 1646 5503 tiemo-ttlmutTEzautnno-aorsld-.20.pro]parT-il.oapactcaT—22.acd

322 5499 1646 5572 conmonuemus:sedaomas;usoonanaln.-memnones-assandunam-

322 5575 1645 5650 eistad-26.dbiaibltTE:odailtibto-quacmlquamT-bi.mararsl¹-28.lacaan]

321 5650 1646 5722 :sams-satutan--recctoaautnabeta—tcenAT-no.aaarpaaE-³2.taoa

321 5729 1644 5797 marbonensium]-aumoeuavm--apmoeamhabats-announcem-

323 5803 745 5929 duosqaprocemwputresl-
763 5809 1120 5875 abpnooaperlortuaas
1135 5809 1356 5874 limittit:
1380 5810 1647 5874 ponebamus:

323 5889 384 5928 cnm
424 5880 589 5933 aratonioO.
