3800 7350
305 1151 388 1222 l330
712 1157 864 1228 oufflo
885 1156 1110 1228 PHILIPPICA
1130 1158 1213 1225 VIII.

305 1330 444 1413 agimus,
471 1346 512 1392 ne
541 1327 612 1411 quis
641 1327 772 1410 posthac
793 1328 967 1414 quidquam
990 1328 1058 1394 eius
1082 1326 1170 1393 modi
1191 1326 1293 1414 possit
1312 1325 1472 1410 polliceri.
1510 1325 1636 1394 Invitus

306 1426 394 1500 dico,
416 1422 473 1490 sed
495 1420 664 1485 dicendum
686 1429 743 1486 est
786 1421 885 1486 Hasta
910 1423 1069 1499 Caesaris,
1090 1430 1196 1505 patres
1224 1420 1411 1504 conscripti,
1440 1419 1557 1492 multis
1579 1420 1637 1486 in-

305 1518 412 1603 probis
432 1524 466 1581 et
486 1535 574 1599 spem
595 1515 687 1580 affert
707 1523 739 1580 et
759 1516 933 1583 audaciam.
969 1517 1125 1582 Viderunt
1145 1517 1228 1580 enirn
1250 1534 1291 1580 ax
1311 1514 1470 1582 mendicis
1491 1510 1566 1580 beri
1587 1535 1637 1579 re·

306 1620 400 1695 pente
424 1609 554 1672 divites:
576 1608 685 1692 itaque
708 1629 831 1693 semper
851 1610 974 1674 hastam
989 1610 1097 1675 videre
1113 1609 1245 1692 cupiunt
1265 1610 1304 1684 ii,
1326 1610 1382 1692 qui
1401 1608 1526 1676 nouus
1541 1608 1636 1674 bonis

281 1707 487 1779 simmiueut,
520 1702 636 1786 quibus
667 1704 771 1766 omnia
797 1704 962 1787 pollicetur
987 1704 1154 1768 Antonius.
1198 1697 1249 1766 l0.
1276 1701 1362 1778 Quid
1394 1705 1481 1771 nos?
1513 1702 1635 1768 nostris

305 1798 498 1865 exercitibus
513 1795 592 1881 quid
612 1796 821 1880 pollicemur?
842 1797 941 1862 Multo
960 1797 1090 1862 meliora
1103 1804 1199 1881 atque
1213 1797 1342 1862 maiora.
1364 1798 1532 1864 Scelerum
1548 1798 1635 1862 enirn

303 1895 470 1979 promissio
492 1898 525 1956 et
550 1890 605 1966 iis,
637 1892 693 1975 qui
714 1898 915 1973 exspectant,
943 1892 1124 1975 peruiciosa
1145 1899 1193 1955 est
1214 1898 1246 1955 44
1266 1891 1322 1967 iis,
1353 1892 1409 1976 qui
1429 1891 1635 1978 promittunt.

303 1991 369 2052 Nos
397 1987 575 2051 libertatem
601 1983 718 2047 nostris
745 1985 914 2061 militibus,
944 1985 1046 2069 legas,
1072 1986 1157 2060 iura,
1186 1985 1320 2061 iudicia,
1349 1984 1523 2070 imperinm
1547 1982 1635 2048 orbis

303 2093 420 2156 terrae,
447 2078 648 2162 dignitatem,
675 2096 800 2161 pacem,
828 2080 927 2143 otium
958 2079 1154 2162 pollicemur.
1192 2080 1323 2144 Antonii
1348 2079 1444 2162 igitar
1473 2077 1635 2163 promissa

266 2186 294 2233 44
303 2183 447 2249 44444444,
477 2179 593 2246 444444,
623 2169 792 2246 scelerata,
823 2172 872 2236 dis
899 2172 1147 2257 hominibusque
1168 2172 1286 2248 invisa,
1315 2192 1375 2238 neo
1397 2173 1554 2242 diuturna
1575 2190 1642 2235 noc·

304 2268 473 2335 salutaris:
495 2272 603 2331 nostra
617 2264 889 2342 coutrabonesta,
911 2267 1048 2351 integra,
1070 2265 1224 2349 gloriosa,
1246 2266 1341 2350 plena
1360 2266 1514 2343 laetitiae,
1536 2264 1633 2350 plena

324 2363 439 2429 issatis.

303 2385 324 2448 p
388 2455 441 2522 IV.
464 2451 478 2519 4
485 2450 515 2517 4.
535 2452 595 2520 llic
620 2453 705 2532 mibi⁴
724 2453 819 2518 etiam
849 2453 888 2530 Q.
909 2453 1033 2531 Fufius,
1063 2454 1112 2518 vir
1138 2453 1228 2519 fortis
1252 2474 1290 2520 ac
1311 2461 1476 2532 44444444,
1508 2455 1631 2524 anricus

304 2571 410 2626 meus,
431 2549 520 2632 pacis
541 2546 706 2614 commoda
720 2555 955 2612 commemorat.
991 2547 1090 2624 Quasi
1111 2568 1202 2624 vero,
1224 2548 1252 2612 si
1274 2547 1433 2616 laudande
1452 2568 1521 2633 pu
1536 2556 1631 2623 44444,

267 2653 362 2729 44444
384 2642 418 2706 id
439 2660 542 2725 aeque
556 2640 719 2706 commode
740 2639 845 2706 lacere
866 2662 931 2706 non
953 2662 1088 2727 possem.
1124 2642 1229 2706 Semel
1249 2643 1332 2708 onim
1346 2662 1457 2728 paoem
1472 2640 1630 2708 defendit

304 2759 368 2803 non
389 2755 515 2819 semper
535 2734 601 2800 otio
623 2733 751 2798 studuit
774 2733 860 2818 quod
882 2756 953 2800 cum
969 2735 1115 2800 omnibus
1129 2735 1222 2800 bonis
1236 2735 1314 2800 utile
1330 2743 1429 2813 esset,
1451 2742 1522 2802 tum
1538 2755 1632 2820 prse-

304 2831 396 2914 cipue
417 2828 505 2894 mihi.
540 2828 642 2903 Quem
663 2827 747 2892 enim
769 2845 895 2892 cursum
916 2827 1070 2894 industria
1091 2847 1162 2892 mea
1183 2836 1289 2892 tenere
1311 2829 1469 2911 putruisset
1487 2830 1562 2894 siue
1582 2827 1631 2894 so-

296 2926 449 2990 -rsnsibus
471 2923 590 2998 causis,
612 2922 682 2986 sine
703 2921 842 3004 legibus,
864 2924 932 2987 sine
954 2922 1101 2987 iudiciis?
1124 2942 1206 3006 quae
1220 2941 1290 2987 esse
1304 2942 1369 2986 non
1392 2928 1531 3007 possunt
1544 2920 1632 2986 civili

303 3040 381 3104 pace
404 3019 534 3093 sublata,
570 3012 621 3081 42.
645 3015 707 3080 Sed
724 3035 855 3100 quaeso,
878 3014 1003 3090 Calene,
1019 3016 1096 3100 quid
1111 3018 1167 3079 tul
1189 3017 1494 3100 servitutempsoem
1508 3016 1631 3081 roeasl

266 3114 438 3177 summotos
460 3109 590 3196 quidem
611 3110 711 3173 nostri
733 3129 798 3172 non
819 3109 928 3184 modo,
951 3115 987 3172 ut
1008 3108 1099 3173 liberi
1121 3117 1243 3185 assant,
1264 3110 1449 3188 sedetiam,
1470 3116 1508 3174 nt
1528 3110 1632 3194 impe·
1661 3181 1667 3192 ,

304 3214 425 3281 carent,
447 3223 534 3269 mma
556 3203 737 3286 capiebant:
759 3210 794 3267 tu
815 3222 901 3267 arma
922 3202 1099 3267 abiicienda
1116 3223 1243 3280 censes,
1264 3209 1301 3268 ut
1318 3204 1515 3270 serviemus?
1538 3202 1632 3280 Quae

305 3322 401 3369 causa
427 3300 541 3366 iustior
569 3305 618 3364 est
645 3296 721 3362 belli
743 3298 871 3380 gerendi
894 3317 989 3381 quam
1011 3298 1169 3362 servitutis
1191 3297 1360 3381 depulsio?
1388 3297 1424 3364 in
1444 3316 1511 3380 qua
1531 3296 1632 3362 etiarn

305 3399 332 3461 si
360 3416 423 3460 non
452 3395 493 3458 sit
521 3392 672 3455 molestus
703 3391 866 3465 domiuus,
896 3398 1001 3455 tamen
1029 3399 1078 3455 est
1104 3392 1313 3457 miserrimum
1341 3412 1453 3477 posse,
1480 3391 1510 3458 si
1541 3390 1632 3456 velit.

304 3491 404 3555 Immo
425 3489 506 3552 alias
527 3504 641 3552 causae
662 3486 778 3559 iustae,
799 3485 879 3549 baec
901 3484 1078 3549 necessaria
1099 3491 1156 3549 est
1191 3486 1258 3550 Nisi
1279 3485 1361 3551 lorte
1382 3486 1423 3552 ad
1436 3493 1468 3549 te
1480 3485 1547 3549 hoc
1561 3503 1631 3547 non

266 3591 396 3668 toputas
424 3581 598 3665 pertinere,
628 3578 712 3664 quod
740 3586 771 3643 ts
798 3579 918 3643 socium
946 3578 1015 3643 lore
1037 3598 1144 3662 speras
1165 3578 1390 3644 dominationis
1409 3580 1555 3648 Antonii.
1590 3580 1631 3644 ln

305 3697 369 3762 quo
394 3675 444 3740 bis
472 3674 604 3740 laberis:
633 3674 784 3759 primum,
814 3673 901 3758 quod
932 3681 1002 3737 tuas
1029 3672 1167 3738 rationes
1196 3674 1415 3740 communibus
1435 3673 1630 3760 interponis,

304 3770 436 3845 deinde,
458 3768 546 3854 quod
568 3768 741 3853 quidquam
762 3767 874 3833 stabile
896 3775 950 3832 aut
971 3768 1143 3834 iucundum
1165 3768 1199 3834 in
1218 3789 1316 3852 regno
1343 3775 1445 3852 putas.
1484 3771 1575 3847 Non,
1602 3769 1631 3835 si

303 3864 360 3928 tibi
391 3871 486 3928 autea
517 3862 650 3949 profuit,
681 3882 806 3946 sempor
832 3862 983 3946 proderit.
1027 3857 1077 3924 43.
1100 3862 1187 3939 Quin
1219 3864 1312 3927 etiam
1341 3862 1381 3927 de
1407 3862 1466 3928 illo
1492 3860 1630 3929 bomine

304 3959 394 4045 queri
416 3958 557 4022 solebas:
579 3956 657 4042 quid
678 3962 709 4020 te
729 3956 885 4021 iacturum
906 3957 946 4021 de
968 3956 1062 4021 belua
1083 3961 1196 4040 putas?
1216 3960 1321 4042 Atque
1341 3959 1389 4025 ais
1404 3978 1477 4024 eum
1497 3964 1530 4023 44
1545 3977 1630 4034 esse,

266 4053 360 4137 toqui
381 4071 507 4136 semper
527 4069 638 4136 paoem
659 4051 794 4135 optaris,
815 4069 938 4135 semper
959 4069 1069 4115 omnes
1085 4052 1170 4117 cives
1185 4051 1322 4117 volueris
1336 4051 1450 4119 salvos.
1480 4050 1631 4117 Honesta

370 4353 394 4403 4.
412 4352 451 4417 oe]
467 4363 492 4413 p.
510 4362 542 4400 444
557 4347 593 4408 V;
617 4361 672 4399 non
695 4347 801 4398 uidetur
816 4361 837 4398 c.
856 4349 917 4412 post
932 4361 960 4410 ρ,
979 4347 1157 4408 intercidisse,
1180 4362 1242 4400 cum
1264 4349 1352 4400 statim
1373 4353 1463 4416 panes
1479 4351 1629 4417 conscripti

304 4427 477 4495 appellentur.
498 4450 524 4459 -
544 4424 678 4486 quicquum
694 4421 805 4485 vabg;
829 4418 955 4485 quiquam
970 4423 981 4472 t
999 4449 1026 4460 -
1047 4424 1072 4472 2.
1091 4424 1153 4486 dico]
1171 4425 1225 4474 dico
1241 4424 1274 4474 44
1289 4425 1312 4474 V
1330 4452 1358 4462 -
1375 4426 1418 4476 aed
1433 4429 1518 4476 4444444
1534 4438 1565 4490 ες
1584 4427 1630 4476 sed

303 4505 342 4554 pq,
358 4504 388 4554 ha
405 4528 432 4539 ..
454 4503 527 4553 iusto
546 4500 583 4550 D:
606 4499 656 4548 4444
673 4498 708 4556 V,
731 4510 763 4547 ex
785 4509 838 4561 qua
857 4495 970 4548 lectione
994 4499 1104 4563 apparet
1120 4499 1315 4550 correctionem
1330 4499 1376 4561 bo,
1401 4512 1471 4566 qnae
1491 4502 1554 4566 post
1570 4500 1628 4551 dico

303 4578 412 4643 legitur,
436 4591 469 4630 ex
490 4574 608 4637 margine
630 4574 656 4624 iu
677 4570 791 4624 alianum
813 4570 902 4622 locum
918 4569 1016 4623 illatam
1034 4585 1103 4624 esse.
1123 4599 1149 4609 -
1174 4572 1283 4636 inprobis
1299 4573 1322 4622 V
1340 4601 1368 4612 -
1386 4575 1410 4628 3.
1429 4574 1512 4639 adfert
1528 4574 1578 4638 vg
1596 4600 1624 4612 -

302 4655 419 4703 4444444444
434 4652 500 4704 carim
515 4662 549 4700 coc
563 4647 725 4704 mendicisV:
744 4647 783 4697 rui
799 4647 863 4697 444444
879 4660 911 4697 cn
927 4660 967 4697 444
982 4648 1120 4699 4444444444
1136 4649 1283 4713 (dedicerant
1299 4648 1325 4710 b)
1342 4650 1406 4700 D·-
1423 4647 1449 4701 4.
1467 4649 1545 4702 44444444
1559 4649 1625 4700 V-

303 4740 397 4790 souper
412 4728 511 4778 4444444
528 4724 619 4788 (msam
634 4723 665 4785 V]
683 4722 753 4774 moi:
774 4722 983 4794 lostom‘ssmpsr
999 4724 1020 4774 0
1036 4752 1069 4762 -
1089 4726 1108 4775 44
1125 4727 1151 4774 t:
1168 4726 1204 4775 lu'i
1219 4724 1251 4785 b,
1273 4726 1298 4774 444
1315 4726 1386 4792 Vag
1404 4749 1432 4762 -
1457 4727 1483 4778 d.
1501 4725 1563 4791 qnid
1579 4738 1627 4776 4444

303 4803 393 4851 44444444
408 4799 574 4853 merorem?
595 4801 655 4862 quid
673 4798 837 4862 pollicemur?
853 4800 879 4850 in
896 4802 931 4849 at
950 4799 1103 4852 distinctum
1120 4801 1206 4852 est-
1229 4801 1308 4850 4444444·
1323 4799 1346 4849 V
1364 4827 1391 4838 -
1416 4800 1441 4852 6.
1458 4800 1542 4851 multo
1558 4813 1575 4851 a
1594 4824 1623 4836 -

304 4876 606 4939 euronotus-om
623 4876 997 4938 contumescat-ow
1015 4876 1115 4926 disi)-
1130 4873 1283 4925 8.44444’444444
1299 4873 1372 4927 44444)
1386 4900 1414 4912 -
1433 4873 1497 4940 lopas
1513 4874 1623 4926 0¹th

302 4950 362 4999 iuro
377 4951 498 5013 leqoaDO
512 4977 539 4987 -
558 4951 755 5002 9.uslouiv-
775 4951 963 5002 ⁴0.cureotoV
977 4978 1005 4992 -
1023 4951 1192 5002 44444ὓο-
1208 4952 1246 5001 dis
1262 4963 1293 5015 g:
1311 4950 1378 5014 diV,
1396 4950 1447 5003 dcis
1462 4952 1487 5014 t,
1505 4950 1622 5002 (44440-

301 5025 415 5074 loculus
429 5050 455 5061 -
471 5037 549 5086 usqae
564 5026 950 5076 solutorioocontrameos.-
967 5026 1006 5077 43.
1019 5026 1167 5089 ibtlcsvt:
1185 5025 1264 5088 [4444444
1279 5024 1347 5090 abg
1361 5051 1388 5062 -
1406 5029 1504 5077 44444444
1516 5026 1626 5076 amicius

302 5098 363 5147 V-
378 5099 613 5160 lb.ldosqrob:
631 5101 658 5149 id
675 5103 696 5160 t;
716 5101 860 5162 idemes-
878 5100 962 5161 socero
978 5103 1104 5152 commode
1119 5104 1169 5151 4-
1188 5114 1283 5164 suuper
1298 5102 1364 5152 444444
1379 5099 1442 5150 b—
1458 5101 1499 5153 46.
1512 5100 1623 5154 esaslV:

300 5178 336 5223 444
351 5174 402 5224 Do
416 5200 444 5211 -
463 5174 503 5224 47.
520 5174 661 5224 carensibus
676 5174 738 5223 V·
759 5175 798 5226 48.
811 5174 932 5225 iudicibus
947 5174 965 5225 b
979 5200 1006 5211 —
1025 5176 1066 5228 49.
1080 5177 1139 5237 quid
1155 5176 1201 5226 tu?
1218 5178 1313 5228 Rosius
1326 5176 1394 5240 (Var.
1409 5175 1621 5239 Leott.11,t87):

301 5248 380 5310 quid?
396 5254 424 5300 tu
440 5250 474 5309 0;
498 5250 617 5302 Ernestio
634 5251 694 5312 quid
714 5252 868 5314 suspectum
885 5253 950 5300 erat.
971 5276 999 5289 -
1022 5251 1063 5303 20.
1081 5252 1172 5302 nostris
1187 5252 1210 5302 V
1227 5277 1256 5291 -
1277 5232 1305 5301 ol
1320 5256 1349 5301 444
1364 5251 1425 5315 4444,
1443 5249 1462 5301 b
1481 5276 1508 5287 -
1534 5250 1577 5301 24.
1597 5253 1625 5299 ts

300 5322 363 5373 Vb:
382 5329 410 5374 44
425 5329 454 5374 tu
468 5327 527 5387 agl
542 5352 576 5363 -
591 5323 746 5374 wrolomsu?
764 5337 824 5375 nos:
843 5327 988 5378 4444444444.
1002 5326 1064 5377 edd.
1083 5328 1190 5392 Signum
1207 5327 1419 5391 interrogationis
1435 5327 1462 5379 in
1479 5325 1623 5391 unoqus

300 5397 406 5448 videtur
422 5400 534 5448 exstare.
556 5424 583 5436 -
601 5397 642 5450 44.
661 5399 714 5448 olio
729 5411 809 5449 cosso
825 5400 892 5449 lustu
908 5401 929 5450 D
949 5426 976 5436 -
994 5401 1055 5452 boec
1071 5402 1155 5454 Vbt:
1174 5417 1205 5454 oc
1222 5416 1262 5466 ag
1279 5428 1306 5438 -
1326 5406 1360 5452 444
1377 5401 1466 5453 om.D
1485 5425 1514 5438 -
1531 5400 1624 5451 4444444

300 5472 624 5524 444-244.4444444Ὴ4
644 5499 670 5510 -
691 5472 1419 5542 iuquodirlquoulsV-td.liberlsV¹;scllerisD
1439 5475 1624 5539 -oueuossr

300 5547 336 5596 V:
355 5547 483 5610 culmosos
498 5548 549 5598 Do
569 5575 596 5584 -
614 5548 656 5598 27.
674 5553 719 5598 444
735 5549 784 5600 lus.
802 5550 830 5597 io
845 5550 991 5612 rsqoth:
1009 5550 1036 5600 444
1052 5565 1129 5617 raquo
1145 5557 1191 5604 out
1206 5553 1256 5603 4444.
1274 5550 1372 5616 abgO
1385 5576 1411 5586 -
1431 5548 1473 5603 28.
1491 5553 1550 5601 44444
1567 5551 1619 5600 4-

299 5624 369 5684 quiin
385 5625 461 5675 otiam
476 5624 542 5674 444444
558 5624 588 5674 de
603 5623 646 5673 4444
663 5624 695 5685 V,
712 5623 782 5674 unde
800 5624 915 5676 sasinus
931 5623 1116 5690 probabiliter:
1134 5628 1195 5690 quio
1211 5627 1300 5689 4444444,
1318 5626 1432 5688 munbi,
1450 5625 1481 5676 de
1495 5623 1552 5686 illo,
1570 5624 1622 5677 nisi

298 5699 387 5760 potius
402 5699 478 5751 4444444
495 5702 521 5750 44
537 5699 603 5750 otim
618 5698 687 5749 duae
705 5698 825 5750 diversae
842 5700 989 5765 scripturae
1006 5705 1075 5752 sunt.
1095 5729 1123 5740 -·
1141 5703 1183 5754 29.
1201 5701 1281 5753 4444444
1297 5703 1317 5753 0
1336 5725 1363 5740 -
1378 5706 1445 5767 putu
1460 5699 1483 5751 V
1499 5727 1527 5738 -
1545 5704 1622 5763 444444

299 5771 338 5820 444
355 5771 390 5822 V:
408 5777 463 5836 atq·
480 5786 523 5824 444
539 5776 566 5834 4;
591 5774 662 5836 atquc·
678 5773 1190 5839 ssabglotuulclsb1,otvidelur,
1211 5779 1272 5831 unte
1290 5775 1371 5840 4444.)
1388 5801 1416 5813 -·
1435 5787 1493 5827 44444
1509 5774 1540 5838 b,
1563 5787 1621 5826 44444

299 5851 516 5913 mosomus
535 5875 562 5888 -
585 5849 738 5913 34444444]
758 5849 894 5914 samech
913 5854 1130 5915 -optcmt-
1153 5848 1621 5907 mcccv-adsutum
