3800 7350
305 1203 386 1272 tttt
645 1215 796 1279 ORATIO
818 1215 896 1279 PIiO
918 1218 954 1279 T.
975 1216 1100 1279 ANNIO
1123 1215 1276 1279 MILONE

303 1380 470 1457 defendat,
499 1384 582 1447 hunc
604 1392 708 1447 autem
729 1385 807 1447 haec
829 1386 938 1447 eadem
962 1393 1117 1466 coarguat
1160 1384 1265 1446 «Nihil
1293 1405 1350 1465 per
1376 1384 1440 1447 vim
1470 1401 1620 1465 umquam

305 1476 450 1550 Clodius,
472 1478 577 1541 omnia
598 1496 655 1562 per
676 1477 736 1540 vim
759 1477 864 1540 Milo.»
908 1475 1015 1552 Quid?
1044 1497 1119 1559 ego,
1151 1478 1287 1551 iudices,
1316 1498 1386 1539 cum
1409 1476 1622 1539 maerentibus

306 1569 394 1632 vobis
416 1570 493 1633 urhe
515 1571 612 1645 cessi,
631 1571 833 1634 ‘iudiciumne
855 1570 964 1642 timui,
993 1589 1058 1632 non
1080 1589 1204 1645 servos,
1234 1591 1296 1633 non
1319 1590 1431 1645 cuma,¹
1448 1591 1513 1633 non
1534 1571 1622 1633 vim?

306 1664 393 1740 Quae
421 1663 533 1727 luisset
560 1664 655 1746 igitur
675 1664 755 1727 iusta
777 1684 871 1727 causa
891 1663 1076 1727 restituendi
1100 1664 1177 1737 mei,
1208 1665 1269 1727 nisi
1291 1664 1402 1727 luisset
1423 1664 1541 1728 iniusta
1563 1664 1622 1728 eii·

281 1756 432 1819 uolendi‘l
453 1757 542 1818 Diem
565 1756 658 1831 mihi,
681 1758 787 1833 credo,
809 1757 948 1830 dixerat,
970 1757 1098 1821 multam
1114 1759 1283 1841 irrogarat,
1305 1758 1459 1821 actionem
1476 1756 1624 1839 perduel-

304 1850 398 1913 lionis
418 1849 611 1924 intenderat,
641 1851 769 1914 etmihi
791 1850 939 1914 videlicet
960 1851 993 1913 in
1015 1871 1109 1915 causa
1131 1859 1185 1914 aut
1206 1851 1288 1914 mala
1308 1859 1363 1914 aut
1384 1870 1472 1923 mea,
1503 1869 1567 1912 non
1591 1856 1626 1912 et

304 1943 550 2025 praeclarissima
572 1952 604 2008 et
624 1952 743 2018 restra,
765 1944 915 2007 iudicium
935 1945 1108 2008 timendum
1129 1945 1199 2008 tuit.
1232 1946 1398 2007 Servorum
1414 1952 1447 2006 et
1462 1942 1625 2025 egentium

304 2038 420 2101 cisium
450 2047 482 2103 et
508 2040 756 2103 facinorosorum
783 2039 877 2103 armis
906 2057 994 2101 meos
1016 2039 1115 2112 cives,
1146 2039 1225 2102 meis
1246 2038 1388 2101 consiliis
1409 2037 1625 2120 periculisque

305 2140 459 2207 servatos,
481 2154 538 2215 pro
560 2153 611 2195 me
633 2132 726 2196 obiici
747 2132 846 2195 nolui.
889 2128 940 2194 37.
962 2130 1033 2193 Vidi
1056 2131 1156 2205 enim,
1178 2130 1242 2195 vidi
1264 2130 1349 2193 huuc
1370 2132 1473 2215 ipsum
1489 2130 1528 2206 Q.
1543 2130 1626 2192 Hor-

270 2225 457 2300 totensium,
487 2227 594 2290 lumen
625 2234 657 2289 et
682 2233 899 2289 ornamentum
928 2224 1157 2310 reipublicae,
1184 2245 1285 2308 paene
1308 2223 1441 2289 interlici
1462 2244 1625 2289 servorum

306 2338 416 2392 manu,
438 2340 509 2384 cum
532 2320 608 2383 mihi
628 2320 770 2383 adesset:
794 2339 855 2402 qua
877 2321 908 2382 in
930 2319 1021 2382 turba
1037 2319 1069 2381 C.
1086 2319 1238 2382 VibIeuus
1254 2328 1389 2393 senator,
1412 2320 1461 2383 vir
1474 2320 1624 2403 optimus,

305 2431 377 2474 cum
403 2412 465 2475 hoc
492 2435 561 2479 cum
588 2422 672 2478 esset
700 2433 781 2488 una,
810 2413 854 2475 ita
876 2420 924 2475 est
945 2412 1116 2486 mulcatus,
1147 2422 1182 2475 ut
1203 2414 1298 2477 vitam
1320 2414 1469 2478 amiserit.
1512 2415 1624 2496 Itaque

307 2505 433 2587 quando
463 2506 547 2571 illius
576 2516 688 2591 postea
709 2509 775 2571 sica
796 2507 865 2580 illa,
894 2526 988 2591 quam
1011 2526 1029 2568 a
1052 2506 1187 2570 Catilina
1208 2516 1388 2589 acceperat,
1418 2507 1624 2591 conquievit?

306 2598 391 2662 Ilaec
420 2600 572 2664 intentata
593 2601 686 2664 nobis
709 2609 772 2676 est,
801 2600 876 2664 huic
898 2619 957 2682 ego
979 2620 1035 2663 vos
1057 2599 1150 2662 obiici
1172 2620 1229 2684 pro
1252 2621 1302 2663 me
1325 2621 1387 2663 non
1409 2622 1478 2664 sum
1501 2620 1624 2682 passus,

270 2691 383 2755 tohaec
403 2693 550 2757 insidiata
571 2695 720 2778 Pompeio
743 2702 806 2768 est,
828 2693 906 2757 haec
929 2694 1020 2756 istam
1035 2694 1178 2777 Appiam,
1201 2695 1428 2757 monimentum
1451 2697 1499 2759 sui
1524 2694 1625 2758 nomi·

305 2786 368 2860 nis,
390 2807 467 2850 nece
489 2788 604 2871 Papirii
626 2791 814 2862 cruentavit,
834 2789 915 2852 haec
941 2785 1051 2849 eadem
1074 2787 1169 2869 longo
1196 2787 1362 2851 intervallo
1384 2808 1535 2852 conversa
1556 2809 1626 2851 rur·

304 2899 358 2943 sus
380 2890 429 2943 est
447 2882 481 2943 io
503 2902 569 2956 me3
591 2901 693 2964 nuper
716 2883 861 2965 quidem,
882 2889 918 2944 ut
939 2881 1039 2955 scitis,
1067 2901 1116 2944 me
1142 2881 1181 2944 ad
1206 2883 1324 2965 regiam
1351 2903 1452 2965 paene
1478 2881 1625 2945 coniecit

304 2970 355 3035 38.
379 2974 462 3049 Quid
484 2974 585 3039 simile
607 2975 755 3039 Milonis?
784 2976 874 3039 cuius
896 2976 943 3038 vis
965 2976 1069 3038 omnis
1089 2975 1168 3038 haec
1191 2996 1316 3059 semper
1336 2974 1411 3051 tuit,
1434 2997 1474 3038 nc
1496 2976 1529 3039 P.
1552 2975 1626 3038 Clo·

306 3068 392 3141 dius,
415 3089 485 3131 cum
508 3069 540 3131 in
563 3069 716 3133 iudicium
738 3070 860 3134 detrahi
883 3088 946 3131 non
969 3076 1093 3151 posset,
1115 3070 1147 3132 vi
1163 3089 1344 3152 oppressam
1360 3070 1515 3133 civitatem
1537 3078 1626 3133 tene·

268 3170 361 3225 roret.
394 3163 496 3238 Quem
519 3165 545 3226 si
567 3163 744 3227 interficere
766 3164 933 3237 voluisset,
966 3172 1103 3247 quantae
1132 3163 1279 3246 quotiens
1302 3164 1499 3237 occasIones,
1529 3183 1625 3248 quam

305 3256 484 3337 praeclarae
515 3256 658 3320 Iuemntl
691 3257 854 3331 Potuitne,
887 3277 957 3319 cum
988 3256 1114 3320 domum
1145 3277 1181 3320 ac
1210 3257 1287 3320 deos
1315 3264 1443 3339 penates
1472 3277 1546 3320 suos
1569 3256 1625 3318 illo

305 3356 507 3432 oppugnante
531 3350 730 3425 defenderet,
752 3351 820 3413 iure
843 3371 877 3414 so
899 3350 1032 3414 ulcisci‘l
1054 3350 1198 3434 potuitne
1221 3350 1279 3413 civi
1296 3351 1420 3434 egregio
1436 3359 1467 3415 ct
1481 3352 1548 3415 viro
1561 3350 1626 3414 lor·

304 3444 440 3518 tissImo,
471 3445 503 3507 P.
528 3445 647 3520 Sestio,
681 3444 799 3527 collega
822 3465 894 3519 suo,
922 3444 1108 3507 vulnerato?
1138 3446 1281 3528 potuitne
1304 3445 1343 3519 O.
1364 3445 1525 3520 Fabricio,
1554 3445 1625 3507 viro

305 3538 441 3617 optimo,
469 3558 539 3601 cum
568 3540 608 3601 de
637 3537 742 3601 reditu
770 3558 841 3601 meo
869 3538 971 3620 legem
993 3538 1103 3612 terret,
1129 3538 1239 3621 pulso,
1262 3538 1479 3602 crudelissima
1501 3541 1533 3602 in
1555 3539 1624 3602 loro

267 3631 401 3695 ttcaede
422 3631 526 3695 iactat
548 3633 691 3717 potuitne
713 3633 748 3695 L.
772 3632 915 3707 Caecilii,
937 3631 1105 3695 iustissimi
1128 3633 1354 3718 fortissimique
1377 3634 1547 3718 praetoris,
1569 3623 1656 3718 op·x

305 3734 443 3807 pugnata
465 3726 585 3789 domo?
619 3727 761 3811 potuitne
783 3726 840 3788 illo
864 3726 932 3801 die,
955 3747 1027 3790 cum
1049 3735 1097 3790 est
1119 3726 1182 3789 lata
1203 3726 1256 3790 lex
1278 3728 1317 3790 de
1339 3731 1412 3791 mei
1435 3748 1504 3792 cum
1527 3728 1626 3791 totius

305 3819 412 3882 Italiae
434 3841 622 3896 concursus,
646 3841 738 3904 quem
761 3841 831 3882 mea
853 3821 937 3884 salus
962 3820 1146 3894 concitarat,
1168 3820 1242 3884 lacti
1265 3821 1350 3883 illius
1368 3821 1497 3904 gloriam
1513 3821 1626 3884 lubens

304 3915 498 3993 agnovisset,
521 3923 570 3989 ut,
594 3917 687 3978 etiam
710 3914 737 3976 si
759 3913 791 3975 id
813 3914 888 3976 IlIilo
911 3914 1052 3987 lecisset,
1075 3922 1187 3976 cuncta
1213 3914 1321 3977 civitas
1337 3935 1405 3977 cam
1428 3914 1551 3978 laudem
1567 3937 1625 3998 pro

304 4028 359 4070 sua
386 4008 566 4071 vindicaret.
611 4009 677 4071 XV.
700 4004 750 4069 39.
773 4008 813 4069 At
836 4007 921 4089 quod
945 4016 1012 4070 erat
1041 4010 1186 4088 tempus?
1217 4007 1414 4071 Clarissimus
1437 4017 1469 4071 et
1490 4010 1627 4072 fortissi-

266 4117 372 4164 aomus
394 4103 521 4175 consul,
542 4102 688 4164 inimicus
712 4100 834 4175 Clodio,
858 4097 903 4184 [P.
924 4097 1100 4183 Lentulus]
1125 4101 1209 4164 ultor
1230 4101 1359 4164 sceleris
1382 4102 1485 4178 illius,
1508 4123 1626 4186 propu-

305 4204 417 4278 gnator
437 4205 580 4269 senatus,
603 4195 750 4257 defensor
771 4203 892 4257 vestrae
915 4194 1105 4269 voluntatis,
1128 4202 1278 4276 patronos
1300 4195 1416 4277 publici
1440 4216 1625 4268 consensus,

305 4290 466 4353 restitutor
487 4289 596 4353 salutis
620 4309 725 4364 meae;
747 4296 867 4372 septem
886 4295 1057 4372 praetores,
1080 4295 1152 4350 octo
1167 4288 1285 4351 tribuni
1299 4288 1401 4371 plebei
1417 4290 1501 4354 illios
1516 4290 1626 4353 adver-

306 4383 396 4457 sarii,
418 4381 599 4446 defensores
621 4384 700 4458 mei;
733 4382 787 4445 Co.
810 4383 997 4465 Pompeius,
1024 4389 1132 4446 auctor
1153 4391 1185 4445 et
1206 4383 1271 4444 dux
1292 4383 1354 4444 mei
1376 4383 1511 4457 reditus,
1541 4384 1626 4447 illius

371 4693 395 4741 Ξ.
412 4697 534 4755 compunt
554 4690 648 4743 santus
670 4689 825 4753 (etquidem
848 4694 943 4740 nmero
964 4691 1159 4751 consuetudoque
1175 4691 1216 4739 est
1234 4683 1265 4738 ἓν
1281 4685 1328 4740 ded
1344 4686 1464 4752 ductant:
1487 4694 1629 4754 coorpsmnt

307 4764 385 4817 codd.
405 4769 431 4815 et
448 4766 467 4814 0
482 4792 509 4802 -
526 4766 551 4814 2.
564 4778 608 4828 epo
624 4764 686 4815 TE:
704 4778 764 4828 erpo
781 4766 827 4813 SO
846 4791 872 4799 -
897 4764 1046 4814 meremtlms
1061 4763 1109 4813 ΤΡ.
1128 4790 1153 4798 -
1178 4761 1201 4812 I.
1222 4765 1291 4825 Quae
1313 4764 1398 4826 lauret
1409 4790 1445 4801 --
1460 4765 1561 4814 metendi
1578 4765 1628 4814 ha·

307 4841 354 4891 bet
370 4842 389 4891 Β
408 4868 434 4876 -
456 4840 557 4890 eiciendi
574 4837 636 4898 EB;
658 4840 758 4890 emundi
775 4839 868 4889 eiI'·
884 4839 1064 4901 perduelltones
1080 4838 1100 4887 E
1115 4864 1140 4871 -
1160 4838 1183 4886 6.
1198 4853 1247 4887 non
1263 4840 1344 4889 etW:
1364 4854 1414 4888 non
1431 4840 1453 4888 ei
1469 4839 1532 4897 TE;
1550 4852 1594 4888 nec
1611 4841 1628 4890 S

308 4944 334 4953 —
355 4918 379 4967 9.
397 4916 458 4966 oliti
474 4915 522 4965 TE
542 4940 569 4949 -
587 4914 646 4977 uidi]
664 4915 716 4962 iud.
732 4905 755 4963 'I‘
771 4940 797 4949 -
815 4913 945 4975 {psalmone
960 4913 1110 4963 hortensium
1126 4914 1146 4963 'I
1164 4939 1190 4948 -
1212 4915 1250 4964 to.
1267 4928 1344 4976 poeste
1360 4914 1380 4964 Τ
1398 4940 1426 4950 -
1452 4916 1491 4964 tt.
1509 4915 1629 4964 multatus

306 4992 381 5042 TES
400 5017 427 5026 -
449 4989 488 5038 43.
507 4990 606 5051 quondo
622 4989 824 5050 consumens
839 4988 941 5050 confecit
958 4986 1039 5037 habet
1056 4992 1074 5037 Α
1091 5015 1114 5025 -
1137 4987 1175 5039 44.
1194 4990 1289 5038 tntmto
1306 4988 1384 5038 codd.
1397 4990 1502 5039 Asconii
1519 4991 1545 5039 tn
1563 4989 1628 5040 lem·

307 5070 390 5126 mato,
409 5065 456 5115 sed
474 5063 552 5114 iidem
566 5065 591 5115 to
606 5063 705 5114 scholio
716 5064 845 5113 totostoto.
861 5090 887 5098 -
906 5062 1062 5111 obttctuoss
1079 5088 1103 5096 -
1123 5063 1186 5112 odtct
1202 5064 1290 5112 TE-
1307 5059 1384 5126 passu
1397 5064 1416 5114 E
1431 5088 1456 5098 -
1475 5076 1563 5125 possus
1578 5078 1629 5112 non

305 5156 360 5191 sum
377 5139 453 5191 codd.
466 5140 569 5190 Asconii
587 5141 612 5188 in
630 5138 764 5197 lemmate,
782 5139 830 5189 sed
847 5138 926 5189 iidem
945 5138 971 5187 iu
988 5135 1088 5188 scholio
1104 5152 1155 5186 non
1171 5150 1226 5188 sum
1239 5151 1336 5199 possus.
1356 5163 1382 5172 —
1404 5139 1443 5186 45.
1462 5137 1543 5200 latum]
1559 5138 1629 5186 utam

307 5220 367 5266 A-
386 5215 562 5264 monimentum
577 5214 642 5263 TE:
660 5219 844 5262 monumentum
860 5214 906 5263 So
924 5239 950 5248 -
971 5212 1077 5262 nomime
1092 5212 1162 5261 autA
1176 5238 1203 5247 -
1224 5214 1264 5261 46.
1279 5213 1367 5274 poptm'
1383 5214 1415 5269 Τ;
1433 5213 1536 5275 Papirio
1547 5211 1625 5262 codd.

308 5293 411 5343 Asconii
429 5292 534 5354 praeter
549 5288 652 5348 Amba..
671 5287 716 5351 qui
733 5286 814 5337 habet
829 5288 933 5350 Popim'i.
954 5314 982 5324 -
1000 5288 1061 5337 lroec
1077 5287 1158 5336 Tss:
1182 5287 1257 5348 doec,
1274 5288 1334 5338 doec
1351 5289 1399 5338 EO
1418 5315 1445 5324 -
1465 5289 1504 5337 47.
1522 5293 1557 5337 est
1573 5300 1626 5336 om.

308 5369 372 5417 Ε-
391 5379 430 5415 me
446 5367 506 5414 ante
524 5365 558 5414 od
574 5377 627 5414 orn.
646 5365 668 5412 A
686 5389 713 5399 -
733 5363 772 5413 48.
790 5360 868 5412 unta
886 5364 921 5423 E;
939 5363 999 5413 tort.
1017 5363 1095 5412 noctu
1110 5363 1127 5411 e'
1145 5385 1171 5397 —
1191 5362 1233 5411 20.
1252 5363 1329 5424 Quem
1344 5364 1413 5411 stu
1429 5364 1530 5426 {uemmt
1546 5361 1629 5412 habet

310 5444 328 5492 Β
347 5467 373 5476 -
392 5441 502 5502 quotiens
518 5443 541 5488 et
556 5442 665 5500 quantoe
681 5437 835 5486 occursiones
850 5438 870 5487 B
886 5466 912 5475 -
931 5439 1043 5500 quotiens
1058 5437 1174 5487 TEBS:
1195 5437 1288 5498 estotim
1304 5437 1324 5486 0
1338 5461 1365 5473 -
1384 5438 1425 5487 23.
1438 5440 1464 5488 P.
1477 5438 1563 5488 Scotto
1579 5438 1628 5487 col·

306 5518 362 5580 lopo
376 5528 421 5565 suo
435 5513 599 5564 volneratoll
621 5538 649 5548 -
674 5512 745 5561 aestto
766 5511 851 5561 Ins:
874 5512 960 5562 Sextio
981 5512 1069 5574 BINO
1089 5538 1115 5546 —
1139 5512 1438 5574 summouentem
1460 5511 1541 5562 habet
1558 5516 1578 5562 A
1598 5540 1624 5549 -

306 5589 392 5639 coenlt
408 5589 442 5648 E;
466 5587 543 5637 cectltt
558 5586 604 5636 ts
622 5612 648 5621 -
672 5586 800 5648 fortissimi
815 5586 989 5648 tmttsstmlque
1005 5585 1063 5635 cod.
1082 5587 1179 5635 Ascon.
1196 5584 1319 5636 Ambros.
1336 5611 1363 5621 -
1381 5587 1422 5636 28.
1440 5588 1579 5650 amouisset
1594 5586 1625 5637 S:

306 5665 340 5713 od
355 5663 507 5727 copnoulsset
522 5661 558 5720 E;
581 5672 634 5709 om.
649 5660 669 5709 'I
688 5685 715 5695 -
734 5659 774 5708 30.
793 5661 818 5709 P.
835 5661 949 5711 tunultu
965 5662 1093 5710 restitutor
1107 5661 1196 5709 solutis
1210 5673 1292 5721 nuce,
1309 5665 1399 5723 reptem
1413 5667 1555 5723 praetores,
1573 5665 1626 5710 octo

306 5737 398 5786 tribuni
413 5735 489 5798 plebis
505 5733 585 5784 habet
601 5736 620 5785 B
634 5761 661 5770 -
683 5733 884 5798 «Interpolatum
900 5736 926 5786 P.
940 5736 1056 5786 Lentulus
1072 5735 1227 5799 pessumdat
1242 5737 1448 5787 enumerationis
1458 5739 1511 5787 vim
1526 5738 1552 5786 et
1568 5749 1627 5800 gra·

307 5814 442 5862 vitatem.»
461 5812 538 5860 Baro.
558 5837 585 5847 -
604 5811 644 5860 34.
660 5809 753 5873 potos
768 5810 832 5861 TE:
847 5810 914 5860 ttltua
925 5809 1019 5873 pudllcl
1034 5810 1080 5859 80
1098 5836 1125 5846 -
1149 5810 1190 5861 34.
1204 5809 1283 5873 plebei
1299 5810 1332 5860 T:
1356 5811 1393 5874 pl.
1411 5811 1445 5869 Ες
1469 5811 1546 5875 poto
1566 5811 1624 5873 sp)

309 5888 354 5939 SO
374 5914 400 5923 -
419 5884 494 5953 wau]
511 5885 576 5938 uun
591 5885 700 5941 cuuto
719 5910 746 5922 -
773 5885 813 5937 3³.
831 5899 863 5936 cn
879 5884 906 5937 Is.
923 5883 941 5938 l.
960 5886 991 5946 T;
1011 5885 1075 5937 ilem
1093 5898 1120 5952 p.
1139 5886 1212 5947 stoa,
1230 5884 1254 5937 9.
