3800 7350
303 1183 386 1251 taio
717 1190 868 1254 ORATIO
890 1188 1114 1253 PHILIPPICA
1135 1191 1205 1253 ΧΠ.

299 1381 363 1424 non
385 1361 519 1446 publica.
556 1359 647 1434 Quod
676 1359 819 1422 videbam
842 1359 1011 1443 equidem,
1041 1360 1097 1422 sed
1119 1360 1209 1441 quasi
1239 1379 1295 1443 per
1317 1359 1500 1441 caliginem:
1534 1379 1626 1443 prae·

298 1455 465 1516 strinxerat
485 1454 586 1516 aciem
607 1453 703 1515 animi
726 1454 762 1514 Ι).
786 1454 872 1515 Bruti
893 1453 988 1515 salus.
1026 1452 1119 1528 Quod
1141 1454 1167 1514 si
1191 1453 1223 1515 in
1248 1453 1332 1516 bello
1354 1453 1425 1516 dari
1441 1453 1553 1515 vicarii
1572 1473 1625 1515 so·

298 1547 412 1619 lerent,
442 1547 577 1610 libenter
599 1567 663 1618 me,
687 1555 721 1609 ut
743 1550 779 1609 D.
801 1549 916 1609 Brutus
938 1547 1150 1621 emitteretur,
1181 1567 1238 1629 pro
1260 1545 1316 1609 illo
1340 1546 1462 1610 includi
1485 1555 1623 1628 paterer.

299 1636 330 1702 I.
345 1642 448 1720 Atque
471 1640 529 1702 hac
549 1660 626 1703 voce
649 1639 687 1715 Q.
703 1638 781 1702 Fulii
804 1641 887 1721 capti
909 1660 1033 1701 sumus:
1059 1660 1116 1701 sne
1138 1640 1164 1702 si
1190 1639 1343 1702 allutina
1367 1640 1496 1723 quidem
1520 1659 1626 1702 reces-

278 1734 394 1805 cserit,
423 1733 587 1797 audiemus
609 1735 802 1797 Antonium?
831 1753 872 1795 ne
901 1733 927 1796 si
951 1734 988 1794 in'
1006 1742 1135 1796 senatus
1158 1733 1284 1816 quidem
1307 1742 1463 1817 potestate
1484 1734 1625 1796 futurum

302 1848 337 1890 se
358 1827 523 1890 dixeritis
555 1829 675 1890 Durum
696 1823 877 1889 videbatur:
906 1826 1014 1907 itaque
1036 1826 1125 1889 fracti
1147 1847 1269 1901 sumus,
1293 1827 1456 1891 cessimus.
1494 1827 1627 1890 Recedit

302 1919 584 2002 igiturallutina‘i
610 1921 768 1983 «Nescio»
800 1921 891 1981 Paret
905 1920 1051 1981 senatui?
1077 1919 1226 1993 «Credon
1252 1920 1355 2002 inquit
1370 1921 1524 1996 Calenus,
1550 1920 1624 1982 ised

302 2013 363 2085 ita,
385 2022 421 2075 ut
441 2022 546 2076 teneat
567 2014 779 2096 dignitatem.»
817 2012 915 2075 Valde
936 2012 1082 2075 hercules
1097 2013 1185 2076 vobis
1208 2013 1412 2076 laborandum
1430 2023 1494 2089 est,
1517 2022 1625 2096 patres

302 2107 489 2189 conscripti,
517 2116 551 2170 ut
571 2116 706 2171 vestram
728 2107 912 2189 dignitatem
933 2106 1098 2179 amittatis,
1127 2126 1208 2189 quae
1231 2108 1366 2169 maxima
1389 2115 1452 2183 est,
1483 2108 1624 2180 Antonii,

265 2216 383 2283 requae
405 2222 509 2285 neque
532 2211 580 2265 est
603 2202 666 2264 ulla
687 2221 792 2284 neque
815 2219 883 2263 esse
906 2207 1027 2282 potest,
1050 2202 1226 2274 retineatis,
1249 2209 1284 2263 ut
1305 2221 1374 2265 eam
1396 2222 1453 2285 per
1468 2222 1526 2265 vos
1546 2205 1626 2267 reoi-

303 2300 407 2377 peret,
431 2315 525 2378 quam
547 2315 659 2376 perse
681 2294 827 2376 perdidit.
874 2294 907 2356 si
930 2292 1036 2355 iacens
1058 2295 1216 2357 vobiscum
1240 2295 1357 2377 aliquid
1379 2305 1504 2377 ageret,
1535 2297 1627 2360 audi-

302 2408 368 2451 rem
389 2388 538 2452 sortasse:
562 2408 752 2472 quamquam
774 2386 885 2449 -sed
908 2386 969 2448 hoc
991 2387 1072 2449 malo
1095 2387 1218 2450 dicere:
1240 2389 1391 2452 audirem.
1428 2391 1530 2456 Stanti
1547 2391 1627 2453 resi·

303 2482 448 2545 stendum
472 2490 533 2556 est,
555 2490 611 2544 aut
631 2479 834 2544 concedenda
854 2500 917 2542 una
939 2500 1010 2543 cum
1032 2480 1184 2561 dignitate
1205 2481 1345 2544 libertas.
1387 2481 1417 2544 5.
1440 2485 1481 2545 At
1496 2503 1560 2545 non
1578 2491 1628 2545 est

303 2576 474 2657 integrum:
498 2575 668 2638 constituta
689 2574 804 2656 legatio
821 2581 879 2637 est
907 2573 991 2648 Quid
1013 2582 1119 2636 autem
1142 2593 1204 2636 non
1229 2575 1386 2659 integrum
1408 2584 1456 2639 est
1477 2577 1627 2658 sapienti,

266 2668 388 2750 eoquod
411 2670 534 2732 restitui
558 2672 680 2751 potest‘l
705 2668 852 2731 Cuiusvis
873 2667 1009 2730 hominis
1032 2676 1080 2729 est
1097 2686 1212 2739 errare,
1235 2657 1352 2730 millius
1368 2669 1428 2730 nisi
1444 2670 1628 2751 insipientis

303 2763 336 2823 in
359 2781 463 2824 errore
485 2781 703 2844 perseverare:
731 2760 919 2845 posteriores
947 2762 1033 2824 enim
1062 2760 1284 2843 cogitationes,
1313 2770 1347 2823 ut
1368 2761 1473 2837 aiunt,
1501 2764 1629 2847 sapien·

303 2856 397 2918 tiores
419 2856 522 2919 solent
542 2876 622 2920 esse.
658 2856 807 2919 Discussa
830 2863 878 2916 est
898 2854 955 2917 illa
976 2856 1095 2937 caligo,
1117 2874 1212 2938 quam
1235 2854 1329 2936 paulo
1351 2862 1422 2917 ante
1437 2856 1521 2917 dixi:
1544 2856 1629 2919 dilu-

304 2949 367 3021 xit,
396 2957 496 3031 patet,
530 2950 672 3013 videmus
701 2951 821 3022 omnia,
855 2969 959 3031 neque
991 2970 1049 3032 per
1070 2968 1128 3011 nos
1150 2948 1270 3021 solum,
1302 2949 1358 3010 sed
1380 2948 1629 3013 admonemura

304 3044 429 3105 nostris.
476 3044 663 3106 attendistis
695 3043 790 3124 paulo
820 3052 893 3127 ante
922 3041 1181 3125 praestantissimi
1212 3042 1272 3103 viri
1302 3061 1382 3123 quae
1410 3044 1628 3107 assecuratio.

267 3136 470 3211 sollaestam,
492 3137 613 3220 inquit,
636 3136 763 3199 domum
779 3136 912 3209 ollandi,
936 3136 1111 3216 coniugem,
1134 3135 1261 3197 liberos.
1295 3134 1537 3197 admirabantur
1550 3135 1628 3198 boni

304 3228 378 3302 viri,
410 3230 599 3293 accusabant
626 3230 734 3302 amici,
767 3231 853 3312 quod
884 3250 941 3312 spe
972 3232 1059 3312 pacis
1090 3228 1279 3309 legationem
1302 3229 1522 3309 suscepissem.
1564 3232 1631 3292 Nec

305 3325 433 3399 mirum,
455 3327 489 3388 P.
506 3323 628 3386 Servili.
662 3324 738 3385 Tuis
761 3325 845 3385 enim
868 3323 1076 3386 severissimis
1091 3323 1348 3405 gravissimisque
1364 3323 1529 3388 sententiis
1542 3325 1629 3386 omni

306 3427 440 3482 estnon
463 3421 533 3482 dico
555 3418 722 3499 dignitate,
745 3417 801 3479 sed
824 3417 916 3480 etiam
941 3437 997 3497 spe
1019 3414 1130 3477 salutis
1152 3414 1304 3498 spoliatus
1327 3416 1491 3478 Antonius.
1534 3415 1565 3479 6.
1581 3418 1630 3480 sd

306 3533 378 3575 eum
401 3513 446 3575 ire
469 3521 499 3575 te
521 3513 677 3593 legatum,
700 3512 772 3594 quis
795 3531 859 3573 uon
881 3510 1067 3573 miraretur?
1101 3509 1147 3570 De
1170 3528 1220 3571 me
1242 3509 1405 3590 experior:
1435 3512 1524 3573 cuias
1544 3512 1630 3574 idem

268 3608 493 3681 atcunsilium,
515 3605 602 3691 quod
624 3613 726 3679 tuum,
749 3607 851 3668 sentio
874 3623 967 3689 quam
989 3600 1247 3685 reprehendatur.
1285 3604 1348 3664 Nos
1369 3603 1633 3686 reprehendimur

306 3702 393 3764 solil
423 3701 532 3776 Quid‘i
562 3701 609 3762 vir
636 3699 827 3761 fortissimus
856 3701 958 3760 Pansa
979 3697 1048 3759 sine
1071 3716 1166 3759 causa
1187 3697 1283 3777 paulo
1305 3705 1377 3760 ante
1399 3706 1461 3760 tam
1483 3706 1631 3762 accurate

305 3793 427 3857 locutus
457 3802 505 3856 est
533 3802 595 3856 tam
625 3793 702 3855 diui
743 3792 827 3867 Quid
849 3793 913 3874 egit
935 3791 995 3852 nisi
1017 3792 1062 3853 uti
1085 3790 1195 3854 salsam
1214 3792 1406 3875 proditionis
1429 3814 1446 3856 a
1470 3796 1631 3876 sessuspi-

305 3889 425 3950 cionem
456 3886 648 3968 depelleret?
682 3886 770 3948 Unde
799 3894 903 3948 autem
926 3887 986 3947 ista
1008 3885 1146 3967 s'uspi'cio
1169 3889 1240 3948 est‘l
1272 3886 1321 3947 Er
1344 3888 1431 3967 pacis
1453 3889 1630 3971 patrocinio

304 3983 487 4064 repentino,
510 3980 595 4062 quod
619 3980 723 4042 subito
746 3979 898 4060 suscepit,
921 3979 1033 4040 eodem
1055 3983 1166 4060 captus
1189 4000 1296 4043 errore
1319 4001 1382 4062 quo
1406 4001 1474 4043 nos.

267 4085 296 4132 ao
390 4075 443 4135 Ill.
466 4073 495 4135 7.
519 4074 610 4149 Quod
633 4074 659 4136 si
683 4081 732 4135 est
754 4080 905 4146 erratum,
933 4079 1037 4154 patres
1059 4073 1245 4154 conscripti,
1278 4075 1334 4156 spe
1355 4074 1434 4136 salsa
1454 4083 1551 4158 atque
1573 4075 1631 4137 fal·

305 4169 380 4244 laci,
403 4169 569 4232 redeamus
592 4168 624 4230 in
647 4169 739 4230 viam.
776 4167 922 4249 Optimus
946 4174 994 4228 est
1016 4173 1126 4247 portus
1148 4167 1321 4248 paenitenti
1345 4169 1476 4230 mutatio
1494 4169 1630 4231 consilii.

313 4341 557 4349 ”wne-n..
566 4343 581 4346 ,Α
594 4342 619 4346 -
629 4342 635 4345 .
682 4340 728 4344 .-.,.
744 4340 761 4343 ..
792 4340 794 4343 .
815 4339 903 4343 ν--ψ,
926 4338 931 4341 -
944 4338 949 4342 .
961 4338 970 4341 -
1098 4339 1108 4342 ,
1125 4339 1157 4342 γ..
1172 4339 1186 4342 ,7
1199 4337 1319 4344 -.-,,«,,
1330 4340 1625 4347 —.›<·-—.—-—..—-

371 4462 392 4508 t.
410 4461 628 4521 praeeminuerunt
645 4460 671 4511 t;
691 4456 875 4519 perstrinxerat
891 4455 953 4503 abi
973 4481 998 4491 -
1023 4456 1048 4503 ἱ.
1066 4454 1146 4503 actem
1162 4455 1236 4504 amici
1253 4454 1380 4504 denarii
1401 4481 1425 4491 -
1448 4457 1480 4505 D.
1500 4469 1554 4506 om.
1573 4458 1581 4505 i
1601 4484 1629 4495 -

305 4534 329 4585 t.
347 4536 422 4596 Atqui
438 4536 592 4597 Naugerius.
607 4559 633 4569 -
653 4531 732 4593 quinti
749 4530 791 4579 ab
808 4555 841 4566 -
855 4529 902 4592 [att
918 4532 967 4586 at;
985 4529 1044 4591 [usit
1061 4527 1097 4576 bi
1117 4551 1143 4564 -
1171 4542 1202 4577 ee
1217 4528 1247 4592 si]
1264 4530 1313 4577 etsi
1330 4531 1360 4578 ai
1384 4556 1409 4566 -
1428 4532 1452 4580 5.
1469 4536 1589 4593 potestate
1605 4533 1628 4580 i:

301 4613 445 4671 potestatem
462 4610 521 4658 DO.
540 4608 586 4656 Vix
605 4605 678 4656 credi
696 4607 782 4669 potest
799 4604 955 4654 Ciceronem
968 4605 1107 4668 scripsisse
1120 4603 1145 4652 h.
1159 4602 1176 4653 l.
1190 4605 1216 4652 ie
1230 4610 1388 4665 potestatem
1407 4617 1468 4655 nam
1481 4606 1507 4654 in
1519 4604 1583 4656 Phil.
1597 4608 1630 4655 ill

305 4697 411 4748 quoque
428 4682 443 4745 5
460 4684 475 4733 8
494 4685 513 4733 D
531 4681 630 4732 hubent
646 4685 799 4730 retenturum
815 4680 841 4727 ic
855 4684 1012 4740 potestatem,
1030 4678 1079 4727 sed
1096 4679 1119 4727 V
1135 4679 1161 4727 ie
1174 4683 1306 4740 potestate,
1326 4680 1433 4728 utitem
1450 4679 1510 4729 Vin
1528 4692 1568 4728 or.
1586 4679 1628 4741 Vl,

305 4759 319 4821 ἐ
337 4758 352 4809 l
370 4761 397 4807 et
414 4759 448 4818 ll,
468 4758 481 4819 S
499 4759 530 4807 25
548 4757 637 4806 habet.
652 4781 679 4791 -
699 4757 723 4804 6.
742 4754 872 4803 uidebatur
889 4755 932 4803 ti:
949 4754 1073 4802 uidebitur
1089 4753 1158 4814 abg
1173 4781 1199 4789 -
1218 4755 1312 4802 recedet
1329 4759 1339 4803 t
1355 4754 1414 4803 fort.
1429 4757 1514 4814 recte,
1534 4768 1631 4818 quarn·

305 4846 386 4895 quam
403 4834 523 4895 sequitur
537 4837 610 4893 paret
625 4832 721 4880 senatui
732 4857 765 4866 -
781 4830 806 4879 8.
818 4829 927 4877 lercules
943 4829 1012 4877 eti:
1030 4829 1128 4877 immae
1140 4827 1157 4876 b
1168 4829 1212 4890 gO
1226 4855 1252 4863 -
1267 4828 1291 4877 9.
1304 4829 1463 4877 admittatist
1477 4857 1503 4863 —
1523 4831 1564 4878 to.
1576 4830 1631 4877 satta

304 4913 339 4957 cst
355 4920 370 4954 a
390 4934 416 4942 -
435 4908 551 4968 reciperet
569 4907 593 4954 t:
613 4908 740 4966 recuperet
756 4903 776 4952 0
793 4930 825 4939 -
848 4905 887 4951 tt.
907 4903 1027 4950 siiacees
1043 4904 1068 4951 id
1084 4903 1210 4953 eodismm
1227 4906 1312 4966 ageret
1329 4903 1337 4951 i
1355 4929 1381 4937 -
1409 4904 1448 4952 ⁴2.
1465 4906 1550 4953 statim
1566 4906 1630 4953 resi-

303 4984 415 5032 stendum
431 4987 465 5030 est
480 4987 564 5030 autem
575 4981 632 5043 (per
643 4979 741 5042 comp.)
752 4979 931 5027 concedendum
948 4980 958 5025 t
977 5002 1003 5012 -
1024 4975 1063 5026 tt.
1076 4977 1139 5038 legio
1151 4976 1189 5025 bt
1203 5003 1229 5014 —
1248 4982 1283 5026 est
1298 4990 1351 5026 om.
1367 4977 1374 5025 i
1393 5003 1420 5013 -
1438 4992 1489 5027 eon
1505 4979 1630 5042 integrum

306 5059 340 5108 D:
360 5059 483 5119 integrum
498 5069 548 5103 oon
565 5056 639 5103 io-
660 5055 699 5103 45.
713 5058 748 5102 est
763 5053 868 5101 tamisis
883 5053 892 5100 i
908 5076 934 5087 -
953 5052 1002 5100 nisi
1016 5053 1185 5112 perspicientis
1196 5055 1250 5100 t-
1268 5051 1306 5101 46.
1324 5065 1487 5113 perseuerare
1502 5053 1529 5102 te
1546 5066 1631 5102 errore

305 5130 364 5180 abi
384 5157 410 5166 -
429 5132 494 5180 mim
506 5143 558 5179 om.
572 5132 583 5178 t
597 5134 653 5177 -ut
669 5129 748 5189 aiunt]
766 5127 874 5176 uitauini
891 5130 914 5184 t,
932 5125 991 5174 iort.
1005 5139 1038 5174 ex
1054 5128 1092 5174 uti
1108 5128 1180 5175 aiant
1198 5153 1226 5163 -
1245 5127 1285 5176 it.
1305 5127 1395 5189 caligo,
1414 5128 1443 5176 de
1460 5140 1511 5188 quc
1528 5126 1628 5178 malim.

307 5232 334 5241 -
348 5205 388 5254 48.
402 5218 572 5254 ammonemur
588 5208 662 5265 gt-
682 5204 721 5252 49.
741 5216 806 5264 quae
822 5208 856 5251 est
873 5200 930 5251 h-
951 5202 992 5250 il.
1007 5201 1043 5249 Ne
1058 5202 1151 5250 miram
1167 5200 1216 5251 h-
1235 5202 1276 5250 22.
1294 5203 1451 5250 severimmts
1462 5200 1628 5252 Gulielmius:

304 5282 439 5330 uertssimr‘s
455 5281 536 5338 iDO,
555 5291 635 5341 quam
653 5276 793 5327 lectionem
811 5276 942 5339 explicere
959 5281 1069 5327 conatus
1086 5280 1128 5326 cst
1144 5281 1209 5338 Aug.
1228 5275 1285 5325 Gul.
1303 5278 1439 5340 Zumptius
1457 5277 1482 5325 in
1500 5281 1630 5325 comment.

307 5356 336 5403 de
355 5356 403 5405 θῦε.
418 5357 451 5403 ad
468 5357 502 5404 Μ.
522 5356 628 5403 Brutum
645 5355 695 5402 cet.
715 5353 783 5414 epist.
804 5364 828 5414 p.
842 5354 888 5407 25:
907 5355 934 5402 at
952 5367 976 5401 v.
995 5365 1075 5415 supra
1094 5366 1119 5414 p.
1135 5352 1207 5411 tetro,
1220 5351 1252 5399 23
1270 5353 1297 5400 et
1314 5364 1340 5415 p.
1355 5352 1428 5410 ⁴359,
1441 5351 1481 5401 te.
1497 5377 1524 5386 -
1543 5350 1584 5400 23.
1597 5356 1632 5400 ert

305 5442 359 5479 om.
378 5443 392 5478 a
412 5456 438 5464 —
467 5428 508 5479 Il.
527 5431 564 5478 ire
585 5430 684 5477 tolli:
711 5432 734 5476 te
757 5429 794 5475 ire
810 5428 830 5474 0
847 5439 908 5476 cum
926 5425 1004 5475 codd.
1023 5427 1143 5476 l'errarii.
1161 5454 1194 5463 -
1219 5429 1357 5476 mtraretur
1373 5441 1388 5476 a
1405 5440 1474 5477 corr.
1494 5430 1513 5486 tt
1535 5428 1581 5487 m.)
1599 5439 1630 5476 ex

303 5507 422 5565 miratur,
441 5507 470 5553 ut
487 5503 579 5553 maluit
593 5503 708 5560 Ernesti,
727 5505 754 5551 at
770 5502 906 5551 miraretur
923 5500 1093 5550 referendum
1111 5504 1151 5550 cst
1162 5501 1195 5550 ad
1208 5503 1344 5563 superiora
1362 5501 1417 5551 iila:
1438 5502 1633 5551 admirabantur

305 5580 360 5628 boni
377 5581 426 5627 cim'
443 5582 493 5628 cet.
514 5607 541 5615 -
567 5580 607 5628 26.
624 5578 700 5639 paula
724 5583 782 5626 ante
798 5582 850 5626 tam
866 5580 985 5625 accurate
1001 5579 1123 5638 (scrutate
1140 5579 1157 5636 tl
1176 5579 1211 5627 D:
1236 5583 1289 5625 tam
1305 5590 1360 5626 acc.
1376 5578 1454 5637 paula
1470 5583 1528 5626 aete
1545 5578 1582 5627 i0
1601 5602 1629 5612 -

304 5653 345 5703 at.
364 5654 458 5703 locutus
475 5658 521 5713 ert,
545 5651 675 5701 tamdiu?
698 5651 814 5701 distinxit
836 5651 962 5701 Muretus.
983 5676 1010 5685 -
1035 5651 1071 5698 uti
1088 5657 1114 5699 ut
1131 5651 1163 5709 ῦς
1181 5657 1209 5699 ut
1226 5665 1242 5700 a
1260 5677 1287 5686 -
1310 5652 1426 5713 fallacem
1443 5656 1453 5701 t
1473 5679 1499 5689 -
1520 5652 1563 5702 28.
1581 5652 1631 5701 ista

303 5729 405 5789 suspitio
421 5733 455 5777 est
472 5729 507 5778 D:
527 5733 562 5777 est
577 5729 625 5775 ista
641 5726 746 5787 smptcr'o
763 5725 800 5775 iO
815 5753 840 5761 -
859 5739 892 5775 ea
906 5726 989 5788 patris
1006 5727 1015 5774 t
1033 5751 1060 5760 -
1080 5727 1121 5776 30.
1138 5740 1181 5788 spe
1197 5739 1250 5776 om.
1264 5740 1279 5775 a
1295 5753 1322 5764 -
1341 5727 1382 5776 at.
1394 5728 1502 5790 optimus
1517 5732 1552 5775 est
1567 5739 1631 5787 por·

304 5806 350 5850 tas.
368 5799 504 5852 mumius
523 5803 618 5852 consilii
636 5806 647 5852 t
663 5802 731 5867 (post
745 5806 833 5864 portae
849 5815 916 5852 novo
934 5804 1028 5867 pagiua
1047 5801 1143 5865 incipiit
1164 5829 1191 5837 -
1209 5807 1300 5864 portus
1315 5807 1350 5851 est
1366 5814 1383 5866 g
1399 5827 1426 5837 -
1446 5800 1582 5864 paenitenti
1599 5812 1629 5862 g:

303 5891 375 5939 poco.
395 5878 423 5926 0.
589 5880 590 5883 ’
