3800 7350
677 1203 870 1269 innuunt
890 1204 945 1266 ΕΤ
970 1202 1241 1268 colemannus.
1546 1202 1628 1268 liei

299 1370 351 1424 ulle
368 1371 497 1435 temporis
513 1371 576 1420 note
593 1369 682 1435 (44444);
700 1371 750 1436 ipsi
767 1372 839 1423 enim
859 1368 921 1421 nlbil
939 1371 1054 1435 cogitant
1069 1370 1103 1421 de
1115 1369 1165 1422 elic
1177 1373 1298 1435 tempore
1310 1370 1411 1435 (44444);
1430 1371 1524 1422 Cicero
1535 1377 1627 1423 contre

298 1458 374 1508 recte
391 1455 468 1515 dicit,
487 1453 561 1519 quod
577 1459 636 1505 4444
653 1453 752 1506 tactum
769 1456 815 1517 sit,
833 1455 992 1505 nuncetiam
1009 1454 1067 1504 lieri
1083 1467 1172 1519 posse.
1199 1455 1292 1517 ltaque
1306 1454 1329 1504 si
1340 1454 1393 1504 boo
1404 1452 1513 1506 44144444
1531 1454 1626 1520 placet,

298 1540 378 1591 buius
394 1537 467 1589 modi
484 1540 535 1589 erit
551 1538 649 1590 torma:
669 1540 838 1605 «Temporis,
856 1540 956 1602 inquit,
974 1551 1055 1590 censa
1072 1537 1235 1598 inciebent»;
1254 1537 1388 1600 concedo,
1407 1538 1468 1599 sed,
1488 1540 1510 1590 si
1521 1542 1629 1605 tempus

298 1622 360 1684 luit,
379 1624 421 1673 est
437 1623 516 1673 etiem
534 1635 605 1672 nune
620 1624 736 1686 tempus.
761 1624 879 1687 Apparet
894 1627 947 1672 4444
963 1620 1052 1673 locum
1069 1621 1170 1673 babere
1187 1622 1213 1672 in
1225 1622 1398 1684 refutatione,
1417 1622 1517 1673 nullum
1535 1624 1562 1674 in
1579 1638 1628 1675 ex-

299 1706 446 1759 cusatione.
469 1706 578 1757 1444444.

365 1799 380 1862 5
397 1799 429 1850 37
448 1813 475 1864 p.
495 1797 569 1860 4446,
588 1798 629 1850 43.
652 1799 731 1862 ides,
749 1813 798 1863 ouo
815 1813 846 1850 44
860 1800 968 1862 pecunia
980 1800 1137 1862 4444444444,
1154 1814 1205 1850 444
1220 1800 1272 1850 rasis
1286 1800 1398 1863 propriis
1413 1801 1525 1863 44444444,
1542 1801 1585 1850 sed
1601 1802 1628 1849 is

297 1895 370 1935 444444
389 1882 464 1946 lectis
484 1883 647 1933 condemnari
665 1883 751 1934 444444.
783 1885 876 1948 Neque
898 1884 929 1933 444
949 1885 992 1934 est
1010 1881 1077 1945 4114,
1102 1896 1155 1947 quo
1172 1896 1205 1934 44
1225 1885 1339 1948 pecunia
1356 1884 1509 1949 pervenerit
1525 1884 1582 1946 (etsi
1600 1883 1627 1933 id

297 1966 424 2019 iudicium
442 1979 475 2016 ex
491 1964 575 2017 litium
586 1967 770 2018 aestimatione
782 1969 873 2029 oritur)
885 1978 974 2029 neque
991 1967 1052 2028 lites,
1071 1967 1120 2018 sed
1135 1967 1256 2018 homines
1267 1968 1428 2017 4444444444
1438 1966 1532 2018 444444.
1552 1969 1625 2027 Quue

297 2051 388 2101 essent
404 2050 542 2100 4444444444
558 2050 729 2114 4444414444,
753 2052 884 2102 contreria
901 2051 953 2100 4444
971 2051 1096 2113 propriis,
1119 2064 1172 2103 non
1193 2049 1366 2115 intelligerem
1389 2052 1461 2114 (nam
1477 2052 1567 2101 omniu
1583 2052 1626 2101 iu·

296 2132 364 2183 dicia
381 2134 409 2184 in
426 2146 503 2184 reum
519 2133 609 2198 flunt),
634 2136 684 2185 nisi
707 2148 741 2185 ex
762 2136 818 2185 toto
834 2132 894 2185 loco
911 2140 1076 2199 suspicarer,
1098 2148 1130 2185 ea
1153 2132 1260 2197 intelligi
1278 2134 1392 2197 debere,
1416 2148 1485 2198 quae
1503 2136 1529 2185 44
1547 2136 1626 2186 otium

296 2229 374 2268 reum
393 2217 617 2282 (repetundarum)
635 2220 697 2268 ente
715 2217 783 2269 iacta
796 2221 899 2278 essent,
918 2219 987 2268 miro
1004 2232 1069 2269 sane
1086 2217 1212 2282 loquendi
1228 2231 1336 2282 genere.
1364 2218 1416 2269 Sed
1433 2218 1554 2270 vocabuli
1571 2220 1626 2270 lites

295 2313 330 2351 ne
346 2302 487 2353 minimam
504 2301 613 2366 quidem
637 2303 664 2353 in
682 2302 820 2354 codicibus
837 2303 979 2365 vestigium
995 2304 1051 2360 est;
1073 2315 1123 2366 pm
1146 2302 1186 2352 his
1203 2303 1293 2352 eutem
1310 2303 1352 2353 sed
1367 2303 1394 2353 44
1410 2304 1572 2367 recusastis
1587 2302 1624 2355 ibi

295 2382 432 2447 scribitur,
451 2385 595 2451 particulae
611 2387 653 2437 sed
669 2385 740 2437 nullo
757 2386 870 2450 vestigio
885 2384 993 2436 relicto:
1010 2386 1038 2435 44
1053 2400 1108 2436 rem
1122 2386 1193 2449 44444.
1216 2387 1392 2451 Perspicuum
1409 2389 1451 2437 est
1466 2387 1623 2438 Ciceronem

295 2466 330 2518 de
347 2468 499 2520 bominibus
517 2469 622 2534 dicere,
644 2469 695 2521 bec
713 2471 838 2521 orationis
855 2470 955 2521 forme:
981 2471 1034 2532 044
1051 2483 1081 2521 44
1094 2470 1203 2533 pemseia
1217 2471 1357 2532 perveserit
1374 2468 1415 2531 (id
1432 2472 1487 2531 est,
1508 2470 1560 2520 boc
1577 2482 1624 2520 ce-

295 2551 364 2616 pite,
382 2552 435 2603 boe
451 2554 576 2616 crimine,
600 2553 673 2618 quod
689 2554 731 2604 bis
750 2552 839 2604 verbis
856 2553 1031 2617 significetur,
1056 2559 1085 2603 ut
1101 2566 1182 2619 saepe
1202 2553 1291 2604 iudicii
1308 2566 1406 2617 genus,
1429 2567 1483 2617 quo
1500 2555 1559 2617 quis
1576 2567 1624 2604 ec-

295 2638 402 2688 cusetos
422 2636 597 2689 damnetusve
619 2639 667 2699 sit,
689 2637 768 2689 huius
791 2637 863 2688 modi
883 2636 948 2700 legis
965 2636 1054 2688 verbis
1071 2636 1242 2700 ostenditur),
1266 2651 1317 2687 444
1332 2639 1384 2687 suis
1398 2639 1509 2701 propriis
1524 2639 1625 2690 iudiciis

294 2721 343 2772 rei
364 2720 449 2784 sacti
469 2724 631 2773 4444444444
651 2722 728 2772 select
751 2720 809 2782 (sed
831 2722 908 2785 quasi
929 2720 1076 2786 appendice
1099 2722 1244 2785 superioris
1264 2721 1473 2786 repetundarum
1490 2721 1580 2772 iudicii
1597 2724 1623 2774 in

293 2806 336 2855 ius
351 2804 438 2867 trahil.
463 2807 588 2871 ipsumne
606 2804 668 2856 illud
717 2807 723 2818 '
767 2807 801 2856 444
818 2805 914 2856 Cicero
930 2805 1050 2869 posuerit
1066 2817 1100 2854 an
1111 2802 1182 2854 aliud
1194 2803 1314 2855 eiusdem
1327 2807 1432 2869 generis
1444 2807 1621 2870 participium,

293 2901 347 2939 non
364 2887 461 2939 definio
479 2888 559 2951 (velut
576 2894 667 2955 aptum
690 2902 704 2939 e
742 2891 901 2940 sententiam
922 2892 995 2940 esset
1010 2890 1134 2949 44444444).
1163 2887 1243 2940 Paulo
1265 2890 1341 2954 post,
1364 2889 1410 2940 ubi
1431 2889 1576 2940 Lambinus
1597 2894 1623 2941 et

293 2970 352 3034 elii,
374 2971 437 3036 quid
454 2974 584 3024 sententia
602 2975 630 3024 et
646 2973 816 3024 cohaerentia
832 2974 958 3024 cretionis
974 2972 1133 3037 postularet,
1152 2972 1290 3033 viderunt,
1314 2973 1363 3024 sed
1380 2975 1437 3025 siue
1454 2972 1623 3039 414444444-

292 3054 393 3107 bilitate
410 3061 559 3123 posuerunt
575 3071 652 3121 quesn
668 3057 812 3121 ceperitis,
830 3069 944 3121 quorum
956 3056 1101 3107 verbomm
1118 3055 1220 3118 (saltem
1233 3056 1348 3108 duorum
1364 3058 1570 3122 postremorum)
1587 3072 1621 3109 ne

293 3140 478 3192 tenuissimum
502 3143 610 3207 quidem
633 3143 659 3192 in
683 3140 820 3192 codicibus
842 3139 969 3190 indicium
990 3143 1046 3201 est,
1073 3141 1142 3191 benc
1163 3142 1259 3205 cplnor
1280 3141 1361 3193 luisse
1382 3153 1474 3191 verum
1495 3142 1621 3192 orationis

293 3222 422 3275 termam:
446 3231 475 3275 444
490 3226 594 3291 4444441444
609 3227 684 3289 facite
696 3226 788 3288 possit,
813 3226 878 3287 quod
894 3238 928 3274 44
943 3237 974 3275 ec
988 3226 1109 3286 4444444,
1134 3237 1197 3287 444
1217 3238 1346 3275 reorum
1363 3226 1433 3289 quis
1449 3227 1621 3276 damnatus

291 3308 348 3370 sit,
369 3310 509 3372 peremisse
530 3311 570 3360 ud
592 3312 733 3374 aliquem
756 3309 822 3371 (hoe
838 3308 947 3360 codices
965 3307 1077 3368 eddunll
1099 3309 1125 3358 44
1141 3309 1185 3359 itte
1196 3310 1282 3371 primo
1298 3309 1390 3359 iudicio
1404 3309 1510 3372 4144444
1524 3311 1621 3374 factm

290 3393 336 3454 444,
354 3395 381 3443 id
396 3394 441 3443 icc
456 3407 546 3459 perere
561 3395 647 3445 4444444
663 3394 743 3457 redipi
758 3393 843 3443 solere.
871 3391 985 3443 Codices
1007 3392 1107 3443 hebent
1122 3407 1156 3443 44
1172 3406 1202 3444 44
1216 3393 1338 3455 44444444,
1356 3405 1422 3453 cuce
1438 3393 1473 3443 44
1488 3406 1561 3456 quen
1576 3408 1620 3445 eo-

290 3490 349 3527 4444
366 3478 410 3539 444
426 3478 562 3528 4444444444
577 3482 625 3540 444,
649 3478 676 3529 44
693 3476 791 3541 quibus
806 3476 841 3526 44
857 3488 931 3539 qum
946 3489 1039 3526 errore
1057 3489 1089 3525 cx
1106 3476 1151 3536 iis,
1169 3488 1239 3539 quae
1256 3479 1407 3541 sequuntur
1423 3474 1570 3539 (4444444444
1586 3478 1620 3527 44

291 3560 410 3626 44444444)
426 3562 480 3612 1444
496 3563 642 3612 retractum
659 3563 732 3626 puto.
757 3561 866 3610 4444444.

357 3653 372 3719 5
389 3653 421 3707 40
443 3669 470 3721 p.
489 3653 563 3719 4447,
582 3655 622 3706 la.
649 3655 679 3705 ln
702 3652 844 3718 desperato
867 3649 926 3703 loco
942 3665 1027 3704 unum
1043 3651 1136 3713 video,
1155 3651 1223 3703 haec
1238 3653 1355 3717 primum
1371 3650 1455 3702 verbe
1472 3651 1618 3704 cohaerere

291 3740 318 3790 44
334 3738 361 3789 44
379 3741 530 3801 continere,
554 3737 626 3803 quod
644 3752 660 3788 4
677 3736 808 3789 contraria
824 3739 900 3801 parte
918 3737 1012 3787 Cicero
1030 3735 1082 3786 dici
1099 3736 1186 3800 lingit:
1209 3736 1241 3787 Al
1257 3741 1403 3799 4444444444
1419 3736 1558 3798 4444444444
1572 3752 1619 3801 pe·

290 3824 365 3874 44444
382 3829 431 3884 444,·
449 3824 538 3874 ductus
554 3820 725 3886 (subdoclcs‘l)
742 3833 818 3871 ncces
831 3820 939 3870 14444444
950 3821 1056 3870 Retectis
1072 3825 1143 3881 4444,
1162 3820 1265 3870 4444444
1279 3820 1396 3881 cinoque
1409 3833 1511 3871 merces.
1530 3822 1631 3881 (llice-1

289 3906 356 3959 bant
377 3906 512 3968 homines,
535 3907 692 3971 pecuniam,
718 3917 800 3968 quam
818 3902 938 3954 Rabirius
961 3905 1016 3967 regi
1034 3903 1205 3964 credidisset,
1230 3916 1283 3954 non
1300 3901 1372 3954 illam
1388 3903 1498 3966 quidem
1515 3905 1539 3954 ei
1555 3903 1619 3955 Alc-

288 3990 415 4043 xendriue
438 3993 605 4040 numeratum
628 4001 704 4048 esse,
727 3986 776 4037 sed
799 3991 889 4038 tamen
916 3986 1096 4052 permutendo
1118 3984 1246 4047 solutam,
1273 3999 1357 4050 quum
1378 3998 1460 4037 naves
1482 3987 1617 4038 mercibus

289 4074 424 4139 Aegyptiis
447 4077 557 4125 onustae
582 4072 679 4124 Rabirii
703 4072 811 4122 nomine
837 4070 993 4121 Alexandria
1016 4071 1152 4124 venissent
1175 4082 1262 4133 exque
1284 4070 1315 4120 iis
1336 4069 1472 4120 mercibus
1492 4071 1617 4134 pretiosis

288 4159 401 4224 pecunia
423 4158 523 4209 4444444
544 4159 624 4209 esset.
656 4157 723 4206 liam
743 4154 795 4204 bcc
816 4155 895 4204 eliam
914 4155 1077 4217 permutandi
1098 4153 1206 4204 nomine
1228 4153 1393 4212 continetur,
1417 4166 1500 4217 quum
1518 4166 1567 4218 pro
1584 4166 1616 4203 ea

288 4243 415 4307 pecunie,
440 4254 508 4305 quae
525 4239 699 4291 Alexandriae
722 4237 887 4289 numeranda
909 4240 950 4288 est
971 4235 1276 4300 (discretissimum.)
1293 4250 1325 4287 44
1342 4238 1523 4299 assignantur,
1546 4249 1615 4300 quee

288 4324 404 4377 initalia
421 4338 437 4375 e
454 4323 589 4375 mercibus
607 4322 764 4385 4444144444.)
790 4320 891 4372 Deinde
909 4319 1060 4383 adiungitur
1076 4334 1091 4370 e
1109 4321 1245 4371 ciceronis
1263 4321 1345 4385 ipsius
1361 4321 1506 4371 sententie:
1527 4321 1616 4370 Folio-

286 4418 328 4458 444
342 4402 446 4470 44144414
457 4399 481 4456 c
495 4407 609 4470 4444444,
627 4407 722 4456 chartis
732 4407 784 4456 cet.
804 4403 903 4468 (Eleusi
913 4403 1016 4455 illerum
1028 4405 1168 4465 mercium,
1187 4416 1254 4468 quas
1264 4403 1361 4453 Rabirii
1374 4405 1481 4455 nomine
1492 4404 1615 4456 Puteolos

287 4491 413 4542 advectas
431 4488 522 4553 ibique
538 4489 660 4541 venditas
677 4502 775 4554 negare
793 4501 847 4539 444
862 4490 966 4553 potest,
984 4489 1099 4553 pretium
1117 4490 1249 4551 negetque
1268 4501 1301 4538 ex
1317 4489 1348 4539 ils
1362 4490 1492 4552 quantum
1509 4487 1615 4539 liubiric

286 4571 433 4625 deberetur
452 4572 505 4624 ullo
529 4573 611 4625 modo
628 4574 722 4626 conlici
738 4574 865 4638 potuisse.
898 4572 935 4623 lie
958 4569 1070 4622 elevatio
1091 4570 1241 4635 adiungitur
1262 4569 1391 4636 particule
1413 4573 1525 4635 4444444,
1552 4574 1614 4622 noto

286 4668 350 4718 usu,
369 4657 403 4707 de
421 4670 475 4722 quc
492 4657 545 4708 dixi
563 4657 598 4708 ad
615 4658 669 4709 cic.
681 4657 716 4708 de
733 4657 786 4708 444.
803 4669 830 4721 p.
844 4656 885 4717 77,
903 4655 1001 4707 oblitus
1018 4658 1108 4706 temen
1126 4653 1267 4715 adnotare,
1286 4660 1310 4704 44
1326 4655 1424 4717 peridem
1440 4654 1540 4706 habere
1558 4654 1615 4706 ele·

286 4741 421 4793 vallonem
444 4755 477 4791 ex
499 4742 623 4793 adiuncle
645 4739 695 4792 elie
717 4753 762 4801 44,
783 4740 883 4801 cuidem
904 4741 1005 4790 tantum
1026 4737 1221 4802 elevationem.)
1247 4739 1343 4789 Cetera
1365 4739 1463 4790 intacte
1482 4738 1612 4803 relinquo.

287 4822 396 4874 1444444.

216 4898 219 4903 ’
352 4904 415 4969 Sti
432 4920 458 4972 p.
478 4907 556 4970 lll8,
574 4909 606 4959 20
622 4914 679 4958 4444
695 4920 726 4958 eo
742 4906 841 4969 4444444
855 4919 966 4971 macno,
985 4908 1041 4970 quis
1056 4906 1150 4972 nepot?
1165 4906 1208 4956 444
1222 4906 1322 4970 moenis
1337 4907 1451 4956 44444444
1464 4913 1522 4957 4444
1535 4920 1614 4969 prce-

284 4989 342 5039 444414
357 4989 392 5039 44
406 4992 555 5042 menesium
570 4991 698 5041 1444444444
708 4991 892 5053 implumem.
918 4991 971 5040 lies
984 4995 1072 5053 gestes
1083 4991 1248 5055 virtutesque
1260 4990 1294 5040 ed
1306 4992 1464 5041 memoriam
1475 4991 1614 5042 bominum

284 5075 425 5138 propagari
445 5075 510 5139 quid
530 5076 578 5138 sit,
602 5073 731 5139 intelligo;
754 5073 804 5126 sed
824 5073 888 5138 quid
911 5075 945 5125 sit
968 5086 1014 5124 eas
1035 5075 1151 5125 excitare
1173 5073 1208 5124 ad
1230 5075 1388 5125 memoriam
1406 5075 1611 5140 sempiternam,

285 5159 391 5219 nescic;
414 5160 499 5223 megia
521 5161 615 5222 etiem,
639 5158 703 5224 quid
725 5159 771 5220 sit,
796 5158 921 5222 preemlie
943 5171 975 5208 ea
993 5156 1203 5208 admemoriam
1220 5158 1350 5217 excitare;
1373 5171 1436 5210 nem
1454 5161 1612 5210 memoriam
1663 5222 1665 5227 Ι

283 5241 423 5293 bominum
444 5245 490 5293 eut
510 5244 598 5308 ipsum
618 5243 769 5307 praemium
791 5252 852 5292 esse
874 5244 939 5305 puto
960 5243 1006 5291 eut
1022 5254 1086 5293 cum
1102 5241 1228 5306 preemiis
1246 5242 1429 5304 coniunctam,
1453 5245 1482 5293 ut
1498 5245 1611 5308 utroque

282 5325 405 5376 bomines
422 5326 565 5376 incitentur
582 5324 615 5376 ad
632 5338 677 5376 res
694 5323 839 5389 gerendus,
862 5336 916 5375 non
938 5325 969 5374 ut
984 5327 1030 5375 eut
1049 5324 1174 5389 praemiis
1191 5323 1402 5376 admemoriam
1419 5330 1465 5376 aut
1480 5328 1609 5378 memoria

282 5407 317 5459 ed
333 5409 453 5473 preemia
470 5408 627 5460 excitentur.
654 5409 764 5473 Scripsit
775 5407 869 5461 cicero
882 5407 1005 5470 praesuiis
1021 5421 1058 5457 cc
1072 5409 1205 5458 4444444444
1220 5408 1348 5459 bominum
1362 5410 1533 5472 4444444444.
1556 5410 1610 5461 Sed

281 5489 354 5542 eliud
373 5493 514 5557 praeterea
535 5492 665 5544 mendum
685 5504 746 5544 esse
766 5493 845 5556 putc;
869 5493 1047 5556 nequeenim
1068 5492 1095 5542 in
1111 5491 1163 5543 hac
1179 5490 1296 5555 generali
1312 5493 1443 5544 sententie
1460 5490 1529 5544 41144
1544 5505 1610 5559 per·

281 5572 352 5626 tecto
367 5574 443 5627 locus
459 5577 515 5637 est;
533 5577 623 5641 ltaque
639 5589 689 5641 pro
706 5575 818 5628 44444444
833 5580 891 5626 ees
907 5576 1036 5640 scriplum
1052 5575 1134 5627 inisse
1151 5575 1235 5627 credo
1252 5578 1404 5627 4444444444.
1425 5577 1534 5630 meuc.

345 5668 363 5733 ς
380 5667 412 5720 ts
432 5683 459 5734 p.
479 5667 554 5733 4449,
570 5668 613 5721 20.
633 5667 688 5720 Etsi
704 5667 841 5720 cllendere
857 5668 946 5733 potest
962 5669 1004 5719 ter
1020 5667 1178 5720 brevissimo
1195 5667 1333 5721 intervellc
1349 5682 1493 5721 recurrens
1508 5682 1607 5723 nomen

279 5751 339 5816 pili,
358 5755 448 5804 444444
465 5753 572 5814 4414444,
590 5752 701 5818 opinor,
719 5751 855 5804 Emestius
871 5752 899 5804 id
916 5762 1016 5804 nomen
1034 5755 1154 5804 extremo
1169 5749 1229 5804 loco
1245 5751 1360 5804 sustulit.
1385 5754 1451 5805 liam
1469 5766 1553 5818 quum
1568 5755 1608 5807 sic

280 5833 389 5887 dicitur:
414 5835 441 5888 0.
458 5836 555 5889 11404444
576 5837 669 5888 iudicio
684 5840 707 5888 et
723 5837 850 5888 4444444444
866 5837 947 5902 filios,
969 5841 1066 5888 444444
1082 5838 1189 5900 sororis,
1212 5835 1327 5890 eflicitur
1342 5840 1373 5889 ut
1387 5838 1520 5890 conmria
1537 5838 1608 5890 inter

322 5936 412 5985 cresso
427 5938 453 5984 Τ.
464 5937 488 5984 11
1323 5937 1365 6005 92
