<?xml version="1.0" encoding="UTF-8"?>
<!DOCTYPE html PUBLIC "-//W3C//DTD XHTML 1.0 Transitional//EN"
    "http://www.w3.org/TR/xhtml1/DTD/xhtml1-transitional.dtd">
<html xmlns="http://www.w3.org/1999/xhtml" xml:lang="en" lang="en">
 <head>
  <title>
</title>
<meta http-equiv="Content-Type" content="text/html;charset=utf-8" />
  <meta name='ocr-system' content='tesseract 3.04.00' />
  <meta name='ocr-capabilities' content='ocr_page ocr_carea ocr_par ocr_line ocrx_word'/>
</head>
<body>
  <div class='ocr_page' id='page_1' title='image "./operaquaesupers08halmgoog/operaquaesupers08halmgoog_0417.png"; bbox 0 0 3800 7350; ppageno 0'>
   <div class='ocr_carea' id='block_1_1' title="bbox 721 1188 1607 1276">
    <p class='ocr_par' dir='ltr' id='par_1_1' title="bbox 721 1188 1607 1276">
     <span class='ocr_line' id='line_1_1' title="bbox 721 1188 1607 1276; baseline 0.001 -20"><span class='ocrx_word' id='word_1_1' title='bbox 721 1191 794 1256; x_wconf 69' lang='lat' dir='ltr'><strong>cn.</strong></span> <span class='ocrx_word' id='word_1_2' title='bbox 816 1191 947 1257; x_wconf 85' lang='lat' dir='ltr'><strong>rv-v.</strong></span> <span class='ocrx_word' id='word_1_3' title='bbox 975 1190 1021 1276; x_wconf 78' lang='lat' dir='ltr'><strong>ti</strong></span> <span class='ocrx_word' id='word_1_4' title='bbox 1043 1190 1171 1257; x_wconf 80' lang='lat' dir='ltr'><strong>7-ia.</strong></span> <span class='ocrx_word' id='word_1_5' title='bbox 1523 1188 1607 1257; x_wconf 83' lang='grc'><strong>4444</strong></span> 
     </span>
    </p>
   </div>
   <div class='ocr_carea' id='block_1_2' title="bbox 275 1357 1645 4254">
    <p class='ocr_par' dir='ltr' id='par_1_2' title="bbox 275 1357 1645 4254">
     <span class='ocr_line' id='line_1_2' title="bbox 285 1357 1608 1447; baseline 0.002 -24"><span class='ocrx_word' id='word_1_6' title='bbox 285 1359 453 1425; x_wconf 73' lang='lat' dir='ltr'><strong>ducimus?</strong></span> <span class='ocrx_word' id='word_1_7' title='bbox 474 1357 551 1426; x_wconf 83' lang='lat' dir='ltr'><strong>Erat</strong></span> <span class='ocrx_word' id='word_1_8' title='bbox 571 1360 656 1423; x_wconf 86' lang='lat' dir='ltr'><strong>enim</strong></span> <span class='ocrx_word' id='word_1_9' title='bbox 677 1360 755 1425; x_wconf 90' lang='lat' dir='ltr'><strong>baec</strong></span> <span class='ocrx_word' id='word_1_10' title='bbox 777 1362 973 1427; x_wconf 86' lang='lat' dir='ltr'><strong>consuetudo</strong></span> <span class='ocrx_word' id='word_1_11' title='bbox 994 1371 1070 1427; x_wconf 92' lang='lat' dir='ltr'><strong>nota</strong></span> <span class='ocrx_word' id='word_1_12' title='bbox 1090 1362 1180 1427; x_wconf 86' lang='lat' dir='ltr'><strong>vobis</strong></span> <span class='ocrx_word' id='word_1_13' title='bbox 1203 1363 1333 1447; x_wconf 87' lang='lat' dir='ltr'><strong>qnidam</strong></span> <span class='ocrx_word' id='word_1_14' title='bbox 1355 1362 1518 1437; x_wconf 90' lang='lat' dir='ltr'><strong>omnibus,</strong></span> <span class='ocrx_word' id='word_1_15' title='bbox 1541 1362 1608 1436; x_wconf 88' lang='lat' dir='ltr'><strong>sad,</strong></span> 
     </span>
     <span class='ocr_line' id='line_1_3' title="bbox 284 1454 1607 1537; baseline 0.003 -21"><span class='ocrx_word' id='word_1_16' title='bbox 284 1454 311 1516; x_wconf 94' lang='lat' dir='ltr'><strong>si</strong></span> <span class='ocrx_word' id='word_1_17' title='bbox 340 1474 416 1517; x_wconf 84' lang='lat' dir='ltr'><strong>usus</strong></span> <span class='ocrx_word' id='word_1_18' title='bbox 445 1455 593 1536; x_wconf 91' lang='lat' dir='ltr'><strong>magister</strong></span> <span class='ocrx_word' id='word_1_19' title='bbox 623 1462 672 1517; x_wconf 89' lang='lat' dir='ltr'><strong>sat</strong></span> <span class='ocrx_word' id='word_1_20' title='bbox 692 1456 843 1537; x_wconf 89' lang='lat' dir='ltr'><strong>optimus,</strong></span> <span class='ocrx_word' id='word_1_21' title='bbox 875 1455 950 1519; x_wconf 93' lang='lat' dir='ltr'><strong>mibi</strong></span> <span class='ocrx_word' id='word_1_22' title='bbox 974 1455 1068 1520; x_wconf 88' lang='lat' dir='ltr'><strong>debat</strong></span> <span class='ocrx_word' id='word_1_23' title='bbox 1088 1477 1159 1521; x_wconf 88' lang='lat' dir='ltr'><strong>essa</strong></span> <span class='ocrx_word' id='word_1_24' title='bbox 1180 1458 1355 1521; x_wconf 87' lang='lat' dir='ltr'><strong>notissima.</strong></span> <span class='ocrx_word' id='word_1_25' title='bbox 1390 1457 1544 1521; x_wconf 73' lang='lat' dir='ltr'><strong>Accusavi</strong></span> <span class='ocrx_word' id='word_1_26' title='bbox 1566 1458 1607 1520; x_wconf 93' lang='lat' dir='ltr'><strong>de</strong></span> 
     </span>
     <span class='ocr_line' id='line_1_4' title="bbox 284 1547 1607 1635; baseline 0.002 -24"><span class='ocrx_word' id='word_1_27' title='bbox 284 1547 429 1631; x_wconf 87' lang='lat' dir='ltr'><strong>pecuniis</strong></span> <span class='ocrx_word' id='word_1_28' title='bbox 456 1549 656 1630; x_wconf 77' lang='lat' dir='ltr'><strong>repetundis,</strong></span> <span class='ocrx_word' id='word_1_29' title='bbox 685 1549 781 1612; x_wconf 82' lang='lat' dir='ltr'><strong>index</strong></span> <span class='ocrx_word' id='word_1_30' title='bbox 815 1549 899 1624; x_wconf 90' lang='lat' dir='ltr'><strong>sedi,</strong></span> <span class='ocrx_word' id='word_1_31' title='bbox 933 1559 1060 1634; x_wconf 90' lang='lat' dir='ltr'><strong>praetor</strong></span> <span class='ocrx_word' id='word_1_32' title='bbox 1089 1552 1249 1635; x_wconf 88' lang='lat' dir='ltr'><strong>quaesivi,</strong></span> <span class='ocrx_word' id='word_1_33' title='bbox 1279 1550 1407 1615; x_wconf 82' lang='lat' dir='ltr'><strong>delendi</strong></span> <span class='ocrx_word' id='word_1_34' title='bbox 1437 1549 1607 1634; x_wconf 77' lang='lat' dir='ltr'><strong>plurimos:</strong></span> 
     </span>
     <span class='ocr_line' id='line_1_5' title="bbox 283 1640 1607 1727; baseline -0.001 -23"><span class='ocrx_word' id='word_1_35' title='bbox 283 1640 372 1704; x_wconf 90' lang='lat' dir='ltr'><strong>nulla</strong></span> <span class='ocrx_word' id='word_1_36' title='bbox 393 1662 481 1725; x_wconf 90' lang='lat' dir='ltr'><strong>pars,</strong></span> <span class='ocrx_word' id='word_1_37' title='bbox 504 1663 587 1727; x_wconf 86' lang='lat' dir='ltr'><strong>quaa</strong></span> <span class='ocrx_word' id='word_1_38' title='bbox 609 1643 749 1727; x_wconf 81' lang='lat' dir='ltr'><strong>aliquam</strong></span> <span class='ocrx_word' id='word_1_39' title='bbox 770 1641 950 1707; x_wconf 81' lang='lat' dir='ltr'>facultatem</span> <span class='ocrx_word' id='word_1_40' title='bbox 973 1644 1117 1707; x_wconf 88' lang='lat' dir='ltr'><strong>discendi</strong></span> <span class='ocrx_word' id='word_1_41' title='bbox 1138 1645 1250 1708; x_wconf 77' lang='lat' dir='ltr'><strong>afferre</strong></span> <span class='ocrx_word' id='word_1_42' title='bbox 1272 1650 1391 1727; x_wconf 83' lang='lat' dir='ltr'><strong>posset,</strong></span> <span class='ocrx_word' id='word_1_43' title='bbox 1413 1663 1497 1707; x_wconf 91' lang='lat' dir='ltr'><strong>ame</strong></span> <span class='ocrx_word' id='word_1_44' title='bbox 1512 1641 1607 1706; x_wconf 85' lang='lat' dir='ltr'><strong>afuit:</strong></span> 
     </span>
     <span class='ocr_line' id='line_1_6' title="bbox 283 1733 1631 1819; baseline 0.001 -23"><span class='ocrx_word' id='word_1_45' title='bbox 283 1733 327 1798; x_wconf 93' lang='lat' dir='ltr'><strong>ita</strong></span> <span class='ocrx_word' id='word_1_46' title='bbox 355 1735 529 1811; x_wconf 90' lang='lat' dir='ltr'><strong>contendo,</strong></span> <span class='ocrx_word' id='word_1_47' title='bbox 557 1738 716 1801; x_wconf 90' lang='lat' dir='ltr'><strong>neminem</strong></span> <span class='ocrx_word' id='word_1_48' title='bbox 742 1756 892 1819; x_wconf 85' lang='lat' dir='ltr'><strong>umquam</strong></span> <span class='ocrx_word' id='word_1_49' title='bbox 921 1756 984 1812; x_wconf 83' lang='lat' dir='ltr'><strong>ovo</strong></span> <span class='ocrx_word' id='word_1_50' title='bbox 1013 1757 1054 1801; x_wconf 81' lang='grc'><strong>444</strong></span> <span class='ocrx_word' id='word_1_51' title='bbox 1082 1755 1216 1802; x_wconf 68' lang='lat' dir='ltr'><strong>:semri</strong></span> <span class='ocrx_word' id='word_1_52' title='bbox 1242 1758 1452 1802; x_wconf 83' lang='lat' dir='ltr'><strong>nnnvsrrsser</strong></span> <span class='ocrx_word' id='word_1_53' title='bbox 1480 1736 1631 1799; x_wconf 77' lang='lat' dir='ltr'><strong>causam¹⁵</strong></span> 
     </span>
     <span class='ocr_line' id='line_1_7' title="bbox 284 1829 1606 1915; baseline -0.001 -23"><span class='ocrx_word' id='word_1_54' title='bbox 284 1830 418 1905; x_wconf 79' lang='lat' dir='ltr'>dixisse,</span> <span class='ocrx_word' id='word_1_55' title='bbox 446 1832 502 1915; x_wconf 91' lang='lat' dir='ltr'><strong>qui</strong></span> <span class='ocrx_word' id='word_1_56' title='bbox 530 1831 564 1894; x_wconf 94' lang='lat' dir='ltr'><strong>in</strong></span> <span class='ocrx_word' id='word_1_57' title='bbox 588 1830 792 1894; x_wconf 80' lang='lat' dir='ltr'><strong>aestimandis</strong></span> <span class='ocrx_word' id='word_1_58' title='bbox 815 1831 923 1894; x_wconf 90' lang='lat' dir='ltr'><strong>litibus</strong></span> <span class='ocrx_word' id='word_1_59' title='bbox 946 1831 1125 1914; x_wconf 87' lang='lat' dir='ltr'><strong>appellatus</strong></span> <span class='ocrx_word' id='word_1_60' title='bbox 1147 1853 1210 1895; x_wconf 92' lang='lat' dir='ltr'><strong>non</strong></span> <span class='ocrx_word' id='word_1_61' title='bbox 1233 1839 1326 1896; x_wconf 88' lang='lat' dir='ltr'><strong>esset.</strong></span> <span class='ocrx_word' id='word_1_62' title='bbox 1364 1833 1398 1896; x_wconf 94' lang='lat' dir='ltr'><strong>ln</strong></span> <span class='ocrx_word' id='word_1_63' title='bbox 1421 1829 1530 1893; x_wconf 94' lang='lat' dir='ltr'><strong>litibus</strong></span> <span class='ocrx_word' id='word_1_64' title='bbox 1551 1848 1606 1891; x_wconf 88' lang='lat' dir='ltr'><strong>au·</strong></span> 
     </span>
     <span class='ocr_line' id='line_1_8' title="bbox 284 1923 1609 2009; baseline 0 -22"><span class='ocrx_word' id='word_1_65' title='bbox 284 1932 348 1988; x_wconf 86' lang='lat' dir='ltr'><strong>tem</strong></span> <span class='ocrx_word' id='word_1_66' title='bbox 369 1944 463 1987; x_wconf 89' lang='lat' dir='ltr'><strong>nemo</strong></span> <span class='ocrx_word' id='word_1_67' title='bbox 485 1924 704 2007; x_wconf 81' lang='lat' dir='ltr'><strong>appellabatur</strong></span> <span class='ocrx_word' id='word_1_68' title='bbox 725 1923 786 1986; x_wconf 93' lang='lat' dir='ltr'><strong>nisi</strong></span> <span class='ocrx_word' id='word_1_69' title='bbox 809 1945 850 1987; x_wconf 82' lang='lat' dir='ltr'><strong>ex</strong></span> <span class='ocrx_word' id='word_1_70' title='bbox 872 1925 1000 1987; x_wconf 88' lang='lat' dir='ltr'><strong>testium</strong></span> <span class='ocrx_word' id='word_1_71' title='bbox 1023 1925 1115 1989; x_wconf 90' lang='lat' dir='ltr'><strong>dictis</strong></span> <span class='ocrx_word' id='word_1_72' title='bbox 1138 1934 1191 1990; x_wconf 92' lang='lat' dir='ltr'><strong>aut</strong></span> <span class='ocrx_word' id='word_1_73' title='bbox 1212 1927 1328 1990; x_wconf 84' lang='lat' dir='ltr'><strong>tabulis</strong></span> <span class='ocrx_word' id='word_1_74' title='bbox 1346 1926 1537 2009; x_wconf 91' lang='lat' dir='ltr'><strong>privatorum</strong></span> <span class='ocrx_word' id='word_1_75' title='bbox 1553 1929 1609 1987; x_wconf 92' lang='lat' dir='ltr'><strong>aut</strong></span> 
     </span>
     <span class='ocr_line' id='line_1_9' title="bbox 282 2013 1609 2101; baseline -0.001 -21"><span class='ocrx_word' id='word_1_76' title='bbox 282 2017 460 2081; x_wconf 87' lang='lat' dir='ltr'><strong>rationibus</strong></span> <span class='ocrx_word' id='word_1_77' title='bbox 487 2017 657 2080; x_wconf 86' lang='lat' dir='ltr'><strong>civitatum.</strong></span> <span class='ocrx_word' id='word_1_78' title='bbox 708 2013 891 2101; x_wconf 77' lang='lat' dir='ltr'><strong>l0.1taque</strong></span> <span class='ocrx_word' id='word_1_79' title='bbox 924 2019 957 2080; x_wconf 89' lang='lat' dir='ltr'><strong>in</strong></span> <span class='ocrx_word' id='word_1_80' title='bbox 990 2018 1162 2083; x_wconf 81' lang='lat' dir='ltr'><strong>inferendis</strong></span> <span class='ocrx_word' id='word_1_81' title='bbox 1191 2020 1299 2083; x_wconf 91' lang='lat' dir='ltr'><strong>litibus</strong></span> <span class='ocrx_word' id='word_1_82' title='bbox 1327 2018 1439 2082; x_wconf 88' lang='lat' dir='ltr'><strong>adesse</strong></span> <span class='ocrx_word' id='word_1_83' title='bbox 1464 2016 1609 2080; x_wconf 87' lang='lat' dir='ltr'><strong>solebant</strong></span> 
     </span>
     <span class='ocr_line' id='line_1_10' title="bbox 283 2109 1609 2196; baseline -0.001 -23"><span class='ocrx_word' id='word_1_84' title='bbox 283 2112 338 2194; x_wconf 85' lang='lat' dir='ltr'><strong>qui</strong></span> <span class='ocrx_word' id='word_1_85' title='bbox 359 2109 481 2195; x_wconf 86' lang='lat' dir='ltr'><strong>aliquid</strong></span> <span class='ocrx_word' id='word_1_86' title='bbox 504 2109 543 2173; x_wconf 87' lang='lat' dir='ltr'><strong>de</strong></span> <span class='ocrx_word' id='word_1_87' title='bbox 565 2111 816 2185; x_wconf 84' lang='lat' dir='ltr'><strong>reverebantur,</strong></span> <span class='ocrx_word' id='word_1_88' title='bbox 840 2120 888 2184; x_wconf 86' lang='lat' dir='ltr'><strong>et,</strong></span> <span class='ocrx_word' id='word_1_89' title='bbox 910 2132 981 2173; x_wconf 90' lang='lat' dir='ltr'><strong>aum</strong></span> <span class='ocrx_word' id='word_1_90' title='bbox 1004 2120 1093 2175; x_wconf 92' lang='lat' dir='ltr'><strong>erant</strong></span> <span class='ocrx_word' id='word_1_91' title='bbox 1114 2113 1279 2196; x_wconf 87' lang='lat' dir='ltr'><strong>appellati,</strong></span> <span class='ocrx_word' id='word_1_92' title='bbox 1301 2113 1329 2176; x_wconf 92' lang='lat' dir='ltr'><strong>si</strong></span> <span class='ocrx_word' id='word_1_93' title='bbox 1347 2111 1522 2185; x_wconf 85' lang='lat' dir='ltr'><strong>videbatur,</strong></span> <span class='ocrx_word' id='word_1_94' title='bbox 1546 2119 1609 2173; x_wconf 89' lang='lat' dir='ltr'><strong>sta·</strong></span> 
     </span>
     <span class='ocr_line' id='line_1_11' title="bbox 282 2202 1645 2289; baseline 0.002 -21"><span class='ocrx_word' id='word_1_95' title='bbox 282 2204 338 2269; x_wconf 90' lang='lat' dir='ltr'><strong>tim</strong></span> <span class='ocrx_word' id='word_1_96' title='bbox 366 2211 474 2267; x_wconf 92' lang='lat' dir='ltr'><strong>contra</strong></span> <span class='ocrx_word' id='word_1_97' title='bbox 496 2202 602 2267; x_wconf 88' lang='lat' dir='ltr'><strong>dicore</strong></span> <span class='ocrx_word' id='word_1_98' title='bbox 629 2204 789 2268; x_wconf 85' lang='lat' dir='ltr'><strong>solebant:</strong></span> <span class='ocrx_word' id='word_1_99' title='bbox 821 2204 872 2266; x_wconf 85' lang='lat' dir='ltr'><strong>sin</strong></span> <span class='ocrx_word' id='word_1_100' title='bbox 893 2204 963 2267; x_wconf 91' lang='lat' dir='ltr'><strong>eius</strong></span> <span class='ocrx_word' id='word_1_101' title='bbox 985 2206 1137 2289; x_wconf 88' lang='lat' dir='ltr'><strong>temporis</strong></span> <span class='ocrx_word' id='word_1_102' title='bbox 1159 2215 1317 2270; x_wconf 88' lang='lat' dir='ltr'><strong>recentem</strong></span> <span class='ocrx_word' id='word_1_103' title='bbox 1339 2204 1490 2270; x_wconf 89' lang='lat' dir='ltr'><strong>invidiam</strong></span> <span class='ocrx_word' id='word_1_104' title='bbox 1510 2203 1608 2286; x_wconf 87' lang='lat' dir='ltr'><strong>perti·</strong></span> <span class='ocrx_word' id='word_1_105' title='bbox 1618 2225 1645 2273; x_wconf 89' lang='grc'><strong>40</strong></span> 
     </span>
     <span class='ocr_line' id='line_1_12' title="bbox 283 2296 1608 2383; baseline -0.001 -22"><span class='ocrx_word' id='word_1_106' title='bbox 283 2306 443 2374; x_wconf 77' lang='lat' dir='ltr'><strong>mussant,</strong></span> <span class='ocrx_word' id='word_1_107' title='bbox 465 2296 700 2382; x_wconf 88' lang='lat' dir='ltr'><strong>respondebant</strong></span> <span class='ocrx_word' id='word_1_108' title='bbox 721 2304 847 2380; x_wconf 88' lang='lat' dir='ltr'><strong>postea:</strong></span> <span class='ocrx_word' id='word_1_109' title='bbox 870 2297 1045 2382; x_wconf 89' lang='lat' dir='ltr'><strong>quodcum</strong></span> <span class='ocrx_word' id='word_1_110' title='bbox 1066 2298 1231 2375; x_wconf 85' lang='lat' dir='ltr'><strong>fecissent,</strong></span> <span class='ocrx_word' id='word_1_111' title='bbox 1252 2300 1398 2383; x_wconf 82' lang='lat' dir='ltr'><strong>permulti</strong></span> <span class='ocrx_word' id='word_1_112' title='bbox 1413 2317 1509 2381; x_wconf 89' lang='lat' dir='ltr'><strong>saepe</strong></span> <span class='ocrx_word' id='word_1_113' title='bbox 1524 2297 1608 2360; x_wconf 87' lang='lat' dir='ltr'><strong>vice-</strong></span> 
     </span>
     <span class='ocr_line' id='line_1_13' title="bbox 282 2391 1607 2477; baseline -0.002 -21"><span class='ocrx_word' id='word_1_114' title='bbox 282 2401 365 2458; x_wconf 78' lang='lat' dir='ltr'><strong>runt</strong></span> <span class='ocrx_word' id='word_1_115' title='bbox 393 2396 431 2457; x_wconf 88' lang='lat' dir='ltr'><strong>V.</strong></span> <span class='ocrx_word' id='word_1_116' title='bbox 446 2392 515 2454; x_wconf 87' lang='lat' dir='ltr'><strong>Hoc</strong></span> <span class='ocrx_word' id='word_1_117' title='bbox 530 2411 605 2455; x_wconf 91' lang='lat' dir='ltr'><strong>vero</strong></span> <span class='ocrx_word' id='word_1_118' title='bbox 627 2411 743 2454; x_wconf 90' lang='lat' dir='ltr'><strong>novum</strong></span> <span class='ocrx_word' id='word_1_119' title='bbox 766 2399 815 2454; x_wconf 91' lang='lat' dir='ltr'><strong>est</strong></span> <span class='ocrx_word' id='word_1_120' title='bbox 835 2400 867 2455; x_wconf 91' lang='lat' dir='ltr'><strong>et</strong></span> <span class='ocrx_word' id='word_1_121' title='bbox 888 2400 962 2456; x_wconf 91' lang='lat' dir='ltr'><strong>ante</strong></span> <span class='ocrx_word' id='word_1_122' title='bbox 982 2392 1045 2457; x_wconf 91' lang='lat' dir='ltr'><strong>hoc</strong></span> <span class='ocrx_word' id='word_1_123' title='bbox 1067 2403 1191 2477; x_wconf 87' lang='lat' dir='ltr'><strong>tempus</strong></span> <span class='ocrx_word' id='word_1_124' title='bbox 1206 2395 1334 2457; x_wconf 92' lang='lat' dir='ltr'><strong>omnino</strong></span> <span class='ocrx_word' id='word_1_125' title='bbox 1356 2393 1550 2456; x_wconf 90' lang='lat' dir='ltr'><strong>inauditum:</strong></span> <span class='ocrx_word' id='word_1_126' title='bbox 1573 2391 1607 2454; x_wconf 95' lang='lat' dir='ltr'><strong>in</strong></span> 
     </span>
     <span class='ocr_line' id='line_1_14' title="bbox 280 2484 1606 2569; baseline -0.001 -21"><span class='ocrx_word' id='word_1_127' title='bbox 280 2485 389 2548; x_wconf 91' lang='lat' dir='ltr'><strong>litibus</strong></span> <span class='ocrx_word' id='word_1_128' title='bbox 410 2485 551 2548; x_wconf 89' lang='lat' dir='ltr'><strong>Postumi</strong></span> <span class='ocrx_word' id='word_1_129' title='bbox 573 2505 687 2549; x_wconf 87' lang='lat' dir='ltr'><strong>nomen</strong></span> <span class='ocrx_word' id='word_1_130' title='bbox 711 2492 758 2548; x_wconf 90' lang='lat' dir='ltr'><strong>est</strong></span> <span class='ocrx_word' id='word_1_131' title='bbox 780 2506 945 2569; x_wconf 90' lang='lat' dir='ltr'><strong>nusquam.</strong></span> <span class='ocrx_word' id='word_1_132' title='bbox 980 2488 1016 2549; x_wconf 91' lang='lat' dir='ltr'><strong>ln</strong></span> <span class='ocrx_word' id='word_1_133' title='bbox 1039 2488 1145 2550; x_wconf 89' lang='lat' dir='ltr'><strong>litibus</strong></span> <span class='ocrx_word' id='word_1_134' title='bbox 1161 2487 1256 2551; x_wconf 75' lang='lat' dir='ltr'><strong>dico?</strong></span> <span class='ocrx_word' id='word_1_135' title='bbox 1278 2485 1375 2551; x_wconf 88' lang='lat' dir='ltr'><strong>blodo</strong></span> <span class='ocrx_word' id='word_1_136' title='bbox 1390 2506 1447 2550; x_wconf 91' lang='lat' dir='ltr'><strong>vos</strong></span> <span class='ocrx_word' id='word_1_137' title='bbox 1466 2484 1551 2550; x_wconf 90' lang='lat' dir='ltr'><strong>idem</strong></span> <span class='ocrx_word' id='word_1_138' title='bbox 1572 2485 1606 2548; x_wconf 94' lang='lat' dir='ltr'><strong>in</strong></span> 
     </span>
     <span class='ocr_line' id='line_1_15' title="bbox 280 2578 1606 2664; baseline 0.001 -24"><span class='ocrx_word' id='word_1_139' title='bbox 280 2580 317 2641; x_wconf 77' lang='lat' dir='ltr'><strong>A.</strong></span> <span class='ocrx_word' id='word_1_140' title='bbox 333 2578 500 2641; x_wconf 86' lang='lat' dir='ltr'><strong>Gabinium</strong></span> <span class='ocrx_word' id='word_1_141' title='bbox 520 2578 641 2643; x_wconf 87' lang='lat' dir='ltr'><strong>iudices</strong></span> <span class='ocrx_word' id='word_1_142' title='bbox 656 2578 800 2642; x_wconf 92' lang='lat' dir='ltr'><strong>sedistis:</strong></span> <span class='ocrx_word' id='word_1_143' title='bbox 822 2598 897 2643; x_wconf 90' lang='lat' dir='ltr'><strong>num</strong></span> <span class='ocrx_word' id='word_1_144' title='bbox 913 2579 984 2662; x_wconf 88' lang='lat' dir='ltr'><strong>quis</strong></span> <span class='ocrx_word' id='word_1_145' title='bbox 1000 2582 1088 2643; x_wconf 86' lang='lat' dir='ltr'><strong>testis</strong></span> <span class='ocrx_word' id='word_1_146' title='bbox 1105 2583 1287 2645; x_wconf 82' lang='lat' dir='ltr'><strong>Postumum</strong></span> <span class='ocrx_word' id='word_1_147' title='bbox 1302 2580 1495 2664; x_wconf 79' lang='lat' dir='ltr'><strong>appellavit?</strong></span> <span class='ocrx_word' id='word_1_148' title='bbox 1517 2579 1606 2643; x_wconf 83' lang='lat' dir='ltr'><strong>testie</strong></span> 
     </span>
     <span class='ocr_line' id='line_1_16' title="bbox 281 2673 1644 2757; baseline 0.003 -22"><span class='ocrx_word' id='word_1_149' title='bbox 281 2674 407 2736; x_wconf 73' lang='lat' dir='ltr'><strong>autam?</strong></span> <span class='ocrx_word' id='word_1_150' title='bbox 429 2692 507 2735; x_wconf 94' lang='lat' dir='ltr'><strong>num</strong></span> <span class='ocrx_word' id='word_1_151' title='bbox 522 2675 707 2737; x_wconf 77' lang='lat' dir='ltr'><strong>accusatori</strong></span> <span class='ocrx_word' id='word_1_152' title='bbox 731 2693 807 2736; x_wconf 92' lang='lat' dir='ltr'><strong>num</strong></span> <span class='ocrx_word' id='word_1_153' title='bbox 823 2673 961 2757; x_wconf 90' lang='lat' dir='ltr'><strong>denique</strong></span> <span class='ocrx_word' id='word_1_154' title='bbox 982 2682 1050 2738; x_wconf 87' lang='lat' dir='ltr'><strong>toto</strong></span> <span class='ocrx_word' id='word_1_155' title='bbox 1071 2675 1126 2738; x_wconf 93' lang='lat' dir='ltr'><strong>illo</strong></span> <span class='ocrx_word' id='word_1_156' title='bbox 1140 2676 1183 2738; x_wconf 87' lang='lat' dir='ltr'><strong>in</strong></span> <span class='ocrx_word' id='word_1_157' title='bbox 1202 2676 1321 2739; x_wconf 90' lang='lat' dir='ltr'><strong>iudicio</strong></span> <span class='ocrx_word' id='word_1_158' title='bbox 1334 2675 1475 2738; x_wconf 87' lang='lat' dir='ltr'><strong>Postumi</strong></span> <span class='ocrx_word' id='word_1_159' title='bbox 1491 2690 1644 2741; x_wconf 74' lang='lat' dir='ltr'><strong>nomento</strong></span> 
     </span>
     <span class='ocr_line' id='line_1_17' title="bbox 280 2760 1607 2852; baseline -0.001 -22"><span class='ocrx_word' id='word_1_160' title='bbox 280 2766 437 2830; x_wconf 84' lang='lat' dir='ltr'><strong>audistisl</strong></span> <span class='ocrx_word' id='word_1_161' title='bbox 474 2760 525 2828; x_wconf 86' lang='lat' dir='ltr'><strong>ll.</strong></span> <span class='ocrx_word' id='word_1_162' title='bbox 547 2767 617 2830; x_wconf 87' lang='lat' dir='ltr'><strong>Non</strong></span> <span class='ocrx_word' id='word_1_163' title='bbox 639 2767 735 2849; x_wconf 92' lang='lat' dir='ltr'><strong>igitur</strong></span> <span class='ocrx_word' id='word_1_164' title='bbox 756 2786 829 2830; x_wconf 92' lang='lat' dir='ltr'><strong>reus</strong></span> <span class='ocrx_word' id='word_1_165' title='bbox 851 2787 891 2830; x_wconf 84' lang='lat' dir='ltr'><strong>ex</strong></span> <span class='ocrx_word' id='word_1_166' title='bbox 913 2786 951 2831; x_wconf 91' lang='lat' dir='ltr'><strong>ea</strong></span> <span class='ocrx_word' id='word_1_167' title='bbox 973 2787 1082 2842; x_wconf 86' lang='lat' dir='ltr'><strong>causa,</strong></span> <span class='ocrx_word' id='word_1_168' title='bbox 1106 2788 1187 2852; x_wconf 88' lang='lat' dir='ltr'><strong>quae</strong></span> <span class='ocrx_word' id='word_1_169' title='bbox 1208 2769 1345 2833; x_wconf 88' lang='lat' dir='ltr'><strong>iudicata</strong></span> <span class='ocrx_word' id='word_1_170' title='bbox 1367 2775 1430 2843; x_wconf 90' lang='lat' dir='ltr'><strong>ast,</strong></span> <span class='ocrx_word' id='word_1_171' title='bbox 1451 2765 1607 2831; x_wconf 79' lang='lat' dir='ltr'><strong>redundat</strong></span> 
     </span>
     <span class='ocr_line' id='line_1_18' title="bbox 279 2858 1607 2947; baseline -0.002 -24"><span class='ocrx_word' id='word_1_172' title='bbox 279 2859 464 2936; x_wconf 89' lang='lat' dir='ltr'><strong>Postumus,</strong></span> <span class='ocrx_word' id='word_1_173' title='bbox 485 2860 542 2924; x_wconf 87' lang='lat' dir='ltr'><strong>sed</strong></span> <span class='ocrx_word' id='word_1_174' title='bbox 564 2867 613 2924; x_wconf 90' lang='lat' dir='ltr'><strong>est</strong></span> <span class='ocrx_word' id='word_1_175' title='bbox 633 2868 777 2943; x_wconf 86' lang='lat' dir='ltr'><strong>arreptus</strong></span> <span class='ocrx_word' id='word_1_176' title='bbox 799 2881 880 2925; x_wconf 92' lang='lat' dir='ltr'><strong>unus</strong></span> <span class='ocrx_word' id='word_1_177' title='bbox 903 2881 1001 2945; x_wconf 86' lang='lat' dir='ltr'><strong>eques</strong></span> <span class='ocrx_word' id='word_1_178' title='bbox 1016 2864 1176 2926; x_wconf 82' lang='lat' dir='ltr'><strong>Romanus</strong></span> <span class='ocrx_word' id='word_1_179' title='bbox 1198 2862 1238 2927; x_wconf 86' lang='lat' dir='ltr'><strong>de</strong></span> <span class='ocrx_word' id='word_1_180' title='bbox 1260 2863 1401 2947; x_wconf 90' lang='lat' dir='ltr'><strong>pecuniis</strong></span> <span class='ocrx_word' id='word_1_181' title='bbox 1422 2858 1607 2945; x_wconf 88' lang='lat' dir='ltr'><strong>repetundis</strong></span> 
     </span>
     <span class='ocr_line' id='line_1_19' title="bbox 280 2954 1605 3039; baseline -0.005 -20"><span class='ocrx_word' id='word_1_182' title='bbox 280 2974 362 3019; x_wconf 87' lang='lat' dir='ltr'><strong>rens.</strong></span> <span class='ocrx_word' id='word_1_183' title='bbox 399 2954 522 3031; x_wconf 85' lang='lat' dir='ltr'><strong>Quibus</strong></span> <span class='ocrx_word' id='word_1_184' title='bbox 550 2954 690 3018; x_wconf 73' lang='lat' dir='ltr'><strong>tabulis?</strong></span> <span class='ocrx_word' id='word_1_185' title='bbox 720 2974 803 3039; x_wconf 89' lang='lat' dir='ltr'><strong>quae</strong></span> <span class='ocrx_word' id='word_1_186' title='bbox 832 2956 866 3019; x_wconf 94' lang='lat' dir='ltr'><strong>in</strong></span> <span class='ocrx_word' id='word_1_187' title='bbox 894 2956 1012 3020; x_wconf 92' lang='lat' dir='ltr'><strong>iudicio</strong></span> <span class='ocrx_word' id='word_1_188' title='bbox 1038 2958 1076 3019; x_wconf 85' lang='grc' dir='ltr'><strong>Α.</strong></span> <span class='ocrx_word' id='word_1_189' title='bbox 1098 2956 1224 3020; x_wconf 87' lang='lat' dir='ltr'><strong>Gabinii</strong></span> <span class='ocrx_word' id='word_1_190' title='bbox 1253 2958 1403 3020; x_wconf 88' lang='lat' dir='ltr'><strong>recitatae</strong></span> <span class='ocrx_word' id='word_1_191' title='bbox 1427 2974 1492 3018; x_wconf 94' lang='lat' dir='ltr'><strong>non</strong></span> <span class='ocrx_word' id='word_1_192' title='bbox 1514 2959 1605 3017; x_wconf 90' lang='lat' dir='ltr'><strong>sunt:</strong></span> 
     </span>
     <span class='ocr_line' id='line_1_20' title="bbox 280 3047 1604 3135; baseline -0.004 -23"><span class='ocrx_word' id='word_1_193' title='bbox 280 3070 343 3133; x_wconf 88' lang='lat' dir='ltr'><strong>qno</strong></span> <span class='ocrx_word' id='word_1_194' title='bbox 364 3051 468 3112; x_wconf 83' lang='lat' dir='ltr'><strong>testei</strong></span> <span class='ocrx_word' id='word_1_195' title='bbox 490 3067 510 3111; x_wconf 91' lang='lat' dir='ltr'><strong>a</strong></span> <span class='ocrx_word' id='word_1_196' title='bbox 531 3068 596 3133; x_wconf 87' lang='lat' dir='ltr'><strong>quo</strong></span> <span class='ocrx_word' id='word_1_197' title='bbox 618 3056 685 3112; x_wconf 89' lang='lat' dir='ltr'><strong>tum</strong></span> <span class='ocrx_word' id='word_1_198' title='bbox 707 3048 885 3131; x_wconf 86' lang='lat' dir='ltr'><strong>appellatus</strong></span> <span class='ocrx_word' id='word_1_199' title='bbox 900 3071 1057 3134; x_wconf 87' lang='lat' dir='ltr'><strong>nusquam</strong></span> <span class='ocrx_word' id='word_1_200' title='bbox 1073 3060 1137 3115; x_wconf 86' lang='lat' dir='ltr'><strong>est:</strong></span> <span class='ocrx_word' id='word_1_201' title='bbox 1160 3070 1224 3135; x_wconf 88' lang='lat' dir='ltr'><strong>qua</strong></span> <span class='ocrx_word' id='word_1_202' title='bbox 1238 3049 1457 3114; x_wconf 86' lang='lat' dir='ltr'><strong>aestimatione</strong></span> <span class='ocrx_word' id='word_1_203' title='bbox 1479 3047 1604 3109; x_wconf 73' lang='lat' dir='ltr'><strong>litium?</strong></span> 
     </span>
     <span class='ocr_line' id='line_1_21' title="bbox 279 3142 1642 3230; baseline 0.004 -26"><span class='ocrx_word' id='word_1_204' title='bbox 279 3142 313 3205; x_wconf 96' lang='lat' dir='ltr'><strong>in</strong></span> <span class='ocrx_word' id='word_1_205' title='bbox 335 3162 399 3226; x_wconf 88' lang='lat' dir='ltr'><strong>qua</strong></span> <span class='ocrx_word' id='word_1_206' title='bbox 420 3142 560 3207; x_wconf 87' lang='lat' dir='ltr'><strong>Postumi</strong></span> <span class='ocrx_word' id='word_1_207' title='bbox 583 3143 702 3207; x_wconf 88' lang='lat' dir='ltr'><strong>mentio</strong></span> <span class='ocrx_word' id='word_1_208' title='bbox 725 3142 807 3206; x_wconf 82' lang='lat' dir='ltr'><strong>iacta</strong></span> <span class='ocrx_word' id='word_1_209' title='bbox 828 3143 916 3206; x_wconf 91' lang='lat' dir='ltr'><strong>nulla</strong></span> <span class='ocrx_word' id='word_1_210' title='bbox 937 3155 1002 3207; x_wconf 90' lang='lat' dir='ltr'><strong>est:</strong></span> <span class='ocrx_word' id='word_1_211' title='bbox 1025 3164 1088 3228; x_wconf 91' lang='lat' dir='ltr'><strong>qua</strong></span> <span class='ocrx_word' id='word_1_212' title='bbox 1108 3144 1201 3228; x_wconf 75' lang='lat' dir='ltr'><strong>lege?</strong></span> <span class='ocrx_word' id='word_1_213' title='bbox 1223 3164 1286 3230; x_wconf 89' lang='lat' dir='ltr'><strong>qua</strong></span> <span class='ocrx_word' id='word_1_214' title='bbox 1306 3163 1370 3207; x_wconf 91' lang='lat' dir='ltr'><strong>non</strong></span> <span class='ocrx_word' id='word_1_215' title='bbox 1392 3149 1525 3206; x_wconf 88' lang='lat' dir='ltr'><strong>tenetur.</strong></span> <span class='ocrx_word' id='word_1_216' title='bbox 1613 3161 1642 3209; x_wconf 82' lang='lat' dir='ltr'><strong>eo</strong></span> 
     </span>
     <span class='ocr_line' id='line_1_22' title="bbox 362 3234 1604 3321; baseline -0.002 -22"><span class='ocrx_word' id='word_1_217' title='bbox 362 3236 422 3299; x_wconf 88' lang='lat' dir='ltr'><strong>llic</strong></span> <span class='ocrx_word' id='word_1_218' title='bbox 452 3237 532 3312; x_wconf 94' lang='lat' dir='ltr'><strong>iam,</strong></span> <span class='ocrx_word' id='word_1_219' title='bbox 561 3238 698 3312; x_wconf 85' lang='lat' dir='ltr'><strong>iudices,</strong></span> <span class='ocrx_word' id='word_1_220' title='bbox 727 3237 823 3300; x_wconf 86' lang='lat' dir='ltr'><strong>vestri</strong></span> <span class='ocrx_word' id='word_1_221' title='bbox 849 3238 974 3301; x_wconf 89' lang='lat' dir='ltr'><strong>consilii</strong></span> <span class='ocrx_word' id='word_1_222' title='bbox 995 3258 1046 3302; x_wconf 88' lang='lat' dir='ltr'><strong>res</strong></span> <span class='ocrx_word' id='word_1_223' title='bbox 1068 3246 1130 3315; x_wconf 88' lang='lat' dir='ltr'><strong>cst,</strong></span> <span class='ocrx_word' id='word_1_224' title='bbox 1159 3247 1281 3303; x_wconf 88' lang='lat' dir='ltr'><strong>vestrae</strong></span> <span class='ocrx_word' id='word_1_225' title='bbox 1303 3236 1495 3321; x_wconf 86' lang='lat' dir='ltr'><strong>sapientiae:</strong></span> <span class='ocrx_word' id='word_1_226' title='bbox 1527 3234 1604 3318; x_wconf 91' lang='lat' dir='ltr'><strong>qnid</strong></span> 
     </span>
     <span class='ocr_line' id='line_1_23' title="bbox 278 3327 1604 3415; baseline -0.001 -23"><span class='ocrx_word' id='word_1_227' title='bbox 278 3330 388 3394; x_wconf 89' lang='lat' dir='ltr'><strong>deceat</strong></span> <span class='ocrx_word' id='word_1_228' title='bbox 417 3351 490 3406; x_wconf 89' lang='lat' dir='ltr'><strong>vos,</strong></span> <span class='ocrx_word' id='word_1_229' title='bbox 519 3351 584 3394; x_wconf 95' lang='lat' dir='ltr'><strong>non</strong></span> <span class='ocrx_word' id='word_1_230' title='bbox 616 3337 770 3415; x_wconf 89' lang='lat' dir='ltr'><strong>quantum</strong></span> <span class='ocrx_word' id='word_1_231' title='bbox 791 3329 884 3394; x_wconf 86' lang='lat' dir='ltr'><strong>liceat</strong></span> <span class='ocrx_word' id='word_1_232' title='bbox 904 3331 997 3395; x_wconf 93' lang='lat' dir='ltr'><strong>vobis</strong></span> <span class='ocrx_word' id='word_1_233' title='bbox 1019 3341 1163 3415; x_wconf 85' lang='lat' dir='ltr'><strong>spectare</strong></span> <span class='ocrx_word' id='word_1_234' title='bbox 1185 3332 1318 3396; x_wconf 91' lang='lat' dir='ltr'><strong>debetis.</strong></span> <span class='ocrx_word' id='word_1_235' title='bbox 1362 3332 1397 3394; x_wconf 88' lang='lat' dir='ltr'><strong>Si</strong></span> <span class='ocrx_word' id='word_1_236' title='bbox 1419 3327 1504 3391; x_wconf 87' lang='lat' dir='ltr'><strong>enim</strong></span> <span class='ocrx_word' id='word_1_237' title='bbox 1527 3328 1604 3411; x_wconf 90' lang='lat' dir='ltr'><strong>quid</strong></span> 
     </span>
     <span class='ocr_line' id='line_1_24' title="bbox 277 3423 1603 3511; baseline -0.001 -26"><span class='ocrx_word' id='word_1_238' title='bbox 277 3424 373 3489; x_wconf 87' lang='lat' dir='ltr'><strong>liceat</strong></span> <span class='ocrx_word' id='word_1_239' title='bbox 394 3425 564 3509; x_wconf 87' lang='lat' dir='ltr'><strong>quaeritis,</strong></span> <span class='ocrx_word' id='word_1_240' title='bbox 585 3425 717 3507; x_wconf 86' lang='lat' dir='ltr'><strong>potestis</strong></span> <span class='ocrx_word' id='word_1_241' title='bbox 740 3423 852 3488; x_wconf 86' lang='lat' dir='ltr'><strong>tollere</strong></span> <span class='ocrx_word' id='word_1_242' title='bbox 871 3426 1032 3489; x_wconf 84' lang='lat' dir='ltr'><strong>ecivitate</strong></span> <span class='ocrx_word' id='word_1_243' title='bbox 1047 3447 1141 3511; x_wconf 89' lang='lat' dir='ltr'><strong>quem</strong></span> <span class='ocrx_word' id='word_1_244' title='bbox 1156 3426 1261 3490; x_wconf 83' lang='lat' dir='ltr'><strong>vultis.</strong></span> <span class='ocrx_word' id='word_1_245' title='bbox 1297 3424 1426 3487; x_wconf 86' lang='lat' dir='ltr'><strong>Tabella</strong></span> <span class='ocrx_word' id='word_1_246' title='bbox 1440 3430 1498 3496; x_wconf 88' lang='lat' dir='ltr'><strong>est,</strong></span> <span class='ocrx_word' id='word_1_247' title='bbox 1521 3441 1603 3504; x_wconf 85' lang='lat' dir='ltr'><strong>quas</strong></span> 
     </span>
     <span class='ocr_line' id='line_1_25' title="bbox 278 3515 1604 3602; baseline -0.004 -21"><span class='ocrx_word' id='word_1_248' title='bbox 278 3519 332 3582; x_wconf 90' lang='lat' dir='ltr'><strong>dat</strong></span> <span class='ocrx_word' id='word_1_249' title='bbox 352 3526 559 3602; x_wconf 86' lang='lat' dir='ltr'><strong>potestatem3</strong></span> <span class='ocrx_word' id='word_1_250' title='bbox 589 3517 727 3581; x_wconf 86' lang='lat' dir='ltr'><strong>occultat</strong></span> <span class='ocrx_word' id='word_1_251' title='bbox 747 3517 859 3580; x_wconf 93' lang='lat' dir='ltr'><strong>eadem</strong></span> <span class='ocrx_word' id='word_1_252' title='bbox 881 3518 1063 3583; x_wconf 86' lang='lat' dir='ltr'><strong>libidinem:</strong></span> <span class='ocrx_word' id='word_1_253' title='bbox 1095 3522 1185 3584; x_wconf 92' lang='lat' dir='ltr'><strong>cuius</strong></span> <span class='ocrx_word' id='word_1_254' title='bbox 1206 3518 1432 3584; x_wconf 81' lang='lat' dir='ltr'><strong>conscientiam</strong></span> <span class='ocrx_word' id='word_1_255' title='bbox 1453 3515 1533 3578; x_wconf 94' lang='lat' dir='ltr'><strong>nibil</strong></span> <span class='ocrx_word' id='word_1_256' title='bbox 1554 3522 1604 3577; x_wconf 89' lang='lat' dir='ltr'><strong>est</strong></span> 
     </span>
     <span class='ocr_line' id='line_1_26' title="bbox 277 3605 1639 3704; baseline 0.001 -27"><span class='ocrx_word' id='word_1_257' title='bbox 277 3615 363 3697; x_wconf 91' lang='lat' dir='ltr'><strong>quod</strong></span> <span class='ocrx_word' id='word_1_258' title='bbox 395 3612 565 3704; x_wconf 82' lang='lat' dir='ltr'><strong>quisquam</strong></span> <span class='ocrx_word' id='word_1_259' title='bbox 594 3613 719 3689; x_wconf 89' lang='lat' dir='ltr'><strong>timeat,</strong></span> <span class='ocrx_word' id='word_1_260' title='bbox 753 3612 779 3675; x_wconf 95' lang='lat' dir='ltr'><strong>si</strong></span> <span class='ocrx_word' id='word_1_261' title='bbox 808 3632 873 3677; x_wconf 91' lang='lat' dir='ltr'><strong>non</strong></span> <span class='ocrx_word' id='word_1_262' title='bbox 899 3605 1100 3696; x_wconf 83' lang='lat' dir='ltr'><strong>pertimescat</strong></span> <span class='ocrx_word' id='word_1_263' title='bbox 1126 3633 1226 3679; x_wconf 89' lang='lat' dir='ltr'><strong>suam.</strong></span> <span class='ocrx_word' id='word_1_264' title='bbox 1270 3609 1321 3677; x_wconf 67' lang='lat' dir='ltr'><strong>li,</strong></span> <span class='ocrx_word' id='word_1_265' title='bbox 1343 3612 1402 3675; x_wconf 92' lang='lat' dir='ltr'><strong>lJbi</strong></span> <span class='ocrx_word' id='word_1_266' title='bbox 1431 3618 1491 3674; x_wconf 88' lang='lat' dir='ltr'><strong>est.</strong></span> <span class='ocrx_word' id='word_1_267' title='bbox 1505 3610 1639 3694; x_wconf 65' lang='lat' dir='ltr'><strong>igiturn</strong></span> 
     </span>
     <span class='ocr_line' id='line_1_27' title="bbox 277 3706 1601 3792; baseline 0 -24"><span class='ocrx_word' id='word_1_268' title='bbox 277 3708 432 3790; x_wconf 90' lang='lat' dir='ltr'><strong>sapientia</strong></span> <span class='ocrx_word' id='word_1_269' title='bbox 460 3706 598 3770; x_wconf 85' lang='lat' dir='ltr'><strong>iudicisi</strong></span> <span class='ocrx_word' id='word_1_270' title='bbox 629 3708 667 3769; x_wconf 94' lang='lat' dir='ltr'><strong>ln</strong></span> <span class='ocrx_word' id='word_1_271' title='bbox 691 3707 769 3782; x_wconf 90' lang='lat' dir='ltr'><strong>hoc,</strong></span> <span class='ocrx_word' id='word_1_272' title='bbox 796 3714 833 3769; x_wconf 91' lang='lat' dir='ltr'><strong>ut</strong></span> <span class='ocrx_word' id='word_1_273' title='bbox 861 3727 926 3770; x_wconf 91' lang='lat' dir='ltr'><strong>non</strong></span> <span class='ocrx_word' id='word_1_274' title='bbox 955 3707 1058 3771; x_wconf 93' lang='lat' dir='ltr'><strong>solnm</strong></span> <span class='ocrx_word' id='word_1_275' title='bbox 1081 3707 1158 3792; x_wconf 89' lang='lat' dir='ltr'><strong>quid</strong></span> <span class='ocrx_word' id='word_1_276' title='bbox 1183 3709 1300 3792; x_wconf 84' lang='lat' dir='ltr'><strong>possit,</strong></span> <span class='ocrx_word' id='word_1_277' title='bbox 1329 3706 1501 3771; x_wconf 88' lang='lat' dir='ltr'><strong>sedetiam</strong></span> <span class='ocrx_word' id='word_1_278' title='bbox 1523 3706 1601 3789; x_wconf 85' lang='lat' dir='ltr'><strong>qnid</strong></span> 
     </span>
     <span class='ocr_line' id='line_1_28' title="bbox 277 3798 1600 3885; baseline 0.002 -24"><span class='ocrx_word' id='word_1_279' title='bbox 277 3798 392 3864; x_wconf 90' lang='lat' dir='ltr'><strong>debeat</strong></span> <span class='ocrx_word' id='word_1_280' title='bbox 422 3801 593 3884; x_wconf 91' lang='lat' dir='ltr'><strong>ponderet,</strong></span> <span class='ocrx_word' id='word_1_281' title='bbox 622 3821 681 3865; x_wconf 90' lang='lat' dir='ltr'><strong>nec</strong></span> <span class='ocrx_word' id='word_1_282' title='bbox 711 3809 865 3885; x_wconf 81' lang='lat' dir='ltr'><strong>quantum</strong></span> <span class='ocrx_word' id='word_1_283' title='bbox 893 3801 954 3864; x_wconf 89' lang='lat' dir='ltr'><strong>sibi</strong></span> <span class='ocrx_word' id='word_1_284' title='bbox 982 3801 1169 3883; x_wconf 89' lang='lat' dir='ltr'><strong>permissum</strong></span> <span class='ocrx_word' id='word_1_285' title='bbox 1200 3800 1377 3865; x_wconf 88' lang='lat' dir='ltr'><strong>meminerit</strong></span> <span class='ocrx_word' id='word_1_286' title='bbox 1397 3800 1515 3874; x_wconf 90' lang='lat' dir='ltr'><strong>solum,</strong></span> <span class='ocrx_word' id='word_1_287' title='bbox 1543 3800 1600 3864; x_wconf 90' lang='lat' dir='ltr'><strong>sed</strong></span> 
     </span>
     <span class='ocr_line' id='line_1_29' title="bbox 277 3894 1600 3979; baseline 0 -22"><span class='ocrx_word' id='word_1_288' title='bbox 277 3895 372 3957; x_wconf 88' lang='lat' dir='ltr'><strong>etiam</strong></span> <span class='ocrx_word' id='word_1_289' title='bbox 396 3901 550 3978; x_wconf 86' lang='lat' dir='ltr'><strong>quatenus</strong></span> <span class='ocrx_word' id='word_1_290' title='bbox 572 3894 774 3958; x_wconf 90' lang='lat' dir='ltr'><strong>commissum</strong></span> <span class='ocrx_word' id='word_1_291' title='bbox 795 3895 845 3958; x_wconf 82' lang='lat' dir='ltr'><strong>sit</strong></span> <span class='ocrx_word' id='word_1_292' title='bbox 882 3896 982 3958; x_wconf 87' lang='lat' dir='ltr'><strong>Datur</strong></span> <span class='ocrx_word' id='word_1_293' title='bbox 1003 3895 1059 3959; x_wconf 91' lang='lat' dir='ltr'><strong>tibi</strong></span> <span class='ocrx_word' id='word_1_294' title='bbox 1087 3896 1203 3961; x_wconf 89' lang='lat' dir='ltr'><strong>tabella</strong></span> <span class='ocrx_word' id='word_1_295' title='bbox 1224 3895 1337 3959; x_wconf 89' lang='lat' dir='ltr'><strong>iudici:</strong></span> <span class='ocrx_word' id='word_1_296' title='bbox 1360 3915 1424 3979; x_wconf 83' lang='lat' dir='ltr'><strong>qna</strong></span> <span class='ocrx_word' id='word_1_297' title='bbox 1444 3896 1536 3978; x_wconf 81' lang='lat' dir='ltr'><strong>logei</strong></span> <span class='ocrx_word' id='word_1_298' title='bbox 1558 3928 1600 3943; x_wconf 88' lang='lat'><em>-</em></span> 
     </span>
     <span class='ocr_line' id='line_1_30' title="bbox 276 3987 1600 4072; baseline 0.002 -23"><span class='ocrx_word' id='word_1_299' title='bbox 276 3988 357 4052; x_wconf 93' lang='lat' dir='ltr'><strong>lulia</strong></span> <span class='ocrx_word' id='word_1_300' title='bbox 379 3988 418 4052; x_wconf 91' lang='lat' dir='ltr'><strong>de</strong></span> <span class='ocrx_word' id='word_1_301' title='bbox 439 3989 582 4072; x_wconf 88' lang='lat' dir='ltr'><strong>pecuniis</strong></span> <span class='ocrx_word' id='word_1_302' title='bbox 604 3987 798 4072; x_wconf 86' lang='lat' dir='ltr'><strong>repetundis.</strong></span> <span class='ocrx_word' id='word_1_303' title='bbox 818 4021 860 4036; x_wconf 94' lang='lat'>-</span> <span class='ocrx_word' id='word_1_304' title='bbox 882 3989 955 4066; x_wconf 89' lang='lat' dir='ltr'><strong>Quo</strong></span> <span class='ocrx_word' id='word_1_305' title='bbox 977 3989 1017 4054; x_wconf 88' lang='lat' dir='ltr'><strong>dc</strong></span> <span class='ocrx_word' id='word_1_306' title='bbox 1038 3993 1114 4054; x_wconf 81' lang='lat' dir='ltr'><strong>rcoi</strong></span> <span class='ocrx_word' id='word_1_307' title='bbox 1137 3991 1244 4053; x_wconf 87' lang='lat' dir='ltr'><strong>—De</strong></span> <span class='ocrx_word' id='word_1_308' title='bbox 1266 3989 1372 4072; x_wconf 88' lang='lat' dir='ltr'><strong>equite</strong></span> <span class='ocrx_word' id='word_1_309' title='bbox 1394 3991 1600 4053; x_wconf 83' lang='lat' dir='ltr'><strong>Romano.-</strong></span> 
     </span>
     <span class='ocr_line' id='line_1_31' title="bbox 275 4081 1637 4168; baseline 0.004 -25"><span class='ocrx_word' id='word_1_310' title='bbox 275 4083 317 4144; x_wconf 79' lang='lat' dir='ltr'><strong>at</strong></span> <span class='ocrx_word' id='word_1_311' title='bbox 338 4081 398 4145; x_wconf 90' lang='lat' dir='ltr'><strong>iste</strong></span> <span class='ocrx_word' id='word_1_312' title='bbox 420 4081 499 4146; x_wconf 91' lang='lat' dir='ltr'><strong>ordo</strong></span> <span class='ocrx_word' id='word_1_313' title='bbox 520 4083 591 4166; x_wconf 90' lang='lat' dir='ltr'><strong>lage</strong></span> <span class='ocrx_word' id='word_1_314' title='bbox 613 4101 650 4145; x_wconf 90' lang='lat' dir='ltr'><strong>ea</strong></span> <span class='ocrx_word' id='word_1_315' title='bbox 672 4103 736 4146; x_wconf 94' lang='lat' dir='ltr'><strong>non</strong></span> <span class='ocrx_word' id='word_1_316' title='bbox 758 4090 893 4147; x_wconf 89' lang='lat' dir='ltr'><strong>tenetur.</strong></span> <span class='ocrx_word' id='word_1_317' title='bbox 907 4115 949 4130; x_wconf 95' lang='lat'><em>-</em></span> <span class='ocrx_word' id='word_1_318' title='bbox 971 4083 1048 4158; x_wconf 94' lang='lat' dir='ltr'><strong>Illo,</strong></span> <span class='ocrx_word' id='word_1_319' title='bbox 1069 4085 1188 4168; x_wconf 89' lang='lat' dir='ltr'><strong>inquit,</strong></span> <span class='ocrx_word' id='word_1_320' title='bbox 1210 4084 1311 4166; x_wconf 89' lang='lat' dir='ltr'><strong>capite</strong></span> <span class='ocrx_word' id='word_1_321' title='bbox 1332 4082 1457 4166; x_wconf 86' lang='lat' dir='ltr'><strong>†quod</strong></span> <span class='ocrx_word' id='word_1_322' title='bbox 1478 4083 1637 4148; x_wconf 77' lang='lat' dir='ltr'><strong>eratineo</strong></span> 
     </span>
     <span class='ocr_line' id='line_1_32' title="bbox 275 4175 1599 4254; baseline -0.001 -15"><span class='ocrx_word' id='word_1_323' title='bbox 275 4176 475 4254; x_wconf 84' lang='lat' dir='ltr'><strong>Postumum,</strong></span> <span class='ocrx_word' id='word_1_324' title='bbox 497 4196 569 4240; x_wconf 91' lang='lat' dir='ltr'><strong>cum</strong></span> <span class='ocrx_word' id='word_1_325' title='bbox 591 4176 624 4239; x_wconf 94' lang='lat' dir='ltr'><strong>in</strong></span> <span class='ocrx_word' id='word_1_326' title='bbox 647 4176 816 4241; x_wconf 86' lang='lat' dir='ltr'><strong>Gabinium</strong></span> <span class='ocrx_word' id='word_1_327' title='bbox 836 4177 934 4241; x_wconf 84' lang='lat' dir='ltr'><strong>iudex</strong></span> <span class='ocrx_word' id='word_1_328' title='bbox 955 4196 1059 4252; x_wconf 87' lang='lat' dir='ltr'><strong>esses,</strong></span> <span class='ocrx_word' id='word_1_329' title='bbox 1086 4175 1166 4241; x_wconf 91' lang='lat' dir='ltr'><strong>nibil</strong></span> <span class='ocrx_word' id='word_1_330' title='bbox 1188 4175 1322 4240; x_wconf 86' lang='lat' dir='ltr'><strong>Gabinio</strong></span> <span class='ocrx_word' id='word_1_331' title='bbox 1345 4175 1506 4252; x_wconf 89' lang='lat' dir='ltr'><strong>damnato,</strong></span> <span class='ocrx_word' id='word_1_332' title='bbox 1527 4195 1599 4239; x_wconf 91' lang='lat' dir='ltr'><strong>curn</strong></span> 
     </span>
    </p>
   </div>
   <div class='ocr_carea' id='block_1_3' title="bbox 274 4380 1607 5960">
    <p class='ocr_par' dir='ltr' id='par_1_3' title="bbox 274 4380 1607 5960">
     <span class='ocr_line' id='line_1_33' title="bbox 275 4380 1598 4448; baseline 0.001 -15"><span class='ocrx_word' id='word_1_333' title='bbox 275 4380 360 4444; x_wconf 89' lang='lat' dir='ltr'><strong>linea,</strong></span> <span class='ocrx_word' id='word_1_334' title='bbox 377 4383 408 4433; x_wconf 85' lang='lat' dir='ltr'><strong>ut</strong></span> <span class='ocrx_word' id='word_1_335' title='bbox 424 4383 466 4434; x_wconf 89' lang='lat' dir='ltr'><strong>est</strong></span> <span class='ocrx_word' id='word_1_336' title='bbox 479 4382 507 4434; x_wconf 92' lang='lat' dir='ltr'><strong>in</strong></span> <span class='ocrx_word' id='word_1_337' title='bbox 518 4382 548 4444; x_wconf 89' lang='grc' dir='ltr'><strong>Ε,</strong></span> <span class='ocrx_word' id='word_1_338' title='bbox 566 4382 767 4448; x_wconf 86' lang='lat' dir='ltr'><strong>permutationis</strong></span> <span class='ocrx_word' id='word_1_339' title='bbox 783 4383 850 4433; x_wconf 91' lang='lat' dir='ltr'><strong>ratio</strong></span> <span class='ocrx_word' id='word_1_340' title='bbox 865 4381 1042 4447; x_wconf 85' lang='lat' dir='ltr'><strong>perspicitur).</strong></span> <span class='ocrx_word' id='word_1_341' title='bbox 1054 4407 1083 4418; x_wconf 90' lang='lat'><em>-</em></span> <span class='ocrx_word' id='word_1_342' title='bbox 1094 4380 1123 4430; x_wconf 83' lang='grc'><strong>44</strong></span> <span class='ocrx_word' id='word_1_343' title='bbox 1137 4394 1216 4444; x_wconf 83' lang='grc'><strong>404440.</strong></span> <span class='ocrx_word' id='word_1_344' title='bbox 1228 4381 1284 4432; x_wconf 83' lang='lat' dir='ltr'><strong>SV:</strong></span> <span class='ocrx_word' id='word_1_345' title='bbox 1302 4381 1330 4431; x_wconf 78' lang='lat' dir='ltr'><strong>is</strong></span> <span class='ocrx_word' id='word_1_346' title='bbox 1345 4394 1369 4433; x_wconf 83' lang='lat' dir='ltr'><strong>r.</strong></span> <span class='ocrx_word' id='word_1_347' title='bbox 1377 4393 1408 4446; x_wconf 77' lang='lat' dir='ltr'><strong>p.</strong></span> <span class='ocrx_word' id='word_1_348' title='bbox 1419 4382 1465 4435; x_wconf 84' lang='lat' dir='ltr'><strong>El]</strong></span> <span class='ocrx_word' id='word_1_349' title='bbox 1476 4385 1503 4433; x_wconf 93' lang='grc'><strong>04</strong></span> <span class='ocrx_word' id='word_1_350' title='bbox 1515 4383 1525 4431; x_wconf 98' lang='grc'><strong>4</strong></span> <span class='ocrx_word' id='word_1_351' title='bbox 1540 4383 1598 4444; x_wconf 68' lang='grc'><strong>(44.4</strong></span> 
     </span>
     <span class='ocr_line' id='line_1_34' title="bbox 274 4456 1602 4521; baseline 0.002 -14"><span class='ocrx_word' id='word_1_352' title='bbox 274 4457 302 4506; x_wconf 77' lang='lat' dir='ltr'><strong>ia</strong></span> <span class='ocrx_word' id='word_1_353' title='bbox 318 4470 371 4520; x_wconf 82' lang='lat' dir='ltr'><strong>rep.</strong></span> <span class='ocrx_word' id='word_1_354' title='bbox 385 4456 476 4508; x_wconf 81' lang='lat'><strong>³011.</strong></span> <span class='ocrx_word' id='word_1_355' title='bbox 488 4482 522 4494; x_wconf 89' lang='lat'>—</span> <span class='ocrx_word' id='word_1_356' title='bbox 538 4458 563 4509; x_wconf 90' lang='grc'><strong>4.</strong></span> <span class='ocrx_word' id='word_1_357' title='bbox 582 4458 681 4520; x_wconf 83' lang='grc'><strong>04480444</strong></span> <span class='ocrx_word' id='word_1_358' title='bbox 695 4457 764 4508; x_wconf 74' lang='lat' dir='ltr'><strong>cabis</strong></span> <span class='ocrx_word' id='word_1_359' title='bbox 780 4458 833 4518; x_wconf 80' lang='lat' dir='ltr'><strong>sV‚</strong></span> <span class='ocrx_word' id='word_1_360' title='bbox 852 4456 902 4508; x_wconf 81' lang='lat' dir='ltr'><strong>aad</strong></span> <span class='ocrx_word' id='word_1_361' title='bbox 917 4457 939 4507; x_wconf 83' lang='lat' dir='ltr'>V</span> <span class='ocrx_word' id='word_1_362' title='bbox 958 4468 1020 4507; x_wconf 90' lang='lat' dir='ltr'><strong>cam</strong></span> <span class='ocrx_word' id='word_1_363' title='bbox 1036 4457 1118 4519; x_wconf 86' lang='lat' dir='ltr'><strong>signis</strong></span> <span class='ocrx_word' id='word_1_364' title='bbox 1134 4457 1352 4521; x_wconf 75' lang='lat' dir='ltr'><strong>mnspoeiuonla.</strong></span> <span class='ocrx_word' id='word_1_365' title='bbox 1370 4482 1400 4496; x_wconf 93' lang='lat'><em>-</em></span> <span class='ocrx_word' id='word_1_366' title='bbox 1417 4459 1442 4510; x_wconf 75' lang='grc'><strong>8.</strong></span> <span class='ocrx_word' id='word_1_367' title='bbox 1459 4458 1602 4509; x_wconf 64' lang='lat' dir='ltr'><strong>soriam:</strong></span> 
     </span>
     <span class='ocr_line' id='line_1_35' title="bbox 276 4531 1602 4594; baseline 0.002 -11"><span class='ocrx_word' id='word_1_368' title='bbox 276 4531 356 4584; x_wconf 89' lang='lat' dir='ltr'><strong>codd.</strong></span> <span class='ocrx_word' id='word_1_369' title='bbox 373 4533 402 4585; x_wconf 89' lang='grc'><strong>04</strong></span> <span class='ocrx_word' id='word_1_370' title='bbox 417 4531 480 4591; x_wconf 86' lang='grc'><strong>088.</strong></span> <span class='ocrx_word' id='word_1_371' title='bbox 498 4534 575 4594; x_wconf 65' lang='lat' dir='ltr'><strong>vett„</strong></span> <span class='ocrx_word' id='word_1_372' title='bbox 593 4533 674 4584; x_wconf 86' lang='lat' dir='ltr'><strong>etiam</strong></span> <span class='ocrx_word' id='word_1_373' title='bbox 690 4531 725 4593; x_wconf 73' lang='lat' dir='ltr'><strong>b:</strong></span> <span class='ocrx_word' id='word_1_374' title='bbox 748 4531 900 4583; x_wconf 84' lang='lat' dir='ltr'><strong>emandavit</strong></span> <span class='ocrx_word' id='word_1_375' title='bbox 915 4532 1071 4594; x_wconf 85' lang='lat' dir='ltr'><strong>liervagius.</strong></span> <span class='ocrx_word' id='word_1_376' title='bbox 1091 4556 1119 4569; x_wconf 94' lang='lat'>-</span> <span class='ocrx_word' id='word_1_377' title='bbox 1142 4531 1167 4584; x_wconf 82' lang='lat' dir='ltr'><strong>l.</strong></span> <span class='ocrx_word' id='word_1_378' title='bbox 1184 4532 1292 4583; x_wconf 74' lang='lat' dir='ltr'><strong>discordi</strong></span> <span class='ocrx_word' id='word_1_379' title='bbox 1308 4533 1485 4585; x_wconf 83' lang='lat' dir='ltr'><strong>Hotomanus:</strong></span> <span class='ocrx_word' id='word_1_380' title='bbox 1504 4532 1602 4585; x_wconf 84' lang='grc'><strong>84004484</strong></span> 
     </span>
     <span class='ocr_line' id='line_1_36' title="bbox 275 4605 1601 4673; baseline -0.001 -14"><span class='ocrx_word' id='word_1_381' title='bbox 275 4607 354 4659; x_wconf 91' lang='lat' dir='ltr'><strong>codd.</strong></span> <span class='ocrx_word' id='word_1_382' title='bbox 373 4611 400 4660; x_wconf 87' lang='lat' dir='ltr'><strong>at</strong></span> <span class='ocrx_word' id='word_1_383' title='bbox 416 4609 451 4670; x_wconf 81' lang='lat'><strong>03</strong></span> <span class='ocrx_word' id='word_1_384' title='bbox 476 4607 510 4661; x_wconf 84' lang='lat' dir='ltr'><strong>cl.</strong></span> <span class='ocrx_word' id='word_1_385' title='bbox 529 4608 564 4659; x_wconf 88' lang='grc'><strong>80</strong></span> <span class='ocrx_word' id='word_1_386' title='bbox 581 4607 678 4658; x_wconf 84' lang='lat' dir='ltr'><strong>eodem</strong></span> <span class='ocrx_word' id='word_1_387' title='bbox 695 4607 793 4659; x_wconf 89' lang='lat' dir='ltr'><strong>mendo</strong></span> <span class='ocrx_word' id='word_1_388' title='bbox 810 4607 876 4657; x_wconf 83' lang='lat' dir='ltr'><strong>inira</strong></span> <span class='ocrx_word' id='word_1_389' title='bbox 894 4605 928 4656; x_wconf 92' lang='lat' dir='ltr'><strong>ad</strong></span> <span class='ocrx_word' id='word_1_390' title='bbox 946 4606 962 4671; x_wconf 71' lang='grc'>5</span> <span class='ocrx_word' id='word_1_391' title='bbox 978 4606 1011 4656; x_wconf 80' lang='grc'><strong>89</strong></span> <span class='ocrx_word' id='word_1_392' title='bbox 1028 4608 1096 4658; x_wconf 88' lang='lat' dir='ltr'><strong>extr.</strong></span> <span class='ocrx_word' id='word_1_393' title='bbox 1115 4631 1144 4643; x_wconf 94' lang='lat'><em>-</em></span> <span class='ocrx_word' id='word_1_394' title='bbox 1167 4620 1186 4656; x_wconf 92' lang='lat' dir='ltr'><strong>a</strong></span> <span class='ocrx_word' id='word_1_395' title='bbox 1206 4620 1246 4657; x_wconf 83' lang='lat' dir='ltr'><strong>me</strong></span> <span class='ocrx_word' id='word_1_396' title='bbox 1267 4606 1332 4670; x_wconf 76' lang='lat' dir='ltr'><strong>assit</strong></span> <span class='ocrx_word' id='word_1_397' title='bbox 1346 4609 1457 4673; x_wconf 88' lang='lat' dir='ltr'><strong>scripsi:</strong></span> <span class='ocrx_word' id='word_1_398' title='bbox 1479 4622 1537 4658; x_wconf 88' lang='lat' dir='ltr'><strong>mea</strong></span> <span class='ocrx_word' id='word_1_399' title='bbox 1551 4608 1601 4672; x_wconf 69' lang='lat' dir='ltr'><strong>[nic</strong></span> 
     </span>
     <span class='ocr_line' id='line_1_37' title="bbox 276 4678 1598 4747; baseline 0 -13"><span class='ocrx_word' id='word_1_400' title='bbox 276 4681 370 4744; x_wconf 89' lang='lat' dir='ltr'><strong>codd.;</strong></span> <span class='ocrx_word' id='word_1_401' title='bbox 387 4696 440 4734; x_wconf 82' lang='grc'><strong>4044</strong></span> <span class='ocrx_word' id='word_1_402' title='bbox 457 4695 515 4734; x_wconf 81' lang='lat' dir='ltr'><strong>osea</strong></span> <span class='ocrx_word' id='word_1_403' title='bbox 528 4681 578 4747; x_wconf 73' lang='lat' dir='ltr'><strong>trelt</strong></span> <span class='ocrx_word' id='word_1_404' title='bbox 594 4683 614 4733; x_wconf 92' lang='lat'>0</span> <span class='ocrx_word' id='word_1_405' title='bbox 631 4694 694 4733; x_wconf 89' lang='lat' dir='ltr'><strong>cum</strong></span> <span class='ocrx_word' id='word_1_406' title='bbox 711 4680 754 4732; x_wconf 86' lang='lat' dir='ltr'><strong>ad.</strong></span> <span class='ocrx_word' id='word_1_407' title='bbox 772 4678 829 4731; x_wconf 73' lang='lat' dir='ltr'><strong>ald.</strong></span> <span class='ocrx_word' id='word_1_408' title='bbox 850 4706 878 4719; x_wconf 95' lang='lat'><em>-</em></span> <span class='ocrx_word' id='word_1_409' title='bbox 898 4681 922 4732; x_wconf 88' lang='grc'><strong>8.</strong></span> <span class='ocrx_word' id='word_1_410' title='bbox 940 4683 984 4744; x_wconf 80' lang='lat' dir='ltr'><strong>pal</strong></span> <span class='ocrx_word' id='word_1_411' title='bbox 999 4681 1026 4730; x_wconf 83' lang='grc'><strong>44</strong></span> <span class='ocrx_word' id='word_1_412' title='bbox 1042 4683 1103 4734; x_wconf 87' lang='lat' dir='ltr'><strong>sll:</strong></span> <span class='ocrx_word' id='word_1_413' title='bbox 1122 4682 1183 4744; x_wconf 82' lang='grc'><strong>0044</strong></span> <span class='ocrx_word' id='word_1_414' title='bbox 1199 4681 1261 4743; x_wconf 81' lang='lat' dir='ltr'><strong>EV,</strong></span> <span class='ocrx_word' id='word_1_415' title='bbox 1280 4682 1290 4731; x_wconf 94' lang='grc'><strong>4</strong></span> <span class='ocrx_word' id='word_1_416' title='bbox 1312 4682 1373 4742; x_wconf 84' lang='lat'><strong>01.;</strong></span> <span class='ocrx_word' id='word_1_417' title='bbox 1391 4684 1447 4745; x_wconf 79' lang='grc'><strong>04444</strong></span> <span class='ocrx_word' id='word_1_418' title='bbox 1462 4681 1479 4734; x_wconf 80' lang='lat' dir='ltr'><strong>l</strong></span> <span class='ocrx_word' id='word_1_419' title='bbox 1495 4684 1598 4733; x_wconf 78' lang='lat'><strong>011.-</strong></span> 
     </span>
     <span class='ocr_line' id='line_1_38' title="bbox 275 4754 1601 4823; baseline -0.002 -14"><span class='ocrx_word' id='word_1_420' title='bbox 275 4763 360 4809; x_wconf 79' lang='lat' dir='ltr'><strong>autem</strong></span> <span class='ocrx_word' id='word_1_421' title='bbox 376 4758 537 4809; x_wconf 75' lang='grc'><strong>00484000844</strong></span> <span class='ocrx_word' id='word_1_422' title='bbox 551 4769 623 4809; x_wconf 72' lang='lat' dir='ltr'><strong>aeno</strong></span> <span class='ocrx_word' id='word_1_423' title='bbox 641 4754 733 4807; x_wconf 79' lang='lat' dir='ltr'><strong>lamb.</strong></span> <span class='ocrx_word' id='word_1_424' title='bbox 751 4782 784 4794; x_wconf 90' lang='lat'><em>-</em></span> <span class='ocrx_word' id='word_1_425' title='bbox 800 4756 824 4808; x_wconf 94' lang='grc'><strong>8.</strong></span> <span class='ocrx_word' id='word_1_426' title='bbox 842 4757 870 4806; x_wconf 82' lang='lat' dir='ltr'><strong>le</strong></span> <span class='ocrx_word' id='word_1_427' title='bbox 885 4756 1020 4819; x_wconf 75' lang='grc'><strong>4440440840</strong></span> <span class='ocrx_word' id='word_1_428' title='bbox 1035 4757 1093 4806; x_wconf 86' lang='lat' dir='ltr'><strong>GS:</strong></span> <span class='ocrx_word' id='word_1_429' title='bbox 1111 4756 1139 4805; x_wconf 86' lang='grc'><strong>44</strong></span> <span class='ocrx_word' id='word_1_430' title='bbox 1154 4769 1208 4806; x_wconf 90' lang='lat' dir='ltr'><strong>om.</strong></span> <span class='ocrx_word' id='word_1_431' title='bbox 1222 4756 1309 4816; x_wconf 86' lang='lat' dir='ltr'><strong>EllV,</strong></span> <span class='ocrx_word' id='word_1_432' title='bbox 1326 4754 1428 4818; x_wconf 65' lang='lat' dir='ltr'><strong>lora„</strong></span> <span class='ocrx_word' id='word_1_433' title='bbox 1445 4756 1517 4822; x_wconf 91' lang='lat' dir='ltr'><strong>quod</strong></span> <span class='ocrx_word' id='word_1_434' title='bbox 1534 4770 1601 4823; x_wconf 87' lang='lat' dir='ltr'><strong>pro·</strong></span> 
     </span>
     <span class='ocr_line' id='line_1_39' title="bbox 274 4828 1602 4898; baseline -0.002 -13"><span class='ocrx_word' id='word_1_435' title='bbox 274 4833 349 4886; x_wconf 85' lang='lat' dir='ltr'><strong>bavit</strong></span> <span class='ocrx_word' id='word_1_436' title='bbox 363 4835 463 4886; x_wconf 80' lang='lat' dir='ltr'><strong>Parcas</strong></span> <span class='ocrx_word' id='word_1_437' title='bbox 479 4834 506 4884; x_wconf 90' lang='lat' dir='ltr'><strong>ln</strong></span> <span class='ocrx_word' id='word_1_438' title='bbox 522 4834 585 4885; x_wconf 78' lang='lat' dir='ltr'><strong>bea.</strong></span> <span class='ocrx_word' id='word_1_439' title='bbox 602 4833 689 4884; x_wconf 82' lang='grc'><strong>0444400</strong></span> <span class='ocrx_word' id='word_1_440' title='bbox 705 4845 732 4898; x_wconf 92' lang='lat' dir='ltr'><strong>p.</strong></span> <span class='ocrx_word' id='word_1_441' title='bbox 744 4830 791 4891; x_wconf 81' lang='grc'><strong>88.</strong></span> <span class='ocrx_word' id='word_1_442' title='bbox 811 4828 950 4883; x_wconf 75' lang='lat' dir='ltr'><strong>formulam</strong></span> <span class='ocrx_word' id='word_1_443' title='bbox 966 4831 1093 4882; x_wconf 81' lang='grc'><strong>4044404480</strong></span> <span class='ocrx_word' id='word_1_444' title='bbox 1108 4832 1193 4882; x_wconf 84' lang='grc'><strong>080044</strong></span> <span class='ocrx_word' id='word_1_445' title='bbox 1208 4841 1379 4895; x_wconf 79' lang='lat' dir='ltr'><strong>comparans:</strong></span> <span class='ocrx_word' id='word_1_446' title='bbox 1397 4831 1425 4881; x_wconf 81' lang='grc'><strong>40</strong></span> <span class='ocrx_word' id='word_1_447' title='bbox 1440 4833 1602 4883; x_wconf 58' lang='lat' dir='ltr'><strong>marmot:</strong></span> 
     </span>
     <span class='ocr_line' id='line_1_40' title="bbox 275 4904 1603 4962; baseline -0.002 0"><span class='ocrx_word' id='word_1_448' title='bbox 275 4910 358 4961; x_wconf 82' lang='lat' dir='ltr'><strong>litibus</strong></span> <span class='ocrx_word' id='word_1_449' title='bbox 378 4908 421 4962; x_wconf 83' lang='lat' dir='ltr'><strong>vel</strong></span> <span class='ocrx_word' id='word_1_450' title='bbox 443 4910 471 4960; x_wconf 82' lang='grc'><strong>44</strong></span> <span class='ocrx_word' id='word_1_451' title='bbox 490 4908 573 4960; x_wconf 83' lang='grc'><strong>44444444</strong></span> <span class='ocrx_word' id='word_1_452' title='bbox 596 4908 664 4960; x_wconf 89' lang='lat' dir='ltr'><strong>conl.</strong></span> <span class='ocrx_word' id='word_1_453' title='bbox 690 4905 783 4958; x_wconf 82' lang='lat' dir='ltr'><strong>bamb.</strong></span> <span class='ocrx_word' id='word_1_454' title='bbox 803 4933 831 4944; x_wconf 92' lang='lat'>-</span> <span class='ocrx_word' id='word_1_455' title='bbox 856 4908 896 4958; x_wconf 83' lang='grc'><strong>40.</strong></span> <span class='ocrx_word' id='word_1_456' title='bbox 915 4906 1007 4958; x_wconf 81' lang='lat' dir='ltr'><strong>solebat</strong></span> <span class='ocrx_word' id='word_1_457' title='bbox 1023 4907 1043 4957; x_wconf 82' lang='lat' dir='ltr'><strong>E</strong></span> <span class='ocrx_word' id='word_1_458' title='bbox 1061 4930 1088 4941; x_wconf 94' lang='lat'><em>—</em></span> <span class='ocrx_word' id='word_1_459' title='bbox 1110 4906 1151 4955; x_wconf 78' lang='grc'><strong>48.</strong></span> <span class='ocrx_word' id='word_1_460' title='bbox 1168 4909 1204 4956; x_wconf 84' lang='grc'><strong>044</strong></span> <span class='ocrx_word' id='word_1_461' title='bbox 1219 4911 1243 4955; x_wconf 82' lang='grc'><strong>04</strong></span> <span class='ocrx_word' id='word_1_462' title='bbox 1257 4911 1316 4955; x_wconf 83' lang='lat' dir='ltr'><strong>aete</strong></span> <span class='ocrx_word' id='word_1_463' title='bbox 1330 4904 1470 4957; x_wconf 88' lang='lat' dir='ltr'><strong>Patricius:</strong></span> <span class='ocrx_word' id='word_1_464' title='bbox 1492 4912 1528 4956; x_wconf 83' lang='grc'><strong>044</strong></span> <span class='ocrx_word' id='word_1_465' title='bbox 1543 4912 1603 4959; x_wconf 82' lang='lat' dir='ltr'><strong>aete</strong></span> 
     </span>
     <span class='ocr_line' id='line_1_41' title="bbox 276 4979 1602 5046; baseline -0.004 -9"><span class='ocrx_word' id='word_1_466' title='bbox 276 4985 356 5037; x_wconf 90' lang='lat' dir='ltr'><strong>codd.</strong></span> <span class='ocrx_word' id='word_1_467' title='bbox 374 4987 402 5037; x_wconf 89' lang='lat' dir='ltr'><strong>et</strong></span> <span class='ocrx_word' id='word_1_468' title='bbox 417 4985 439 5035; x_wconf 92' lang='lat'>0</span> <span class='ocrx_word' id='word_1_469' title='bbox 456 5009 484 5020; x_wconf 92' lang='lat'>-</span> <span class='ocrx_word' id='word_1_470' title='bbox 503 4984 543 5038; x_wconf 92' lang='grc'><strong>48.</strong></span> <span class='ocrx_word' id='word_1_471' title='bbox 560 4984 587 5032; x_wconf 84' lang='lat' dir='ltr'><strong>la</strong></span> <span class='ocrx_word' id='word_1_472' title='bbox 603 4996 657 5033; x_wconf 89' lang='lat' dir='ltr'><strong>om.</strong></span> <span class='ocrx_word' id='word_1_473' title='bbox 675 4983 692 5033; x_wconf 79' lang='grc'><strong>8</strong></span> <span class='ocrx_word' id='word_1_474' title='bbox 709 4985 773 5034; x_wconf 82' lang='lat' dir='ltr'><strong>On.</strong></span> <span class='ocrx_word' id='word_1_475' title='bbox 792 5008 820 5019; x_wconf 94' lang='lat'>-</span> <span class='ocrx_word' id='word_1_476' title='bbox 846 4983 887 5035; x_wconf 92' lang='grc'><strong>48.</strong></span> <span class='ocrx_word' id='word_1_477' title='bbox 904 4983 933 5033; x_wconf 81' lang='grc' dir='ltr'><strong>Δ.</strong></span> <span class='ocrx_word' id='word_1_478' title='bbox 953 4981 1054 5033; x_wconf 72' lang='grc'><strong>44084044</strong></span> <span class='ocrx_word' id='word_1_479' title='bbox 1069 4981 1247 5032; x_wconf 84' lang='lat' dir='ltr'><strong>Hotomanus:</strong></span> <span class='ocrx_word' id='word_1_480' title='bbox 1270 4979 1371 5046; x_wconf 58' lang='grc'><strong>004440</strong></span> <span class='ocrx_word' id='word_1_481' title='bbox 1385 4985 1427 5045; x_wconf 74' lang='lat' dir='ltr'><strong>sp:</strong></span> <span class='ocrx_word' id='word_1_482' title='bbox 1444 4979 1602 5044; x_wconf 73' lang='grc'><strong>0044040044</strong></span> 
     </span>
     <span class='ocr_line' id='line_1_42' title="bbox 275 5051 1601 5126; baseline -0.003 -15"><span class='ocrx_word' id='word_1_483' title='bbox 275 5061 347 5123; x_wconf 88' lang='lat' dir='ltr'><strong>(cnm</strong></span> <span class='ocrx_word' id='word_1_484' title='bbox 363 5073 382 5111; x_wconf 92' lang='grc'><strong>0</strong></span> <span class='ocrx_word' id='word_1_485' title='bbox 397 5072 532 5126; x_wconf 89' lang='lat' dir='ltr'><strong>supersor.</strong></span> <span class='ocrx_word' id='word_1_486' title='bbox 551 5061 612 5110; x_wconf 87' lang='lat' dir='ltr'><strong>ante</strong></span> <span class='ocrx_word' id='word_1_487' title='bbox 628 5058 669 5124; x_wconf 86' lang='grc'><strong>0),</strong></span> <span class='ocrx_word' id='word_1_488' title='bbox 688 5056 759 5109; x_wconf 89' lang='lat' dir='ltr'><strong>unda</strong></span> <span class='ocrx_word' id='word_1_489' title='bbox 777 5057 894 5109; x_wconf 82' lang='lat' dir='ltr'><strong>Muretus</strong></span> <span class='ocrx_word' id='word_1_490' title='bbox 912 5056 1067 5115; x_wconf 72' lang='grc'><strong>6004440404</strong></span> <span class='ocrx_word' id='word_1_491' title='bbox 1085 5068 1104 5104; x_wconf 89' lang='grc'><strong>0</strong></span> <span class='ocrx_word' id='word_1_492' title='bbox 1118 5054 1220 5119; x_wconf 78' lang='grc'><strong>00044440</strong></span> <span class='ocrx_word' id='word_1_493' title='bbox 1235 5053 1313 5105; x_wconf 86' lang='lat' dir='ltr'><strong>codd.</strong></span> <span class='ocrx_word' id='word_1_494' title='bbox 1326 5051 1383 5105; x_wconf 87' lang='lat' dir='ltr'><strong>rell.</strong></span> <span class='ocrx_word' id='word_1_495' title='bbox 1401 5055 1465 5104; x_wconf 85' lang='lat' dir='ltr'><strong>noli.</strong></span> <span class='ocrx_word' id='word_1_496' title='bbox 1485 5054 1525 5106; x_wconf 82' lang='lat' dir='ltr'><strong>ct.</strong></span> <span class='ocrx_word' id='word_1_497' title='bbox 1544 5068 1601 5107; x_wconf 87' lang='lat' dir='ltr'><strong>var.</strong></span> 
     </span>
     <span class='ocr_line' id='line_1_43' title="bbox 276 5130 1604 5200; baseline -0.005 -14"><span class='ocrx_word' id='word_1_498' title='bbox 276 5133 338 5186; x_wconf 86' lang='lat' dir='ltr'><strong>lect.</strong></span> <span class='ocrx_word' id='word_1_499' title='bbox 356 5133 391 5185; x_wconf 90' lang='lat' dir='ltr'><strong>ad</strong></span> <span class='ocrx_word' id='word_1_500' title='bbox 411 5146 439 5200; x_wconf 88' lang='lat' dir='ltr'><strong>p.</strong></span> <span class='ocrx_word' id='word_1_501' title='bbox 459 5133 539 5198; x_wconf 84' lang='grc'><strong>4488,</strong></span> <span class='ocrx_word' id='word_1_502' title='bbox 558 5133 597 5182; x_wconf 84' lang='grc'><strong>49.</strong></span> <span class='ocrx_word' id='word_1_503' title='bbox 617 5159 644 5170; x_wconf 96' lang='grc'>-</span> <span class='ocrx_word' id='word_1_504' title='bbox 670 5133 710 5183; x_wconf 88' lang='grc'><strong>49.</strong></span> <span class='ocrx_word' id='word_1_505' title='bbox 728 5146 778 5196; x_wconf 83' lang='grc'><strong>0440</strong></span> <span class='ocrx_word' id='word_1_506' title='bbox 799 5137 857 5183; x_wconf 78' lang='lat' dir='ltr'><strong>leole</strong></span> <span class='ocrx_word' id='word_1_507' title='bbox 880 5131 972 5185; x_wconf 85' lang='lat' dir='ltr'><strong>SUV:</strong></span> <span class='ocrx_word' id='word_1_508' title='bbox 1001 5132 1067 5194; x_wconf 83' lang='grc'><strong>0008</strong></span> <span class='ocrx_word' id='word_1_509' title='bbox 1084 5131 1130 5181; x_wconf 82' lang='lat' dir='ltr'><strong>ieie</strong></span> <span class='ocrx_word' id='word_1_510' title='bbox 1145 5130 1178 5192; x_wconf 88' lang='lat' dir='ltr'><strong>E,</strong></span> <span class='ocrx_word' id='word_1_511' title='bbox 1196 5132 1212 5181; x_wconf 97' lang='grc'><strong>8</strong></span> <span class='ocrx_word' id='word_1_512' title='bbox 1229 5132 1293 5182; x_wconf 82' lang='lat'><strong>011.</strong></span> <span class='ocrx_word' id='word_1_513' title='bbox 1311 5156 1340 5167; x_wconf 91' lang='lat'>-</span> <span class='ocrx_word' id='word_1_514' title='bbox 1363 5143 1416 5193; x_wconf 80' lang='grc'><strong>0440</strong></span> <span class='ocrx_word' id='word_1_515' title='bbox 1431 5130 1604 5181; x_wconf 79' lang='grc' dir='ltr'><strong>0404440οι4040</strong></span> 
     </span>
     <span class='ocr_line' id='line_1_44' title="bbox 274 5205 1604 5275; baseline -0.002 -15"><span class='ocrx_word' id='word_1_516' title='bbox 274 5209 466 5275; x_wconf 75' lang='lat' dir='ltr'><strong>Pantagathus:</strong></span> <span class='ocrx_word' id='word_1_517' title='bbox 490 5221 544 5271; x_wconf 80' lang='grc'><strong>0440</strong></span> <span class='ocrx_word' id='word_1_518' title='bbox 559 5207 723 5271; x_wconf 82' lang='lat' dir='ltr'><strong>appellatione</strong></span> <span class='ocrx_word' id='word_1_519' title='bbox 748 5207 803 5270; x_wconf 81' lang='lat' dir='ltr'><strong>(GS</strong></span> <span class='ocrx_word' id='word_1_520' title='bbox 819 5209 847 5257; x_wconf 88' lang='lat' dir='ltr'><strong>et</strong></span> <span class='ocrx_word' id='word_1_521' title='bbox 863 5208 885 5257; x_wconf 89' lang='lat' dir='ltr'>V</span> <span class='ocrx_word' id='word_1_522' title='bbox 901 5207 981 5269; x_wconf 83' lang='lat' dir='ltr'><strong>corr.)</strong></span> <span class='ocrx_word' id='word_1_523' title='bbox 1001 5205 1044 5257; x_wconf 85' lang='lat' dir='ltr'><strong>vel</strong></span> <span class='ocrx_word' id='word_1_524' title='bbox 1061 5220 1139 5270; x_wconf 83' lang='grc'><strong>044044</strong></span> <span class='ocrx_word' id='word_1_525' title='bbox 1154 5205 1345 5269; x_wconf 73' lang='grc' dir='ltr'><strong>0044044044ωο44</strong></span> <span class='ocrx_word' id='word_1_526' title='bbox 1360 5205 1454 5266; x_wconf 86' lang='grc'><strong>0088.;</strong></span> <span class='ocrx_word' id='word_1_527' title='bbox 1476 5221 1527 5270; x_wconf 80' lang='lat' dir='ltr'><strong>pua</strong></span> <span class='ocrx_word' id='word_1_528' title='bbox 1543 5207 1604 5258; x_wconf 85' lang='lat' dir='ltr'><strong>illa-</strong></span> 
     </span>
     <span class='ocr_line' id='line_1_45' title="bbox 275 5280 1603 5346; baseline -0.003 -10"><span class='ocrx_word' id='word_1_529' title='bbox 275 5285 342 5336; x_wconf 84' lang='grc'><strong>440444</strong></span> <span class='ocrx_word' id='word_1_530' title='bbox 357 5282 450 5336; x_wconf 81' lang='lat' dir='ltr'><strong>bamb.</strong></span> <span class='ocrx_word' id='word_1_531' title='bbox 476 5282 603 5335; x_wconf 79' lang='lat' dir='ltr'><strong>blondum</strong></span> <span class='ocrx_word' id='word_1_532' title='bbox 620 5296 653 5334; x_wconf 84' lang='lat' dir='ltr'><strong>ex</strong></span> <span class='ocrx_word' id='word_1_533' title='bbox 669 5283 822 5346; x_wconf 80' lang='grc'><strong>0000440444,</strong></span> <span class='ocrx_word' id='word_1_534' title='bbox 842 5282 915 5346; x_wconf 89' lang='lat' dir='ltr'><strong>quod</strong></span> <span class='ocrx_word' id='word_1_535' title='bbox 932 5281 1074 5342; x_wconf 87' lang='lat' dir='ltr'><strong>antecedit,</strong></span> <span class='ocrx_word' id='word_1_536' title='bbox 1093 5284 1181 5333; x_wconf 88' lang='lat' dir='ltr'><strong>ortum</strong></span> <span class='ocrx_word' id='word_1_537' title='bbox 1198 5283 1247 5332; x_wconf 88' lang='lat' dir='ltr'><strong>est.</strong></span> <span class='ocrx_word' id='word_1_538' title='bbox 1258 5307 1293 5318; x_wconf 95' lang='lat'>-</span> <span class='ocrx_word' id='word_1_539' title='bbox 1307 5282 1349 5331; x_wconf 80' lang='lat' dir='ltr'><strong>al.</strong></span> <span class='ocrx_word' id='word_1_540' title='bbox 1360 5282 1436 5332; x_wconf 84' lang='grc'><strong>004444</strong></span> <span class='ocrx_word' id='word_1_541' title='bbox 1450 5283 1570 5344; x_wconf 77' lang='grc'><strong>4004044440</strong></span> <span class='ocrx_word' id='word_1_542' title='bbox 1582 5280 1603 5332; x_wconf 83' lang='lat' dir='ltr'>E</span> 
     </span>
     <span class='ocr_line' id='line_1_46' title="bbox 278 5356 1602 5419; baseline -0.005 -8"><span class='ocrx_word' id='word_1_543' title='bbox 278 5385 305 5396; x_wconf 97' lang='lat'><em>-</em></span> <span class='ocrx_word' id='word_1_544' title='bbox 324 5358 366 5412; x_wconf 75' lang='lat' dir='ltr'><strong>ai.</strong></span> <span class='ocrx_word' id='word_1_545' title='bbox 384 5360 560 5411; x_wconf 73' lang='grc' dir='ltr'><strong>004κί048044</strong></span> <span class='ocrx_word' id='word_1_546' title='bbox 576 5359 636 5410; x_wconf 92' lang='lat' dir='ltr'><strong>cod.</strong></span> <span class='ocrx_word' id='word_1_547' title='bbox 655 5359 831 5408; x_wconf 83' lang='lat' dir='ltr'><strong>Francianus:</strong></span> <span class='ocrx_word' id='word_1_548' title='bbox 853 5358 1004 5408; x_wconf 65' lang='lat' dir='ltr'><strong>accedentia</strong></span> <span class='ocrx_word' id='word_1_549' title='bbox 1021 5358 1086 5418; x_wconf 88' lang='lat' dir='ltr'><strong>CG,</strong></span> <span class='ocrx_word' id='word_1_550' title='bbox 1103 5357 1120 5407; x_wconf 80' lang='grc'><strong>8</strong></span> <span class='ocrx_word' id='word_1_551' title='bbox 1137 5359 1200 5407; x_wconf 82' lang='lat' dir='ltr'><strong>Ora.</strong></span> <span class='ocrx_word' id='word_1_552' title='bbox 1219 5380 1247 5391; x_wconf 94' lang='lat'>-</span> <span class='ocrx_word' id='word_1_553' title='bbox 1265 5357 1307 5408; x_wconf 80' lang='grc'><strong>88.</strong></span> <span class='ocrx_word' id='word_1_554' title='bbox 1324 5357 1460 5419; x_wconf 78' lang='grc'><strong>0440044044</strong></span> <span class='ocrx_word' id='word_1_555' title='bbox 1476 5356 1555 5407; x_wconf 78' lang='lat' dir='ltr'><strong>Euv</strong></span> <span class='ocrx_word' id='word_1_556' title='bbox 1574 5382 1602 5393; x_wconf 92' lang='lat'>-</span> 
     </span>
     <span class='ocr_line' id='line_1_47' title="bbox 275 5430 1604 5496; baseline -0.003 -12"><span class='ocrx_word' id='word_1_557' title='bbox 275 5440 347 5484; x_wconf 82' lang='grc'><strong>40044</strong></span> <span class='ocrx_word' id='word_1_558' title='bbox 364 5436 386 5485; x_wconf 80' lang='lat' dir='ltr'>G</span> <span class='ocrx_word' id='word_1_559' title='bbox 403 5462 431 5473; x_wconf 94' lang='lat'>-</span> <span class='ocrx_word' id='word_1_560' title='bbox 448 5433 491 5486; x_wconf 76' lang='grc'><strong>88.</strong></span> <span class='ocrx_word' id='word_1_561' title='bbox 509 5434 586 5484; x_wconf 80' lang='lat' dir='ltr'><strong>iudici</strong></span> <span class='ocrx_word' id='word_1_562' title='bbox 602 5431 747 5495; x_wconf 77' lang='lat' dir='ltr'><strong>Madvigius</strong></span> <span class='ocrx_word' id='word_1_563' title='bbox 764 5433 792 5483; x_wconf 90' lang='grc'><strong>04</strong></span> <span class='ocrx_word' id='word_1_564' title='bbox 807 5433 1012 5484; x_wconf 80' lang='lat' dir='ltr'><strong>Mommsenios:</strong></span> <span class='ocrx_word' id='word_1_565' title='bbox 1034 5433 1120 5483; x_wconf 81' lang='lat' dir='ltr'><strong>iudicii</strong></span> <span class='ocrx_word' id='word_1_566' title='bbox 1136 5430 1214 5482; x_wconf 89' lang='lat' dir='ltr'><strong>codd.</strong></span> <span class='ocrx_word' id='word_1_567' title='bbox 1232 5434 1261 5482; x_wconf 83' lang='lat' dir='ltr'><strong>cl</strong></span> <span class='ocrx_word' id='word_1_568' title='bbox 1276 5433 1310 5494; x_wconf 85' lang='lat'><strong>0,</strong></span> <span class='ocrx_word' id='word_1_569' title='bbox 1334 5432 1407 5496; x_wconf 89' lang='lat' dir='ltr'><strong>quod</strong></span> <span class='ocrx_word' id='word_1_570' title='bbox 1423 5444 1482 5483; x_wconf 90' lang='lat' dir='ltr'><strong>voc.</strong></span> <span class='ocrx_word' id='word_1_571' title='bbox 1501 5430 1604 5482; x_wconf 88' lang='lat' dir='ltr'><strong>Cobelo</strong></span> 
     </span>
     <span class='ocr_line' id='line_1_48' title="bbox 276 5505 1605 5575; baseline -0.003 -16"><span class='ocrx_word' id='word_1_572' title='bbox 276 5507 409 5573; x_wconf 76' lang='lat' dir='ltr'><strong>glossema</strong></span> <span class='ocrx_word' id='word_1_573' title='bbox 425 5508 539 5560; x_wconf 87' lang='lat' dir='ltr'><strong>videtur.</strong></span> <span class='ocrx_word' id='word_1_574' title='bbox 560 5535 587 5547; x_wconf 93' lang='lat'>-</span> <span class='ocrx_word' id='word_1_575' title='bbox 610 5507 651 5559; x_wconf 81' lang='grc'><strong>84.</strong></span> <span class='ocrx_word' id='word_1_576' title='bbox 669 5507 752 5570; x_wconf 78' lang='lat' dir='ltr'><strong>capilo</strong></span> <span class='ocrx_word' id='word_1_577' title='bbox 771 5520 825 5559; x_wconf 89' lang='lat' dir='ltr'><strong>om.</strong></span> <span class='ocrx_word' id='word_1_578' title='bbox 843 5509 861 5559; x_wconf 88' lang='grc'><strong>8</strong></span> <span class='ocrx_word' id='word_1_579' title='bbox 877 5522 918 5575; x_wconf 92' lang='lat' dir='ltr'><strong>pr.</strong></span> <span class='ocrx_word' id='word_1_580' title='bbox 937 5522 990 5564; x_wconf 81' lang='lat' dir='ltr'><strong>m:</strong></span> <span class='ocrx_word' id='word_1_581' title='bbox 1016 5509 1093 5571; x_wconf 86' lang='lat' dir='ltr'><strong>capiti</strong></span> <span class='ocrx_word' id='word_1_582' title='bbox 1110 5508 1130 5558; x_wconf 86' lang='lat' dir='ltr'><strong>E</strong></span> <span class='ocrx_word' id='word_1_583' title='bbox 1148 5532 1175 5543; x_wconf 91' lang='lat'>-</span> <span class='ocrx_word' id='word_1_584' title='bbox 1198 5507 1265 5569; x_wconf 81' lang='grc'><strong>04408</strong></span> <span class='ocrx_word' id='word_1_585' title='bbox 1280 5511 1336 5557; x_wconf 84' lang='grc'><strong>0404</strong></span> <span class='ocrx_word' id='word_1_586' title='bbox 1351 5507 1379 5556; x_wconf 84' lang='lat' dir='ltr'><strong>ie</strong></span> <span class='ocrx_word' id='word_1_587' title='bbox 1397 5511 1538 5569; x_wconf 77' lang='grc'><strong>0044444404</strong></span> <span class='ocrx_word' id='word_1_588' title='bbox 1554 5505 1605 5556; x_wconf 79' lang='lat' dir='ltr'><strong>Et}</strong></span> 
     </span>
     <span class='ocr_line' id='line_1_49' title="bbox 276 5579 1603 5648; baseline -0.002 -15"><span class='ocrx_word' id='word_1_589' title='bbox 276 5584 337 5636; x_wconf 86' lang='lat' dir='ltr'><strong>sil:</strong></span> <span class='ocrx_word' id='word_1_590' title='bbox 355 5585 421 5646; x_wconf 87' lang='grc'><strong>04408</strong></span> <span class='ocrx_word' id='word_1_591' title='bbox 437 5589 493 5636; x_wconf 86' lang='grc'><strong>0404</strong></span> <span class='ocrx_word' id='word_1_592' title='bbox 507 5583 651 5648; x_wconf 74' lang='grc'><strong>4440044400</strong></span> <span class='ocrx_word' id='word_1_593' title='bbox 660 5583 695 5644; x_wconf 83' lang='grc'><strong>44;</strong></span> <span class='ocrx_word' id='word_1_594' title='bbox 714 5595 779 5643; x_wconf 92' lang='grc'><strong>0400</strong></span> <span class='ocrx_word' id='word_1_595' title='bbox 794 5595 824 5634; x_wconf 81' lang='lat' dir='ltr'><strong>rr</strong></span> <span class='ocrx_word' id='word_1_596' title='bbox 838 5594 969 5635; x_wconf 79' lang='lat' dir='ltr'><strong>soarnnrr</strong></span> <span class='ocrx_word' id='word_1_597' title='bbox 985 5584 1103 5634; x_wconf 81' lang='lat' dir='ltr'><strong>blnretus</strong></span> <span class='ocrx_word' id='word_1_598' title='bbox 1120 5581 1178 5631; x_wconf 85' lang='lat' dir='ltr'><strong>Var.</strong></span> <span class='ocrx_word' id='word_1_599' title='bbox 1197 5581 1262 5631; x_wconf 88' lang='grc'><strong>40044.</strong></span> <span class='ocrx_word' id='word_1_600' title='bbox 1279 5580 1360 5642; x_wconf 76' lang='lat' dir='ltr'><strong>xvll,</strong></span> <span class='ocrx_word' id='word_1_601' title='bbox 1378 5582 1439 5631; x_wconf 79' lang='lat' dir='ltr'><strong>der</strong></span> <span class='ocrx_word' id='word_1_602' title='bbox 1453 5579 1512 5632; x_wconf 90' lang='grc'><strong>008.</strong></span> <span class='ocrx_word' id='word_1_603' title='bbox 1526 5579 1603 5638; x_wconf 74' lang='lat' dir='ltr'><strong>cici:</strong></span> 
     </span>
     <span class='ocr_line' id='line_1_50' title="bbox 276 5653 1606 5722; baseline -0.003 -14"><span class='ocrx_word' id='word_1_604' title='bbox 276 5672 323 5719; x_wconf 90' lang='grc'><strong>040</strong></span> <span class='ocrx_word' id='word_1_605' title='bbox 339 5671 371 5711; x_wconf 76' lang='lat' dir='ltr'><strong>aa</strong></span> <span class='ocrx_word' id='word_1_606' title='bbox 387 5672 494 5713; x_wconf 74' lang='grc'><strong>40044444</strong></span> <span class='ocrx_word' id='word_1_607' title='bbox 509 5671 678 5722; x_wconf 80' lang='lat' dir='ltr'><strong>asarsusarr,</strong></span> <span class='ocrx_word' id='word_1_608' title='bbox 696 5659 764 5722; x_wconf 83' lang='grc'><strong>04408</strong></span> <span class='ocrx_word' id='word_1_609' title='bbox 777 5663 834 5709; x_wconf 83' lang='lat' dir='ltr'><strong>erat</strong></span> <span class='ocrx_word' id='word_1_610' title='bbox 848 5660 875 5708; x_wconf 87' lang='lat' dir='ltr'><strong>ia</strong></span> <span class='ocrx_word' id='word_1_611' title='bbox 893 5659 1034 5708; x_wconf 78' lang='grc'><strong>4404404440</strong></span> <span class='ocrx_word' id='word_1_612' title='bbox 1046 5656 1180 5707; x_wconf 79' lang='lat' dir='ltr'><strong>Graevius.</strong></span> <span class='ocrx_word' id='word_1_613' title='bbox 1198 5653 1372 5707; x_wconf 85' lang='lat' dir='ltr'><strong>Verialmiliue</strong></span> <span class='ocrx_word' id='word_1_614' title='bbox 1382 5653 1541 5718; x_wconf 70' lang='lat' dir='ltr'><strong>Madvigius,</strong></span> <span class='ocrx_word' id='word_1_615' title='bbox 1560 5654 1606 5717; x_wconf 87' lang='lat' dir='ltr'><strong>qni</strong></span> 
     </span>
     <span class='ocr_line' id='line_1_51' title="bbox 278 5724 1605 5800; baseline -0.005 -16"><span class='ocrx_word' id='word_1_616' title='bbox 278 5736 417 5799; x_wconf 87' lang='lat' dir='ltr'><strong>sequentia</strong></span> <span class='ocrx_word' id='word_1_617' title='bbox 434 5724 541 5800; x_wconf 69' lang='lat' dir='ltr'><strong>egregie</strong></span> <span class='ocrx_word' id='word_1_618' title='bbox 558 5733 722 5797; x_wconf 88' lang='lat' dir='ltr'><strong>emendavit,</strong></span> <span class='ocrx_word' id='word_1_619' title='bbox 745 5732 868 5785; x_wconf 89' lang='lat' dir='ltr'><strong>lacunam</strong></span> <span class='ocrx_word' id='word_1_620' title='bbox 890 5732 1061 5783; x_wconf 76' lang='lat' dir='ltr'><strong>manifestam</strong></span> <span class='ocrx_word' id='word_1_621' title='bbox 1080 5731 1119 5781; x_wconf 90' lang='lat' dir='ltr'><strong>sic</strong></span> <span class='ocrx_word' id='word_1_622' title='bbox 1136 5727 1265 5794; x_wconf 84' lang='lat' dir='ltr'><strong>explevit:</strong></span> <span class='ocrx_word' id='word_1_623' title='bbox 1289 5731 1349 5780; x_wconf 76' lang='lat' dir='ltr'><strong>illio</strong></span> <span class='ocrx_word' id='word_1_624' title='bbox 1365 5729 1494 5794; x_wconf 78' lang='grc'><strong>(44440404),</strong></span> <span class='ocrx_word' id='word_1_625' title='bbox 1510 5729 1605 5791; x_wconf 74' lang='lat' dir='ltr'><strong>lupuit,</strong></span> 
     </span>
     <span class='ocr_line' id='line_1_52' title="bbox 276 5803 1607 5873; baseline -0.003 -15"><span class='ocrx_word' id='word_1_626' title='bbox 276 5810 366 5873; x_wconf 76' lang='grc'><strong>000440,</strong></span> <span class='ocrx_word' id='word_1_627' title='bbox 384 5822 432 5870; x_wconf 89' lang='grc'><strong>040</strong></span> <span class='ocrx_word' id='word_1_628' title='bbox 447 5821 480 5861; x_wconf 76' lang='lat' dir='ltr'><strong>ns</strong></span> <span class='ocrx_word' id='word_1_629' title='bbox 495 5821 603 5862; x_wconf 77' lang='grc'><strong>44404444</strong></span> <span class='ocrx_word' id='word_1_630' title='bbox 619 5820 784 5860; x_wconf 82' lang='lat' dir='ltr'><strong>nanvrurmr.</strong></span> <span class='ocrx_word' id='word_1_631' title='bbox 796 5835 825 5847; x_wconf 94' lang='lat'><em>-</em></span> <span class='ocrx_word' id='word_1_632' title='bbox 846 5807 915 5858; x_wconf 83' lang='lat' dir='ltr'><strong>Nilil</strong></span> <span class='ocrx_word' id='word_1_633' title='bbox 931 5806 1024 5857; x_wconf 80' lang='grc'><strong>0084044·</strong></span> <span class='ocrx_word' id='word_1_634' title='bbox 1040 5806 1068 5855; x_wconf 75' lang='lat' dir='ltr'><strong>la</strong></span> <span class='ocrx_word' id='word_1_635' title='bbox 1083 5806 1234 5868; x_wconf 77' lang='grc'><strong>4444440404,</strong></span> <span class='ocrx_word' id='word_1_636' title='bbox 1251 5817 1327 5868; x_wconf 81' lang='grc'><strong>044004</strong></span> <span class='ocrx_word' id='word_1_637' title='bbox 1342 5804 1371 5854; x_wconf 80' lang='lat' dir='ltr'><strong>is</strong></span> <span class='ocrx_word' id='word_1_638' title='bbox 1381 5803 1514 5854; x_wconf 77' lang='grc'><strong>6004444444</strong></span> <span class='ocrx_word' id='word_1_639' title='bbox 1529 5803 1607 5854; x_wconf 79' lang='lat' dir='ltr'><strong>iudea</strong></span> 
     </span>
     <span class='ocr_line' id='line_1_53' title="bbox 276 5879 1607 5960; baseline -0.004 -24"><span class='ocrx_word' id='word_1_640' title='bbox 276 5883 526 5939; x_wconf 69' lang='lat' dir='ltr'><strong>ammai-ai.</strong></span> <span class='ocrx_word' id='word_1_641' title='bbox 545 5879 1607 5960; x_wconf 74' lang='grc'><strong>0404448.4484040404,044446.80440040,040444004404444404444440400</strong></span> 
     </span>
    </p>
   </div>
   <div class='ocr_carea' id='block_1_4' title="bbox 0 0 1904 7350">
    <p class='ocr_par' dir='ltr' id='par_1_4' title="bbox 0 0 1904 7350">
     <span class='ocr_line' id='line_1_54' title="bbox 0 0 1904 7350; baseline 0 0"><span class='ocrx_word' id='word_1_642' title='bbox 0 0 1904 7350; x_wconf 95' lang='lat' dir='ltr'><strong> </strong></span> 
     </span>
    </p>
   </div>
  </div>
 </body>
</html>
