3800 7350
306 1162 388 1230 4384
713 1160 864 1226 ORATIO
886 1158 1109 1225 PHILIPPICA
1129 1160 1215 1223 XIII.

307 1337 453 1401 inimicus
475 1334 574 1398 victor
593 1331 778 1414 redegisset.
821 1325 871 1393 44.
894 1329 956 1393 Sed
984 1330 1066 1394 banc
1093 1328 1170 1393 mibi
1199 1328 1466 1412 dIspensationem
1491 1346 1554 1411 pro
1577 1344 1637 1409 pa·

306 1438 396 1495 terna
423 1424 656 1491 necessitudine
682 1432 714 1487 et
743 1423 963 1487 coniunctione
992 1421 1139 1506 deposco.
1180 1422 1324 1487 Redimet
1349 1422 1484 1498 bortos,
1515 1420 1634 1493 aedes,

306 1523 427 1587 urbana
448 1518 622 1604 quaedam,
644 1537 726 1602 quae
747 1515 889 1602 possidet
908 1517 1073 1581 Antonius.
1108 1518 1187 1579 Nam
1208 1523 1387 1599 argentum,
1408 1523 1550 1590 vestem,
1578 1532 1635 1576 su·

308 1613 513 1700 pellectilem,
544 1611 653 1675 vinum
681 1610 803 1675 amittet
829 1629 934 1694 aequo
963 1610 1084 1685 animo,
1116 1630 1198 1693 qnae
1227 1608 1282 1671 ille
1312 1608 1419 1672 belino
1450 1607 1631 1692 dissiparit.

284 1707 480 1779 silbanum,
502 1704 702 1768 Formianum
724 1723 744 1767 a
763 1701 926 1766 Dolabella
947 1699 1151 1785 reciperabit,
1174 1703 1269 1767 etiam
1290 1702 1329 1766 ab
1344 1702 1483 1765 Antonin
1506 1703 1633 1765 Tuscu·

308 1800 431 1863 Ianum:
460 1798 565 1881 iique,
595 1796 650 1880 qui
680 1816 764 1860 nnnc
785 1798 935 1860 Mutioam
959 1802 1157 1880 oppugnant,
1183 1797 1220 1858 ll.
1242 1797 1373 1860 Brutum
1394 1795 1559 1870 obsident,
1589 1794 1632 1856 de

308 1893 440 1957 Falerno
461 1894 598 1954 Anseres
619 1889 827 1971 depellantur.
864 1890 945 1953 Sunt
965 1891 1019 1953 alii
1040 1889 1146 1974 plures
1168 1889 1315 1965 fortasse,
1337 1890 1393 1954 sod
1416 1888 1456 1953 de
1476 1909 1550 1953 mea
1564 1907 1633 1951 me·

309 1986 411 2051 morie
437 1983 625 2047 dilabuntur.
666 1984 736 2066 Ego
756 1983 850 2047 etiam
872 2002 928 2045 eos
949 1982 1040 2058 dico,
1067 1983 1122 2067 qui
1142 1983 1280 2046 bostium
1302 2001 1434 2047 numero
1455 2002 1521 2046 non
1543 1987 1631 2055 sunt,

309 2078 516 2163 Pompeianas
542 2076 763 2162 possessiones
791 2077 902 2160 quanti
927 2078 1059 2139 emerint
1080 2073 1144 2139 filio
1166 2075 1356 2140 reddituros.
1399 2071 1450 2139 li.
1472 2075 1559 2139 Satis
1581 2077 1632 2138 in·

273 2171 500 2237 inconsiderati
519 2168 594 2243 4644,
615 2189 656 2232 66
678 2167 781 2231 dicam
802 2168 943 2243 audacis,
966 2190 1032 2232 rem
1054 2169 1150 2232 ullam
1164 2190 1205 2233 ex
1219 2168 1281 2233 illis
1295 2171 1462 2252 attingere:
1489 2168 1631 2231 retinere

309 2284 385 2329 vero
408 2263 479 2346 quis
500 2262 631 2346 poterit,
661 2261 836 2325 clarissimo
858 2260 988 2325 domino
1009 2262 1176 2325 restituto?
1207 2264 1257 2326 46
1279 2262 1311 2325 46
1328 2283 1393 2326 666
1413 2261 1543 2335 reddet,
1571 2259 1631 2342 qui

310 2356 430 2422 domiui
450 2355 673 2439 patrimonium
694 2353 926 2436 circumplexus
949 2356 1040 2439 quasi
1056 2350 1260 2440 [thesaurum]
1280 2355 1388 2430 draco,
1409 2356 1541 2439 Pompei
1563 2373 1632 2417 ser·

308 2472 382 2525 vus,
403 2449 533 2513 libertus
556 2446 715 2521 Caesaris,
737 2448 803 2530 6664
825 2448 942 2511 Lucani
964 2449 1180 2532 possessiones
1202 2450 1390 2531 occuparit?
1419 2451 1523 2532 44666
1546 2446 1632 2511 illud

309 2547 447 2631 septiens
469 2540 607 2616 miliens,
636 2541 720 2625 quod
743 2540 954 2616 adolescenti,
983 2549 1086 2625 patres
1107 2541 1293 2624 conscripti,
1323 2543 1551 2625 spopondistis,
1581 2534 1631 2607 ita

272 2656 300 2703 44
309 2637 519 2709 describetur,
549 2641 585 2698 ut
613 2633 757 2698 rideatur
785 2654 805 2698 a
834 2634 924 2697 vobis
956 2633 1011 2697 Cu.
1033 2636 1162 2717 Pompei
1187 2634 1272 2698 filius
1300 2636 1331 2697 in
1358 2636 1546 2718 patrimonio
1568 2655 1629 2700 suo

308 2733 490 2799 collocatus.
524 2727 610 2791 Haeo
632 2734 776 2791 senatus:
798 2727 921 2812 reliqua
943 2728 1080 2812 populus
1094 2728 1253 2791 Romanus
1274 2726 1308 2790 in
1323 2747 1361 2792 ea
1373 2727 1507 2805 familia,
1530 2750 1629 2813 quam

307 2825 386 2891 vidit
413 2821 655 2906 amplissimam,
682 2827 910 2905 persequetur,
940 2821 974 2884 in
1002 2821 1111 2905 primis
1132 2828 1300 2904 paternum
1318 2829 1488 2904 auguratus
1509 2823 1629 2898 locum,
1698 2857 1706 2872 ·

306 2919 339 2983 in
363 2936 458 3002 quem
479 2934 537 2998 666
559 2933 645 2989 eum,
667 2922 720 2989 ut,
741 2914 827 2998 quod
849 2934 869 2978 a
889 2922 979 2998 patre
1001 2915 1123 2999 accepi,
1146 2911 1210 2979 tilio
1231 2912 1375 2989 reddam,
1396 2936 1467 2979 mea
1481 2920 1630 2983 nomina·

307 3013 392 3076 tione
419 3008 585 3093 cooptabo.
620 3009 729 3072 Utrum
758 3008 854 3092 464466
874 3027 1025 3091 augurem
1048 3009 1132 3071 loris
1154 3008 1265 3090 optimi
1288 3008 1434 3083 maximi,
1462 3010 1555 3074 cuius
1576 3014 1629 3075 in-

269 3111 459 3188 interpretes
479 3102 727 3186 internuntiique
749 3097 909 3166 constituti
931 3124 1057 3176 snmus,
1078 3109 1183 3165 utrum
1199 3102 1337 3185 populns
1352 3102 1508 3167 Romanus
1523 3104 1628 3169 liben-

305 3200 368 3263 tius
389 3198 523 3271 sanciat,
551 3197 777 3281 Pompeiumne
806 3216 848 3259 an
869 3196 1061 3261 Antonium?
1089 3195 1167 3259 inbi
1189 3194 1317 3278 quidem
1343 3197 1471 3259 numine
1493 3198 1625 3262 deorsam

305 3288 528 3355 immortalium
555 3288 678 3354 ridetur
702 3289 763 3353 boc
790 3292 929 3353 Fortuna
960 3290 1114 3365 voluisse,
1143 3298 1177 3353 ut
1206 3292 1283 3353 actis
1306 3290 1448 3353 Caesaris
1468 3287 1566 3355 firmis
1587 3312 1626 3355 ac

304 3384 380 3449 ratis
403 3383 458 3447 Cn.
472 3383 602 3467 Pompei
622 3381 707 3447 iilius
721 3392 831 3468 posset
845 3389 876 3447 et
890 3383 1074 3466 dignitatem
1090 3393 1121 3447 et
1134 3385 1277 3449 fortunas
1291 3385 1409 3471 patrias
1425 3406 1623 3469 recuperare.

367 3477 420 3541 vt.
433 3472 483 3540 43.
497 3476 542 3540 Ac
563 3496 603 3539 ne
625 3474 705 3539 illud
727 3476 856 3562 quidem
874 3478 1011 3552 silentio,
1034 3486 1139 3562 patres
1154 3480 1334 3563 conscripti,
1355 3480 1623 3563 praetereundum

266 3578 397 3658 esputo,
427 3570 513 3655 quod
534 3569 697 3634 clarissimi
719 3572 778 3635 viri
800 3572 909 3655 466644,
939 3574 974 3635 L.
992 3573 1128 3648 Paulus,
1157 3572 1195 3649 Q.
1218 3574 1386 3647 Thermus,
1414 3571 1448 3635 C.
1470 3574 1621 3647 Fannius,

304 3687 437 3752 quorum
458 3664 579 3728 bebetis
601 3666 757 3749 cognitam
772 3665 965 3732 voluntatem
987 3668 1020 3731 in
1040 3687 1105 3732 rem
1120 3665 1275 3752 publicam
1290 3688 1422 3752 eamque
1437 3677 1621 3751 perpetuam

303 3767 400 3844 atque
432 3765 642 3834 constantem,
675 3761 834 3836 nuntiant,
867 3781 900 3824 se
932 3762 1062 3845 Pompei
1092 3762 1303 3827 conveniundi
1334 3781 1428 3826 causa
1448 3761 1622 3826 devertisse

367 4052 390 4101 4.
407 4051 468 4101 mibi
488 4050 672 4114 dissipationem
689 4052 716 4101 ti
735 4079 761 4088 -
784 4052 809 4103 4.
827 4053 1027 4116 6664666446664
1051 4078 1075 4090 ·-
1100 4053 1229 4102 redimesi
1249 4079 1272 4089 -
1300 4058 1367 4103 ortos
1382 4055 1415 4117 64
1433 4055 1503 4117 (ordo
1519 4056 1584 4106 redis
1600 4059 1622 4119 t)

302 4154 329 4163 -
351 4126 375 4176 6.
393 4126 507 4177 urbanae
522 4129 533 4176 t
550 4152 577 4163 -
596 4126 782 4189 suppellectilem
798 4126 890 4190 (subp.)
907 4139 963 4189 66;
985 4126 1148 4189 suppellectile
1164 4127 1182 4175 b
1200 4153 1227 4162 -
1252 4126 1276 4176 4.
1294 4129 1381 4177 uinum
1397 4129 1432 4179 D:
1451 4130 1622 4182 calamensi

301 4226 329 4239 -
346 4201 425 4251 464466
442 4200 518 4264 bgi:
536 4201 615 4251 bellue
631 4215 660 4255 a:
679 4202 749 4252 44466
767 4202 804 4252 40
822 4203 870 4263 title
886 4203 980 4261 nedae,
998 4202 1044 4250 illo
1060 4201 1226 4258 belnoi50l.
1245 4200 1321 4265 adp.
1340 4201 1402 4263 836,
1422 4203 1465 4263 46,
1486 4203 1531 4254 ubi
1550 4219 1623 4257 nunc

297 4275 377 4325 464466
393 4275 510 4325 46666644
524 4275 705 4340 praeterimus)
726 4304 753 4313 -
777 4278 801 4326 6.
820 4277 936 4326 nomen
954 4279 964 4325 t
980 4302 1013 4313 -
1034 4277 1198 4326 Fonnicnum
1215 4278 1242 4324 t:
1263 4277 1408 4338 4446466664
1425 4278 1506 4342 666ς
1529 4282 1623 4344 444646-

297 4363 358 4400 num
374 4351 399 4404 l:
418 4350 452 4401 64.
471 4349 505 4401 ad
520 4353 571 4401 titt.
590 4351 644 4413 XV,
663 4351 704 4412 43,
722 4353 746 4402 6.
766 4377 794 4387 -
814 4350 962 4415 reciperabit
979 4364 1010 4400 a:
1030 4350 1186 4413 recuperabit
1202 4349 1220 4400 b
1230 4353 1311 4414 6440
1329 4351 1385 4411 (6644
1402 4354 1438 4415 64
1452 4356 1622 4418 4666666644)

300 4423 373 4473 -64
389 4426 507 4474 6464-
525 4426 548 4475 6.
566 4426 633 4487 iique
649 4427 717 4476 ati:
734 4426 818 4488 444666
833 4426 866 4485 b;
884 4426 1053 4490 4466660-
1073 4427 1097 4476 l.
1117 4425 1271 4487 depellentur
1287 4428 1378 4489 egli:
1397 4427 1546 4489 depellentur
1562 4429 1620 4481 hb.

297 4497 364 4549 Illud
379 4498 468 4549 firmat
483 4500 601 4560 Servius,
624 4501 669 4564 qni
685 4499 719 4549 ad
735 4501 813 4564 44666.
832 4499 887 4551 Ecl.
906 4502 952 4561 tx,
971 4502 1003 4552 36
1020 4500 1113 4551 alieri:
1137 4513 1171 4549 ea:
1187 4512 1252 4563 apro
1266 4500 1363 4563 salerno
1380 4515 1479 4553 6646464
1494 4504 1622 4566 446664466-

297 4578 348 4624 tur.
364 4599 389 4612 -
408 4574 524 4637 46646446,
541 4574 583 4624 sed
599 4575 628 4624 de
644 4589 702 4623 men
713 4574 756 4626 ed.
769 4579 879 4626 Ascens.
893 4577 974 4626 ibib:
991 4576 1098 4638 46446446
1113 4575 1143 4623 de
1158 4587 1216 4624 men
1232 4573 1265 4630 b;
1281 4575 1387 4637 sortasse
1401 4589 1458 4628 meo
1473 4580 1498 4634 t;
1515 4580 1623 4643 sortosm

297 4649 340 4698 sed
353 4661 411 4697 meo
425 4660 465 4697 me
481 4661 509 4706 e;
531 4649 635 4710 tortasse
655 4651 696 4697 sed
718 4662 775 4699 men
796 4651 871 4713 640.
896 4653 973 4700 44664
989 4651 1030 4700 sed
1047 4649 1144 4700 excidii
1160 4651 1216 4700 sive
1232 4651 1274 4709 de,
1298 4651 1369 4714 quod
1385 4652 1502 4703 Muretus
1519 4656 1547 4703 el
1563 4667 1620 4706 var.

298 4724 411 4785 4466666.
429 4721 530 4773 addunt
546 4723 588 4783 464.
606 4722 720 4774 mouere
736 4722 766 4771 de
780 4725 901 4774 66646446
918 4725 972 4774 Liv.
990 4725 1031 4785 49,
1053 4725 1091 4787 49)
1109 4725 1165 4775 sive
1183 4739 1230 4783 66;
1249 4724 1283 4775 64.
1296 4726 1349 4775 Lir.
1363 4725 1403 4784 64,
1416 4727 1448 4778 ³7
1464 4729 1622 4780 6664466646

298 4797 407 4845 66464664
417 4796 521 4855 enimin
541 4797 595 4846 Cic.
608 4795 642 4846 de
653 4797 717 4860 liep.
729 4794 772 4855 vt,
785 4796 816 4846 9:
834 4811 867 4848 en
883 4800 967 4849 enimn
983 4814 1037 4850 meo
1052 4800 1153 4851 discedit
1170 4801 1295 4851 itlimoiri
1304 4803 1450 4852 menonis.-
1462 4804 1623 4856 Wsssssssc

298 4870 324 4920 in
341 4871 472 4921 66664644.
491 4871 585 4921 446664.
604 4872 652 4931 111,
671 4883 697 4934 p.
715 4871 757 4921 st.
777 4896 805 4906 -
824 4872 848 4921 9.
867 4874 1046 4924 inconsiderate
1062 4890 1078 4925 a
1097 4903 1124 4912 -
1144 4876 1184 4926 40.
1197 4877 1305 4926 audaces
1321 4875 1381 4926 b-
1397 4891 1452 4928 rem
1467 4879 1508 4928 664
1522 4880 1622 4931 6446644

300 4971 327 4983 -
345 4945 447 4994 retineri
462 4943 480 4994 b
499 4970 527 4980 -
546 4946 587 4997 46.
602 4946 743 5008 patrocinio
760 4948 771 4995 t
789 4972 816 4981 -·
834 4947 978 4998 4464664466
994 4963 1048 5001 orn.
1067 4951 1092 5008 t;
1112 4952 1208 5002 4466466
1225 4954 1251 5001 46
1267 4953 1399 5002 coniecit.
1413 4954 1447 5012 ll,
1464 4964 1491 5016 p.
1504 4953 1551 5003 466
1568 4954 1623 5006 4466

297 5022 383 5071 totum
403 5021 477 5080 66644
497 5020 639 5070 4464666664
660 5022 737 5071 druco
758 5035 806 5085 pro
831 5021 990 5086 glossemate
1012 5024 1109 5084 habet;
1137 5026 1213 5078 nobis
1234 5028 1298 5078 66446
1320 5027 1368 5078 4644
1382 5029 1526 5078 4464646466
1542 5027 1622 5079 64646

298 5097 413 5146 6646666.
434 5120 461 5131 -
485 5095 525 5146 ts.
543 5097 681 5160 6664664664
697 5099 858 5160 possessiones
880 5098 914 5157 b;
941 5098 1000 5161 apri
1017 5099 1110 5149 466664
1130 5103 1305 5162 possessionem
1323 5101 1377 5163 (sic)
1399 5104 1529 5166 occupauit
1544 5104 1624 5154 atiert

298 5170 397 5221 Nonius
414 5181 441 5232 p.
453 5168 501 5218 366
519 5171 553 5220 ii.
574 5197 600 5207 -
620 5170 659 5222 44.
676 5173 781 5234 septiens
796 5173 892 5223 miliens
909 5175 932 5223 t:
956 5175 1042 5235 septies
1058 5175 1137 5224 milies
1153 5175 1266 5239 66640
1285 5177 1380 5238 (millies
1395 5179 1423 5241 0)
1441 5205 1474 5215 -
1488 5178 1622 5242 spopondi·

297 5247 366 5296 dlstis
382 5259 397 5294 6
412 5271 438 5282 -
458 5246 498 5295 46.
511 5245 655 5295 discribetur
671 5259 699 5305 6,
718 5259 786 5309 6666
804 5260 866 5298 vera
884 5248 969 5298 torma
981 5247 1100 5307 videtum
1119 5250 1247 5301 describite
1263 5251 1271 5299 4
1287 5279 1320 5289 -
1336 5253 1376 5302 ti.
1392 5259 1555 5315 prosequetur
1571 5254 1620 5302 4-

297 5323 325 5372 ls
339 5322 449 5384 primurn
465 5333 494 5379 e;
511 5320 621 5382 pnnmn
636 5322 663 5370 tn
679 5320 696 5371 b
713 5349 747 5359 -
764 5322 804 5373 48.
822 5323 849 5372 46
864 5336 937 5385 quem
954 5323 1032 5374 codd.
1052 5325 1178 5373 Ferrarii:
1198 5338 1251 5375 om.
1268 5325 1300 5384 b;
1318 5327 1392 5388 inque
1409 5329 1484 5389 664;
1503 5327 1529 5376 46
1546 5340 1594 5388 quo
1613 5329 1622 5377 i

298 5422 331 5434 -
347 5397 441 5458 accepit
457 5397 517 5458 664
534 5420 561 5432 -
581 5393 621 5446 49.
639 5395 696 5445 lori.
715 5410 835 5460 6666466,
854 5400 903 5450 6464
921 5402 981 5463 post
996 5400 1120 5449 constituti
1133 5413 1218 5449 464664
1235 5399 1332 5464 aliquid
1345 5402 1484 5452 intercidit.
1503 5403 1534 5453 Ut
1547 5403 1622 5453 enim
1680 5416 1683 5420 ·

298 5483 368 5522 nunc
386 5468 459 5521 46666
476 5468 577 5532 legitur,
595 5483 627 5519 ex
644 5471 699 5534 ipsa
717 5470 800 5520 torma
817 5473 948 5524 rhetorica
961 5473 1101 5525 lectionem
1114 5475 1233 5525 vitiosam
1247 5488 1305 5525 esse
1318 5479 1436 5539 apparet.
1449 5503 1476 5512 -
1494 5476 1558 5525 lovis
1567 5482 1620 5538 opt.

297 5559 369 5595 men.
387 5546 410 5594 i:
429 5546 551 5597 .i.o.m.
570 5559 599 5604 a;
621 5546 718 5596 ‚io.m.
743 5545 797 5605 bt;
815 5550 901 5610 optimi
917 5563 970 5600 onn.
989 5563 1006 5613 6
1025 5576 1051 5588 —-
1069 5551 1191 5612 interpres
1205 5553 1385 5600 internunciis
1404 5575 1432 5587 ·-
1450 5551 1490 5599 20.
1508 5550 1623 5602 libentius

297 5620 350 5671 bl:
368 5621 470 5671 libenter
484 5621 523 5670 ius
539 5624 599 5684 664
615 5616 701 5683 (libem
718 5622 785 5670 iusso
801 5624 859 5672 sciet
875 5626 902 5682 t;
920 5636 936 5673 6
953 5638 1060 5688 quoqne
1078 5625 1160 5676 habet
1175 5627 1249 5675 libent
1265 5639 1327 5676 cum
1344 5623 1400 5687 lin.)
1413 5651 1440 5661 —
1458 5625 1499 5674 44.
1517 5628 1623 5676 sonctiet

298 5695 363 5746 b-
381 5696 552 5758 Pompeiumne
571 5696 606 5746 n:
631 5697 772 5757 Pompeium
793 5699 830 5748 40
850 5723 877 5732 -
904 5713 938 5748 66
960 5712 1012 5750 om.
1030 5698 1083 5765 446Ι
1107 5726 1134 5737 -
1161 5701 1203 5751 44.
1222 5702 1322 5751 inmort.
1341 5713 1356 5749 6
1375 5722 1403 5736 -
1431 5699 1472 5750 it.
1489 5700 1521 5749 At
1537 5714 1569 5750 ne
1583 5699 1618 5758 b:

297 5770 352 5820 Nde
373 5772 385 5819 t
406 5796 433 5806 -
456 5771 726 5833 proetennlttendmni
750 5797 783 5808 -
803 5774 991 5838 antiquiss
1014 5773 1619 5839 -penttqmmnmebt-tcmtmb-

298 5845 340 5895 46.
357 5858 460 5909 sanique
476 5858 529 5897 om.
547 5859 564 5910 6
581 5871 609 5883 -
627 5847 668 5898 it.
686 5849 849 5899 conueniundi
866 5851 892 5899 t:
910 5850 1070 5901 conuenienti
1086 5850 1202 5918 644640
1221 5879 1249 5889 -
1270 5849 1507 5915 6664666464.
