3800 7350
277 1159 359 1227 itte
654 1158 844 1222 subnuba
866 1158 918 1222 ET
941 1155 1210 1221 CORRIGENDA.

342 1332 415 1395 573.
434 1344 460 1394 p.
478 1330 524 1391 22,
543 1327 583 1378 43.
602 1329 640 1377 00
658 1325 746 1377 verbis
764 1340 814 1390 apo
831 1329 858 1376 et
876 1326 918 1375 aio
935 1327 1004 1377 inter
1020 1339 1050 1377 se
1068 1324 1225 1389 permutatis
1240 1323 1302 1374 vide
1319 1323 1402 1374 etiam
1422 1332 1453 1385 p.
1474 1315 1544 1377 486,
1564 1313 1593 1363 ²·

342 1416 357 1478 5
375 1415 415 1464 56.
434 1427 459 1479 p.
479 1414 519 1472 45,
539 1413 579 1461 44.
598 1412 699 1460 latitare
716 1412 784 1461 coni.
803 1412 946 1473 Kayserus.

342 1499 357 1563 5
374 1498 414 1548 83.
432 1511 459 1562 p.
478 1497 519 1557 46,
538 1496 577 1545 44.
603 1497 641 1545 00
664 1493 753 1544 verbis
775 1495 861 1544 omnia
879 1497 906 1544 et
929 1494 1030 1544 omnino
1049 1494 1118 1544 inter
1141 1506 1171 1543 se
1190 1494 1348 1558 permutatis
1368 1488 1446 1542 coni.
1468 1500 1535 1538 var.
1559 1481 1627 1534 lect.

296 1622 301 1634 .
319 1584 364 1643 58,
383 1584 424 1632 45.

275 1598 293 1648 p
341 1666 355 1729 5
374 1665 413 1716 et.
433 1678 460 1729 p.
478 1665 520 1726 47,
540 1664 579 1714 48.
598 1664 632 1723 si,
651 1675 716 1726 quae
728 1663 825 1725 pudore
841 1666 992 1712 onramenta
1007 1660 1052 1709 sibi
1065 1662 1175 1724 peperit,
1193 1674 1224 1711 ea
1236 1665 1316 1723 potest
1331 1666 1424 1711 000400
1438 1653 1628 1721 petulantiam

275 1756 297 1801 te
314 1751 454 1813 defendente
470 1749 586 1799 obtinere.
605 1748 668 1799 biire
688 1747 727 1797 bis
745 1750 799 1802 tem
814 1746 926 1811 abrupte
939 1746 1116 1810 interponitur
1126 1746 1194 1796 baec
1205 1744 1299 1795 iudicis
1310 1743 1458 1809 appellatio
1469 1747 1513 1803 te,
1535 1750 1625 1802 quem

276 1836 336 1898 post
352 1833 367 1897 5
385 1834 418 1883 34
436 1834 536 1882 initium
555 1834 648 1882 Cicero
666 1844 717 1880 non
735 1831 903 1894 significarim
923 1843 1012 1894 nequo
1030 1829 1063 1879 ad
1081 1829 1197 1880 iudicem
1214 1831 1305 1893 aptum
1322 1832 1364 1880 est
1379 1825 1540 1891 defendendi
1558 1835 1626 1873 ver·

274 1918 349 1968 burn.
376 1919 434 1967 Non
456 1916 548 1966 dubito
571 1916 634 1979 quin
656 1916 748 1965 Cicero
766 1917 917 1979 scripserit:
943 1928 988 1965 me
1005 1914 1153 1978 defendente.
1176 1915 1263 1973 Quum
1280 1911 1364 1963 semel
1380 1913 1525 1976 scriptum
1546 1909 1624 1958 esset

273 2016 313 2064 m,
332 2002 403 2066 quod
420 2000 500 2052 scribi
519 1999 635 2050 debebat
651 2000 839 2064 (petulantiame
855 1999 1018 2063 defendente),
1036 1998 1105 2049 maie
1122 1997 1207 2048 littera
1225 2003 1234 2048 t
1251 1998 1354 2048 adiecta
1371 2000 1424 2048 est.
1443 1997 1569 2047 Manere.

339 2113 480 2170 pilosam
494 2112 631 2158 marino.
653 2103 668 2167 5
687 2104 710 2152 4.
728 2117 755 2168 p.
774 2104 814 2164 30,
828 2104 852 2152 6.
876 2101 964 2152 Verba
986 2103 1023 2151 ita
1042 2102 1210 2165 flt·-oitant
1227 2100 1303 2152 atlert
1323 2101 1418 2151 rhetor
1439 2098 1573 2149 incertus
1593 2096 1621 2145 in

273 2189 374 2240 Anecd.
395 2190 476 2239 Paris.
500 2201 526 2252 p.
545 2188 561 2238 4
584 2188 626 2237 ed.
646 2188 748 2247 Belesi..
773 2189 834 2250 quia
851 2187 991 2249 periculum
1012 2186 1093 2235 vitant
1110 2184 1213 2236 Grillius
1230 2186 1257 2234 in
1274 2187 1419 2236 comment.
1441 2183 1477 2235 ad
1499 2182 1563 2233 Cic.
1584 2180 1621 2231 de

273 2275 371 2325 invent.
391 2271 433 2323 iol.
453 2272 489 2323 li.
512 2274 631 2335 'Uterque
649 2273 727 2335 igitur
743 2275 836 2321 auctor
852 2271 941 2321 tirmat
958 2268 1099 2320 lectionem
1116 2268 1281 2334 palimpsesti
1295 2272 1384 2320 044004.

340 2357 395 2420 57.
417 2369 442 2421 p.
462 2356 502 2417 34,
522 2358 561 2406 45.
580 2361 608 2406 04
624 2357 712 2405 mettat
728 2357 796 2406 coni.
815 2356 959 2417 Kayserus.

339 2441 354 2504 5
371 2441 395 2492 8.
415 2454 442 2504 p.
460 2440 502 2501 34,
520 2440 561 2490 33.
579 2445 757 2490 consueuerant
773 2438 945 2490 scribendum
964 2440 1034 2499 erat;
1053 2439 1087 2489 ci.
1105 2452 1131 2503 p.
1151 2438 1208 2499 448,
1226 2436 1259 2488 43
1276 2450 1319 2500 sq.

339 2523 396 2587 53.
415 2537 440 2588 p.
459 2525 504 2585 34,
523 2525 546 2575 9.
566 2538 671 2575 000000
688 2527 750 2589 post
765 2524 879 2574 attribuit
895 2522 1040 2573 delendum
1057 2525 1107 2573 est.

338 2607 353 2671 5
372 2610 412 2659 44.
431 2622 457 2674 p.
476 2609 522 2670 34,
540 2609 581 2659 46.
599 2610 716 2672 00090404
732 2609 868 2658 remedium
883 2621 932 2658 esse
948 2614 1050 2671 sperant
1065 2607 1180 2671 fatuum
1196 2608 1266 2658 coni.
1280 2607 1414 2670 Kayserus
1427 2604 1490 2656 coil.
1505 2618 1537 2669 p.
1552 2604 1615 2664 448,

274 2693 315 2743 34.
332 2720 358 2730 -
378 2693 416 2743 00
434 2692 575 2743 indicativo
591 2707 648 2742 cnm
664 2694 760 2743 interea
772 2720 798 2728 -
812 2693 895 2755 factae
911 2699 968 2742 sunt
985 2693 1018 2755 (v.
1031 2692 1071 2755 45)
1089 2706 1104 2742 0
1122 2691 1201 2744 nobis
1219 2692 1335 2756 primum
1345 2692 1470 2742 restituto
1483 2688 1523 2741 ci.
1537 2700 1616 2739 nunc

274 2778 354 2827 etiam
372 2777 473 2841 Kampi.
493 2777 527 2826 ed
544 2776 600 2826 vai.
619 2779 686 2829 Max.
705 2790 731 2841 p.
749 2778 807 2827 227.

339 2870 353 2934 5
373 2870 411 2920 43.
431 2884 457 2935 p.
477 2870 518 2930 33,
538 2870 577 2920 43.
596 2871 677 2933 ipsum
693 2873 831 2934 praeteri}
848 2871 927 2921 etiam
946 2872 1007 2933 Lag.
1021 2870 1053 2920 46
1070 2871 1179 2931 omittit,
1198 2883 1280 2935 quern
1298 2870 1419 2921 codicem
1438 2871 1465 2921 in
1478 2870 1614 2919 nostrum

273 2966 351 3004 usum
369 2956 436 3004 Orro
454 2956 601 3005 Birancnius
618 2956 747 3014 excussit;
766 2967 912 3018 pronomen
931 2959 977 3004 aut
994 2953 1136 3004 delendum
1155 2958 1201 3005 uut
1216 2957 1264 3018 ipsi
1281 2954 1469 3018 corrigendum
1485 2952 1610 3002 videtur.

339 3038 411 3101 547.
430 3052 456 3102 p.
475 3038 521 3101 34,
539 3040 579 3090 47.
599 3041 701 3100 uncini,
721 3038 818 3103 quibus
835 3042 901 3102 quod
916 3040 996 3089 sciam
1013 3037 1143 3090 inclusum
1162 3042 1216 3100 est,
1238 3038 1344 3090 delendi
1360 3041 1437 3096 sunt;
1460 3051 1489 3088 v.
1510 3036 1609 3087 adnot.

274 3124 391 3172 nostram
408 3123 434 3171 in
452 3123 495 3172 ed.
514 3122 599 3174 Berot.
620 3124 692 3174 4854.

338 3206 353 3270 5
370 3207 411 3255 44.
431 3220 456 3270 p.
475 3207 515 3268 35,
534 3208 575 3257 44.
594 3208 851 3258 monumemtum
868 3209 956 3273 spuria
975 3208 1099 3258 videntur
1116 3207 1322 3272 Osenbrueggio.

338 3289 353 3353 5
370 3290 410 3341 34.
431 3303 457 3355 p.
476 3291 517 3352 38,
538 3292 576 3341 43.
596 3292 654 3342 tort.
678 3293 787 3355 undique
808 3307 891 3343 omnes
911 3294 1088 3342 inmineant
1108 3297 1216 3342 terrores
1232 3295 1300 3356 (44.),
1324 3295 1458 3357 Kayserua
1482 3293 1606 3345 mavult:

273 3373 383 3437 undique
398 3376 481 3425 minae
498 3381 521 3425 et
537 3381 644 3426 terrores
660 3389 713 3426 om.
732 3391 823 3427 omnes.
838 3405 865 3414 -
884 3377 925 3427 43.
943 3391 984 3427 res
1000 3383 1072 3427 tanta
1089 3383 1193 3427 exstat
1210 3379 1279 3428 coni.
1298 3379 1500 3430 Mommsenius.

338 3467 353 3531 5
371 3468 401 3516 35
416 3481 456 3531 sq.
475 3482 501 3532 p.
521 3469 562 3529 33,
574 3470 614 3520 48.
634 3471 752 3532 Kaysero
769 3469 843 3521 locus
860 3472 898 3521 sic
916 3471 1116 3521 constituendus
1128 3471 1245 3522 vidctur:
1264 3473 1381 3524 Dehisce
1398 3474 1513 3523 omnibus
1528 3473 1608 3524 rebus

271 3564 310 3601 me
322 3553 402 3602 dicere
413 3559 527 3615 oportere
538 3554 655 3617 intelligo,
669 3559 696 3603 04
706 3569 756 3604 eron
767 3557 850 3605 eodem
860 3557 933 3605 modo
945 3557 975 3605 de
986 3555 1105 3605 matous.
1120 3557 1185 3618 Quid
1195 3556 1273 3620 icitur
1280 3556 1334 3606 est?
1343 3558 1429 3608 leima
1438 3558 1485 3608 illa
1496 3571 1538 3609 res
1546 3559 1603 3608 cet.

338 3637 353 3702 5
371 3636 411 3688 33.
429 3650 456 3703 p.
475 3637 516 3698 40,
534 3638 575 3688 44.
595 3639 702 3702 Signum
721 3640 929 3702 interrogationis
946 3642 1008 3705 post
1022 3645 1137 3690 uersatus
1153 3639 1306 3705 ponendum
1325 3642 1373 3692 est.

335 3735 362 3786 p.
381 3721 422 3772 to.
442 3723 467 3772 in
485 3721 573 3772 adnot.
593 3736 617 3772 v.
637 3725 652 3773 5
669 3721 741 3786 lege:
761 3724 864 3788 Madvig
882 3726 938 3788 (Op.
957 3725 995 3785 11,
1013 3737 1041 3789 p.
1059 3725 1126 3787 347.)

335 3806 351 3869 5
368 3807 408 3857 56.
428 3820 454 3870 p.
473 3805 514 3868 44,
532 3808 574 3857 47.
594 3808 652 3858 tort.
671 3808 692 3856 st
708 3815 840 3858 accusatas
856 3813 901 3858 est
919 3809 968 3871 (ii.)

334 3904 361 3955 p.
380 3890 420 3941 47.
440 3892 466 3941 in
483 3891 544 3941 adn.
563 3904 587 3941 v.
606 3892 622 3941 8
639 3890 713 3955 lege:
733 3891 792 3942 cod.
812 3892 919 3943 Paridis.

335 3976 349 4037 5
368 3975 407 4024 68.
427 3989 453 4039 p.
472 3974 513 4036 48,
532 3976 556 4026 8.
574 3981 715 4038 praerupta
731 3979 841 4026 audacia
857 3980 918 4040 Lug.
937 3979 969 4027 26
987 3981 1070 4028 recte.

334 4058 348 4122 5
366 4060 407 4109 70.
426 4072 453 4123 p.
471 4058 512 4119 48,
530 4061 572 4109 44.
592 4058 680 4110 malim
697 4062 794 4123 scripsit
812 4063 861 4122 (Η.)

335 4144 349 4206 5
367 4143 408 4194 74.
427 4157 454 4208 p.
473 4143 514 4204 43,
532 4145 573 4193 47.
593 4144 696 4195 scribe:
714 4146 743 4194 st
756 4159 803 4208 per
819 4147 919 4207 liberos,
938 4159 1000 4207 quos
1015 4146 1143 4197 nomines?
1160 4148 1210 4209 (Η.)

335 4227 407 4290 576.
431 4242 457 4292 p.
476 4228 520 4289 50,
541 4229 580 4278 43.
609 4229 667 4279 tort.
688 4243 735 4292 per
760 4244 821 4292 quos
845 4232 953 4280 homines
976 4232 1021 4281 boc
1046 4237 1144 4280 tantum
1167 4232 1265 4294 facinus
1285 4236 1337 4280 tam
1361 4231 1487 4280 occulto
1509 4230 1603 4281 absens

266 4312 415 4371 praesertim
431 4314 549 4376 conficere
563 4315 673 4375 potuerit
691 4315 741 4377 (il.)
1163 4315 1165 4318 ⁴

333 4394 406 4457 577.
426 4410 451 4459 p.
471 4398 517 4458 50,
536 4399 579 4447 m.
598 4399 676 4447 victus
693 4400 831 4461 quotidiani
847 4400 959 4448 minister
975 4400 1037 4463 Lag.
1056 4401 1097 4448 46.

334 4481 348 4541 5
366 4480 406 4528 80.
426 4494 451 4543 p.
470 4483 497 4531 54
506 4464 516 4542 ,
524 4483 565 4531 44.
584 4482 643 4532 tort.
657 4482 789 4547 confupit?
805 4485 856 4546 (H.)
872 4510 898 4520 -
917 4482 958 4533 44.
977 4459 1094 4533 lterum
1111 4484 1171 4533 mibi
1183 4485 1252 4535 coni.
1266 4486 1399 4546 Kayscrus
1413 4508 1441 4518 -
1459 4484 1502 4533 47.
1515 4497 1601 4533 nonne

269 4575 302 4611 ex
319 4563 397 4612 codd.
415 4565 609 4616 restituendum
627 4570 683 4616 erat
700 4568 727 4616 et
744 4581 769 4617 v.
788 4568 828 4617 34.
847 4567 1021 4618 scribendum
1038 4573 1060 4618 et
1077 4570 1103 4617 in
1120 4571 1252 4632 sanpuine,
1272 4571 1300 4618 ut
1316 4567 1398 4618 habet
1415 4568 1477 4631 Lag.
1497 4569 1539 4618 40.

334 4647 348 4709 5
366 4648 405 4697 85.
425 4662 450 4711 p.
470 4651 510 4708 54,
530 4650 569 4700 30,
589 4656 663 4712 otum
679 4651 785 4701 iudicem
801 4654 862 4715 Lag.
876 4653 916 4701 26.
933 4678 959 4687 —
979 4652 1018 4701 33.
1038 4667 1114 4714 quam
1130 4654 1286 4703 incitatus
1302 4653 1336 4702 ad
1351 4653 1508 4702 0004440400
1525 4653 1597 4703 coni.

269 4731 403 4793 Kayserus
421 4732 479 4782 coti.
499 4735 576 4785 Tusc.
595 4736 625 4794 V,
645 4736 659 4798 5
677 4737 717 4785 68.

335 4815 349 4878 5
367 4815 407 4864 86.
427 4830 452 4880 p.
471 4817 511 4877 53,
532 4819 571 4867 43.
590 4820 667 4868 elucet
683 4823 755 4869 recto
774 4821 961 4880 Heumannu83
980 4823 1014 4872 04.
1033 4836 1059 4886 p.
1079 4823 1119 4882 63,
1139 4822 1163 4872 6.

334 4899 406 4962 583.
426 4913 451 4963 p.
471 4901 517 4962 54,
536 4903 560 4951 5.
586 4903 676 4953 multos
696 4917 780 4953 caesos
802 4906 836 4953 ad
860 4906 1030 4956 Trasimenum
1051 4908 1133 4956 lacum
1155 4911 1178 4957 et
1195 4907 1229 4956 ad
1246 4905 1379 4955 Seruilium
1395 4906 1502 4955 uidimus
1519 4906 1601 4957 affert

269 4982 355 5033 Schol.
376 4985 472 5034 Lucani
489 4986 524 5046 11,
545 4987 600 5037 404.
767 5032 771 5040 .

334 5067 349 5130 5
367 5068 407 5116 35.
426 5080 454 5132 p.
473 5070 513 5128 55,
533 5070 573 5119 34.
594 5071 651 5120 tort.
670 5071 740 5134 facta
756 5072 820 5121 sint
840 5073 888 5134 (44.)

334 5151 349 5214 5
368 5152 424 5201 404.
443 5165 469 5215 p.
489 5152 529 5212 57,
547 5153 588 5203 44.
608 5154 667 5204 tort.
686 5161 713 5204 04
729 5156 779 5205 004
795 5158 820 5206 in
837 5157 960 5214 minimis;
981 5157 1044 5209 alias
1062 5160 1132 5208 enim
1150 5159 1278 5209 sententia
1297 5172 1421 5224 perversa
1440 5160 1490 5209 est.
1510 5160 1562 5223 (H.)

334 5235 424 5297 5407.
442 5249 469 5299 p.
487 5236 527 5296 58,
546 5238 586 5285 29.
606 5238 687 5288 scrib.
706 5242 778 5302 quis
797 5240 999 5304 indueretis.)

334 5320 348 5381 5
368 5321 424 5369 440.
443 5334 469 5384 p.
488 5321 528 5380 53,
547 5322 587 5370 43.
606 5323 694 5382 aliquo
711 5325 877 5387 afferenda
893 5338 968 5374 mora
984 5326 1136 5377 emendavit
1153 5325 1344 5390 Naegelsbach.

334 5403 349 5466 5
368 5403 425 5453 444.
444 5416 470 5467 p.
489 5405 529 5463 53,
549 5404 588 5454 33.
608 5407 634 5454 40
649 5408 681 5456 iis
698 5412 771 5458 recte
789 5410 849 5472 Lag.
868 5411 909 5458 26.

334 5487 349 5549 5
368 5487 424 5536 443.
442 5501 468 5551 p.
487 5488 528 5546 60,
546 5490 587 5538 44.
606 5493 738 5552 asperserit
755 5491 825 5543 bene
843 5493 1001 5555 Lambinus;
1021 5494 1054 5544 04.
1073 5509 1099 5558 p.
1119 5493 1206 5545 Plano.
1225 5495 1297 5558 530.

334 5571 348 5634 5
367 5571 424 5621 tis.
442 5584 467 5634 p.
487 5571 527 5631 04,
547 5573 587 5622 34.
606 5581 701 5625 constat
721 5579 794 5627 recte
817 5579 877 5642 Lag.
896 5580 937 5629 26.
966 5579 1057 5629 Statim
1080 5581 1141 5643 post
1157 5593 1220 5630 vera
1237 5579 1343 5629 videtur
1359 5577 1478 5630 Gulielmi
1496 5592 1595 5632 emen·

269 5654 339 5705 datio
356 5657 377 5704 si
394 5669 442 5716 ouo
459 5657 488 5706 de
504 5657 604 5707 illorum
622 5662 672 5709 oet.

334 5753 360 5803 p.
379 5740 423 5799 oe,
442 5739 466 5789 3.
485 5754 503 5790 0
518 5743 603 5805 plodio
619 5745 751 5810 recessisse]
770 5745 802 5795 04.
821 5760 876 5796 var.
895 5745 957 5797 lect.
976 5747 1054 5812 adp.
1074 5750 1147 5810 4080,
1166 5750 1190 5799 5.

332 5824 346 5888 5
368 5825 422 5873 440.
440 5837 467 5888 p.
486 5825 531 5887 04,
551 5827 590 5878 43.
615 5827 674 5878 tort.
692 5843 769 5892 quam
789 5831 818 5880 ob
840 5845 943 5882 eausam
962 5847 1016 5883 rem
1031 5835 1164 5885 recusarit.
1184 5834 1234 5899 (ΙΙ.)
1251 5861 1277 5871 -
1296 5834 1337 5885 40.
1356 5833 1478 5897 Madvigii
1494 5847 1595 5888 emen·
