3800 7350
329 1204 392 1271 902
761 1206 912 1272 onemo
934 1208 988 1272 DE
1010 1208 1128 1274 DOMO
1151 1209 1228 1273 SUA

329 1377 441 1451 villus,
470 1378 545 1460 qui,
568 1396 638 1439 cum
662 1395 735 1439 eum
757 1377 848 1440 multi
870 1384 1000 1461 propter
1020 1377 1172 1441 invidiam
1192 1377 1274 1440 lictis
1296 1376 1501 1459 religionibus
1523 1376 1658 1459 impedi·

329 1480 416 1545 rent,
438 1471 555 1535 restitit
576 1477 609 1533 et
631 1472 887 1533 constantissima
907 1477 1014 1533 mente
1037 1470 1226 1553 Capitolium
1249 1469 1422 1544 dedicavit,
1451 1470 1548 1533 buius
1570 1471 1657 1536 modi

330 1564 426 1627 alicui
449 1564 640 1629 dedicationi
662 1563 867 1647 praefuisset,
897 1570 1003 1627 tamen
1027 1566 1058 1627 in
1081 1564 1201 1628 scelere
1222 1564 1335 1646 religio
1364 1584 1429 1627 non
1451 1564 1587 1638 valeret,
1617 1585 1658 1628 ne

329 1657 434 1720 valeat
454 1657 505 1731 id,
529 1657 616 1741 quod
638 1658 801 1740 imperitus
823 1657 1026 1731 adolescens,
1048 1677 1151 1720 novus
1175 1658 1339 1731 sacerdos,
1363 1657 1481 1721 sororis
1501 1657 1658 1739 precibus,

305 1751 437 1815 omatris
459 1751 552 1813 minis
567 1752 732 1824 adductus,
756 1751 894 1833 ignarus,
917 1751 1045 1824 invitus,
1070 1750 1140 1813 sine
1155 1750 1298 1832 collegis,
1320 1751 1388 1813 sinc
1404 1749 1503 1824 libris,
1518 1750 1586 1813 sine
1602 1770 1658 1812 au·

329 1853 423 1919 otore,
445 1844 515 1907 sino
531 1844 650 1918 lictore,
670 1843 789 1917 furtim,
812 1851 917 1906 mente
933 1864 970 1906 ao
992 1844 1102 1926 lingua
1115 1843 1269 1906 titubante
1284 1842 1399 1906 fecisse
1414 1842 1548 1916 dicatur,
1568 1863 1658 1926 prae-
1704 1855 1709 1863 ·

328 1938 436 2002 sertim
447 1959 519 2001 cum
533 1939 593 2001 iste
605 1938 745 2022 impums
757 1945 854 2019 atque
869 1937 987 2019 impius
1002 1935 1101 1999 hostis
1114 1936 1255 1998 omnium
1267 1936 1466 2018 religionum,
1478 1935 1533 2019 qui
1548 1942 1659 2000 contra

326 2030 374 2093 las
396 2040 427 2095 et
447 2034 529 2095 inter
549 2032 634 2094 viros
659 2052 753 2114 saepe
776 2031 890 2094 mulier
911 2037 943 2092 et
964 2031 1046 2092 iuter
1068 2029 1217 2092 mulieres
1232 2030 1281 2093 vir
1294 2029 1426 2104 luisset,
1449 2035 1556 2111 ageret
1571 2028 1656 2092 illam

326 2144 393 2186 rem
415 2125 461 2188 ita
481 2125 593 2208 raptim
616 2132 648 2187 et
668 2124 867 2197 turbulente,
899 2125 946 2187 uti
969 2143 1074 2206 neque
1096 2143 1185 2186 mens
1207 2142 1312 2205 nequo
1335 2142 1398 2185 vox
1419 2141 1526 2205 neque
1547 2120 1656 2203 lingua

291 2217 525 2287 soconsisteret.
568 2219 631 2280 LV.
655 2214 668 2278 l
675 2214 726 2280 l0.
748 2217 893 2281 Delatum
917 2225 965 2281 est
987 2216 1026 2279 ad
1049 2238 1123 2290 vos,
1144 2214 1328 2300 pontifices,
1360 2224 1393 2279 et
1420 2222 1493 2298 post
1515 2214 1656 2279 omnium

327 2329 473 2374 sermone
495 2311 704 2386 celebratum,
728 2332 822 2395 quem
845 2313 884 2374 ad
907 2309 1036 2373 modum
1050 2309 1111 2372 iste
1129 2309 1341 2391 praeposteris
1356 2309 1476 2383 verbis,
1498 2306 1655 2370 ominibus

327 2403 488 2480 obscenis,
520 2404 693 2469 identidem
725 2426 758 2467 se
789 2404 859 2487 ipse
888 2403 1085 2476 revocando,
1119 2402 1283 2476 dubitans,
1316 2402 1450 2477 timens,
1480 2399 1654 2475 haesitans,

327 2497 435 2561 omnia
466 2499 558 2562 aliter
584 2518 622 2562 ac
652 2519 706 2563 vos
735 2499 768 2561 in
798 2496 1010 2561 monumentis
1039 2495 1164 2559 habetis
1186 2503 1218 2558 et
1247 2496 1460 2577 pronuntiarit
1482 2500 1515 2558 et
1533 2491 1655 2557 lecerit.

327 2587 420 2664 Quod
449 2590 579 2673 quidem
609 2591 736 2655 minime
765 2591 879 2654 mirum
908 2598 975 2663 est,
1006 2590 1038 2651 in
1067 2597 1156 2653 tanto
1179 2588 1298 2652 scelere
1321 2596 1474 2671 tantaque
1495 2587 1655 2650 dementia

291 2702 367 2753 sane
396 2685 546 2747 audaciae
573 2685 700 2769 quidem
729 2687 835 2749 locum
856 2685 896 2747 ad
918 2686 1064 2747 timorem
1086 2680 1358 2765 comprimendum
1379 2681 1487 2746 luisse.
1530 2680 1656 2744 Etenim

327 2776 352 2838 si
375 2797 469 2840 nemo
490 2798 641 2863 umquam
662 2778 781 2861 praedo
804 2787 867 2841 tam
889 2778 1042 2840 barbams
1056 2783 1152 2861 atque
1169 2778 1316 2840 immanis
1330 2776 1407 2850 fuit,
1430 2776 1485 2859 qui
1499 2794 1569 2837 cum
1582 2774 1656 2837 lana
1757 2844 1762 2853 1

327 2871 509 2952 spoliasset,
531 2873 646 2935 deinde
668 2893 753 2936 aram
775 2872 916 2955 aliquam
939 2872 973 2934 in
995 2871 1088 2933 litore
1104 2873 1232 2935 deserto
1255 2871 1385 2935 somniis
1407 2868 1586 2932 stimulatus
1600 2874 1656 2931 aut

327 2964 481 3047 religione
502 2966 612 3049 aliqua
633 2971 848 3038 consecraret,
876 2986 940 3029 nou
961 2964 1105 3027 horreret
1126 2965 1248 3039 animo,
1279 2986 1349 3029 cum
1372 2964 1519 3027 divinum
1538 2978 1655 3024 numen

328 3055 447 3119 scelere
469 3057 620 3120 violatum
643 3046 768 3140 placare
790 3059 936 3141 precibus
959 3066 1142 3141 cogeretur,
1175 3078 1239 3142 qua
1268 3059 1394 3121 tandem
1416 3058 1513 3120 istum
1533 3060 1655 3137 pertun·

290 3151 453 3223 sobatioue
476 3152 591 3215 mentis
614 3153 753 3216 omnium
776 3153 965 3236 templorum
980 3161 1076 3234 atque
1098 3160 1251 3215 tectorum
1273 3153 1434 3235 totiusque
1456 3148 1544 3211 urbis
1565 3166 1655 3231 prae-

328 3243 443 3307 donem
471 3244 571 3307 fuisse
600 3247 751 3320 censetis,
782 3267 853 3308 cum
882 3266 939 3327 pro
969 3245 1180 3308 detestatione
1207 3253 1254 3308 tot
1275 3245 1430 3308 scelerum
1452 3263 1548 3308 unam
1569 3259 1654 3304 aram

327 3337 446 3401 nelarie
469 3343 690 3402 consecraret?
734 3336 806 3402 lll.
828 3343 898 3403 Non
921 3342 1025 3421 potuit
1045 3340 1111 3403 ullo
1131 3339 1225 3402 modo
1248 3372 1290 3385 -
1311 3357 1503 3422 quamquam
1518 3342 1550 3399 et
1569 3335 1655 3397 inso-

327 3430 426 3493 lentia
447 3430 626 3497 dominatus
648 3434 807 3497 extulerat
828 3435 953 3497 animos
976 3443 1007 3497 et
1029 3441 1096 3496 erat
1118 3433 1295 3497 incredibili
1317 3441 1456 3496 armatus
1471 3429 1654 3495 audacia-

327 3542 392 3586 non
421 3525 454 3587 in
482 3525 605 3608 agendo
632 3547 723 3591 ruere
745 3548 782 3591 ac
812 3548 907 3611 saepe
936 3548 1085 3611 peccare,
1116 3528 1300 3611 praesertim
1329 3526 1384 3590 illo
1413 3523 1561 3610 pontifice
1589 3542 1654 3587 ma·

290 3617 441 3702 registro,
470 3621 526 3702 qni
554 3630 717 3704 cogeretur
745 3622 861 3686 docere
888 3630 1080 3707 antequam
1109 3621 1177 3706 ipse
1200 3621 1370 3686 didicisset
1401 3620 1585 3705 Magnesia
1607 3624 1655 3683 est

327 3732 399 3775 oum
423 3712 609 3777 iudeorum
630 3716 853 3780 immortalium
876 3717 1023 3791 nurnine,
1052 3725 1118 3779 tum
1140 3736 1215 3779 vero
1238 3718 1272 3779 in
1292 3717 1362 3799 ipsa
1382 3736 1417 3778 re
1439 3714 1574 3798 publica.
1614 3712 1653 3774 lli

326 3806 520 3872 immortales
542 3827 672 3872 snorum
694 3811 884 3893 templorum
899 3811 1062 3874 custodem
1077 3831 1114 3873 ac
1135 3810 1312 3893 praesidem
1328 3809 1569 3873 sceleratissime
1585 3809 1654 3892 pul·

327 3920 397 3963 sum
425 3921 497 3965 cum
523 3902 686 3979 riderent,
715 3924 756 3967 ex
785 3906 851 3969 suis
873 3905 999 3989 templis
1020 3906 1055 3966 in
1077 3906 1146 3968 eius
1169 3904 1264 3968 aedes
1285 3905 1464 3987 immigrare
1485 3903 1652 3968 nolebant:

326 3995 436 4079 itaque
463 3995 555 4058 istius
583 3999 820 4060 vaecordissimi
851 4007 989 4062 mentem
1015 4019 1090 4061 cum
1111 4006 1259 4083 metuque
1282 3999 1451 4063 terrebant.
1495 3997 1557 4059 Res
1579 4016 1652 4060 vero

289 4090 468 4173 sopublica,
496 4110 688 4172 quamquam
719 4099 787 4154 erat
808 4093 1018 4156 exterminata
1040 4114 1178 4168 mecum,
1207 4102 1311 4156 tamen
1334 4091 1560 4155 obversabatur
1580 4098 1652 4157 ante

327 4183 436 4245 oculos
459 4184 660 4247 exstinctoris
683 4185 732 4246 sui
755 4193 786 4248 et
800 4187 840 4248 ab
858 4187 949 4249 istius
971 4188 1164 4250 inflammato
1178 4196 1272 4271 atque
1294 4187 1448 4250 indomito
1461 4185 1568 4248 furore
1591 4186 1651 4248 iam

327 4282 394 4337 tum
416 4296 450 4338 se
473 4297 586 4361 meque
608 4279 781 4360 repetebat.
815 4279 919 4356 Quare
944 4282 1020 4364 quid
1044 4290 1092 4343 est
1113 4264 1242 4354 mirum,
1266 4283 1292 4344 si
1315 4283 1376 4345 iste
1391 4281 1414 4360 †
1430 4280 1651 4345 metueturore

327 4368 511 4443 instinctus,
533 4365 652 4435 scelere¹
675 4392 842 4455 praeceps,
864 4394 971 4457 neque
987 4375 1146 4437 institutas
1162 4375 1369 4440 caerimonias
1383 4377 1533 4460 persequi
1548 4396 1651 4460 neque

326 4461 457 4523 verbum
477 4463 575 4527 ullum
598 4465 751 4528 sollemne
773 4469 876 4548 potuit
899 4468 1014 4530 ellari?

289 4581 317 4626 35
409 4555 488 4616 LVl.
511 4551 582 4620 lib.
605 4560 695 4634 Quae
726 4578 796 4622 oum
819 4562 863 4623 ita
884 4561 966 4634 sint,
996 4559 1178 4645 pontifices,
1207 4569 1350 4625 revocate
1372 4563 1435 4627 iam
1457 4565 1578 4628 animos
1599 4585 1652 4627 ve-

325 4655 407 4712 stros
429 4649 468 4710 ab
489 4649 547 4713 bac
569 4652 676 4714 subtili
694 4662 801 4716 nostra
817 4654 1028 4737 disputatione
1044 4654 1084 4718 ad
1098 4657 1276 4719 universam
1292 4657 1542 4741 rempublicam,
1558 4678 1651 4743 wem

326 4751 419 4807 antea
440 4764 509 4806 cum
532 4745 607 4809 viris
628 4744 763 4808 lontibus
785 4747 908 4823 multis,
938 4749 972 4811 in
1002 4748 1062 4812 hac
1093 4770 1167 4812 vero
1190 4771 1286 4814 causa
1308 4752 1368 4814 soli
1389 4753 1500 4817 vestris
1523 4754 1652 4819 sermol-

391 4988 414 5037 t.
427 4999 484 5036 mnu
494 4987 553 5037 cod.
568 4988 626 5038 Cur.
640 4989 782 5052 Stephani:
801 5003 844 5039 esu
853 4992 881 5040 P¹
894 4992 920 5052 (u
931 4991 957 5042 in
970 4994 1084 5056 rasura];
1104 4995 1156 5044 eius
1168 4997 1210 5055 Ρη
1228 5007 1298 5045 mnu
1309 4996 1401 5053 cuv,
1413 4996 1466 5046 einr
1476 4997 1653 5050 dedicmionem

324 5066 345 5115 0
358 5088 385 5100 -
403 5062 543 5124 inpedirent
558 5065 577 5113 P
590 5088 613 5099 -
636 5062 659 5112 3.
675 5064 809 5125 profuisset
820 5066 904 5115 GllV
917 5093 944 5101 —
963 5067 1051 5131 religio
1065 5069 1124 5133 non]
1141 5070 1269 5133 retipionn's
1281 5074 1300 5119 G
1310 5072 1334 5121 bl
1346 5072 1366 5119 V
1378 5099 1402 5107 -
1422 5085 1453 5121 ne
1464 5074 1483 5123 C
1496 5086 1502 5120 ι
1519 5074 1610 5124 nedmn
1620 5076 1649 5126 0.

324 5139 363 5190 Ct.
376 5140 472 5201 Zumpt
482 5138 594 5188 Gromm.
606 5139 662 5187 lot,
677 5139 761 5201 5573.
775 5167 802 5175 -
820 5139 844 5190 l.
858 5140 999 5190 adubseens
1016 5145 1072 5192 P-
1091 5157 1154 5193 nous
1170 5147 1198 5194 P¹
1218 5169 1245 5181 —
1265 5145 1289 5196 7.
1308 5147 1414 5208 inpurus
1431 5150 1450 5197 P
1463 5173 1490 5182 -
1510 5147 1535 5198 8.
1548 5149 1605 5200 uiro
1622 5140 1651 5201 Pi

325 5240 352 5250 —
367 5213 391 5263 9.
404 5213 441 5262 uti
457 5213 548 5262 PGV:
567 5218 595 5262 ut
611 5213 665 5262 Mo
678 5238 705 5248 —
726 5215 765 5263 ⁴0.
779 5215 896 5264 Detntrnn
912 5221 947 5264 est
963 5217 997 5265 od
1014 5219 1115 5268 GMV:
1134 5220 1279 5270 Delototnm
1295 5223 1402 5272 suntad
1420 5224 1453 5283 P,
1472 5224 1652 5276 Detottcntum

323 5293 358 5339 est
374 5289 393 5337 0
414 5314 439 5324 -
459 5287 500 5337 tt.
518 5287 641 5337 canneta
657 5290 717 5336 P-
736 5290 847 5338 onsnibus
864 5291 883 5340 C
902 5316 929 5325 -
950 5292 989 5340 tt.
1009 5292 1116 5344 obscenis
1132 5295 1225 5345 PGV:
1245 5295 1367 5347 obscoenis
1383 5299 1403 5347 0
1422 5325 1448 5334 -
1467 5298 1607 5350 identidem
1622 5297 1650 5352 P¹

324 5365 364 5413 tt.
382 5363 467 5413 Etnim
483 5363 552 5412 1²¹-
572 5363 612 5412 tr.
631 5363 765 5424 spoliassed
782 5363 809 5427 1²¹
829 5391 856 5400 -
876 5366 982 5415 demtm
998 5369 1077 5417 omnis
1093 5371 1122 5420 P¹
1140 5396 1166 5405 -
1187 5371 1228 5421 l8.
1245 5372 1329 5421 borrnt
1346 5373 1405 5423 P¹V
1418 5399 1445 5407 -
1464 5374 1505 5423 20.
1520 5375 1651 5437 potitoque

323 5439 344 5487 G
362 5462 390 5472 —
408 5438 450 5487 tt.
466 5438 548 5499 potuit
564 5439 598 5488 C:
614 5443 713 5501 poterat
729 5441 748 5489 0
762 5465 789 5475 —
808 5441 848 5491 23.
868 5442 974 5492 suumn
990 5444 1009 5492 P
1031 5469 1055 5477 -
1075 5443 1116 5494 Pl.
1135 5457 1226 5508 saepae
1242 5448 1260 5496 P
1274 5473 1302 5483 —
1319 5448 1434 5512 pontifice
1449 5451 1571 5514 mugistm
1588 5463 1647 5501 nos:

320 5513 435 5576 pontifice
450 5518 474 5563 et
488 5514 610 5577 nmptstro
628 5514 721 5564 (30-
737 5514 778 5564 26.
798 5516 824 5565 tn
842 5528 896 5567 om.
913 5519 932 5567 C
954 5545 979 5553 —
999 5519 1025 5567 di
1041 5521 1076 5569 P:
1103 5520 1138 5569 dii
1155 5522 1214 5570 0-
1235 5521 1276 5572 28.
1294 5524 1361 5574 sedes
1376 5523 1465 5575 PG¹V
1484 5551 1509 5560 —
1530 5526 1572 5575 29.
1588 5540 1649 5578 voe·
1710 5519 1713 5523 ’

322 5587 460 5637 cordissnui
477 5600 538 5637 nos:
558 5590 763 5650 ouoeuordisrims'
779 5592 814 5648 P;
831 5593 1000 5642 exordissimi
1010 5594 1039 5642 0.
1059 5593 1097 5644 Cl.
1110 5608 1136 5659 p.
1149 5596 1208 5656 906,
1221 5596 1246 5646 3.
1262 5624 1288 5633 -
1306 5612 1371 5648 curo
1386 5604 1512 5663 mettuw
1529 5603 1568 5661 tl;
1586 5616 1650 5652 we

321 5675 408 5726 nugae
423 5666 456 5721 P;
474 5677 564 5713 curam
579 5677 640 5726 eque
656 5665 690 5721 V,
712 5677 849 5728 wompue
865 5670 886 5718 G
904 5694 930 5702 -
955 5668 995 5718 30.
1015 5667 1193 5719 obsemuoatur
1209 5671 1261 5722 GV
1280 5699 1306 5709 -
1331 5674 1372 5723 at.
1391 5675 1537 5726 allectoria
1552 5679 1601 5728 PG
1618 5703 1645 5713 -

321 5737 439 5788 inunum
456 5737 587 5789 Halmius:
606 5740 667 5789 inito
685 5741 720 5798 C;
739 5740 848 5803 ignitoo
863 5771 890 5779 —
908 5743 948 5794 32.
963 5757 988 5792 se
1003 5756 1089 5805 unque
1103 5748 1136 5796 P:
1155 5760 1194 5796 me
1209 5759 1282 5808 reque
1295 5749 1409 5799 GMVO
1425 5776 1453 5786 -
1471 5751 1603 5814 reputabat
1618 5755 1647 5804 ΡΙ

323 5836 351 5846 -
370 5811 410 5862 33.
428 5814 548 5868 tnrtiatru
569 5812 673 5876 (litteris
694 5816 776 5865 orasis
796 5819 992 5882 superscriptae
1014 5821 1076 5871 sunt
1095 5833 1139 5877 nc;
1167 5821 1247 5874 tuisse
1264 5822 1359 5875 credas
1375 5824 1458 5889 pall’
1480 5851 1507 5863 -
1534 5825 1576 5879 ³5.
1594 5827 1648 5879 inm

323 5897 377 5936 om.
396 5887 448 5937 GV
465 5913 492 5924 -
511 5888 552 5939 36.
569 5890 654 5951 ruptio
669 5891 688 5940 P
706 5916 733 5927 -
753 5890 794 5941 37.
811 5891 857 5942 son
873 5891 1031 5946 Lambinus:
1048 5894 1107 5947 rotis
1123 5895 1182 5950 CO.
