<?xml version="1.0" encoding="UTF-8"?>
<!DOCTYPE html PUBLIC "-//W3C//DTD XHTML 1.0 Transitional//EN"
    "http://www.w3.org/TR/xhtml1/DTD/xhtml1-transitional.dtd">
<html xmlns="http://www.w3.org/1999/xhtml" xml:lang="en" lang="en">
 <head>
  <title>
</title>
<meta http-equiv="Content-Type" content="text/html;charset=utf-8" />
  <meta name='ocr-system' content='tesseract 3.04.00' />
  <meta name='ocr-capabilities' content='ocr_page ocr_carea ocr_par ocr_line ocrx_word'/>
</head>
<body>
  <div class='ocr_page' id='page_1' title='image "./operaquaesupers08halmgoog/operaquaesupers08halmgoog_0655.png"; bbox 0 0 3800 7350; ppageno 0'>
   <div class='ocr_carea' id='block_1_1' title="bbox 691 1180 1596 1267">
    <p class='ocr_par' dir='ltr' id='par_1_1' title="bbox 691 1180 1596 1267">
     <span class='ocr_line' id='line_1_1' title="bbox 691 1180 1596 1267; baseline 0 -18"><span class='ocrx_word' id='word_1_1' title='bbox 691 1183 941 1249; x_wconf 61' lang='lat' dir='ltr'><strong>crem-xc</strong></span> <span class='ocrx_word' id='word_1_2' title='bbox 969 1180 1186 1267; x_wconf 72' lang='lat' dir='ltr'><strong>sese-ea.</strong></span> <span class='ocrx_word' id='word_1_3' title='bbox 1513 1180 1596 1249; x_wconf 75' lang='lat' dir='ltr'><strong>terr</strong></span> 
     </span>
    </p>
   </div>
   <div class='ocr_carea' id='block_1_2' title="bbox 179 1341 1596 1534">
    <p class='ocr_par' dir='ltr' id='par_1_2' title="bbox 179 1341 1596 1534">
     <span class='ocr_line' id='line_1_2' title="bbox 285 1341 1596 1435; baseline 0.001 -19"><span class='ocrx_word' id='word_1_4' title='bbox 285 1353 336 1417; x_wconf 93' lang='lat' dir='ltr'><strong>die</strong></span> <span class='ocrx_word' id='word_1_5' title='bbox 357 1360 546 1425; x_wconf 87' lang='lat' dir='ltr'><strong>reverterer,</strong></span> <span class='ocrx_word' id='word_1_6' title='bbox 568 1352 614 1415; x_wconf 92' lang='lat' dir='ltr'><strong>ire</strong></span> <span class='ocrx_word' id='word_1_7' title='bbox 635 1372 700 1415; x_wconf 91' lang='lat' dir='ltr'><strong>non</strong></span> <span class='ocrx_word' id='word_1_8' title='bbox 722 1374 791 1416; x_wconf 91' lang='lat' dir='ltr'><strong>sum</strong></span> <span class='ocrx_word' id='word_1_9' title='bbox 812 1357 936 1417; x_wconf 83' lang='lat' dir='ltr'><strong>ausuri</strong></span> <span class='ocrx_word' id='word_1_10' title='bbox 968 1352 1155 1416; x_wconf 87' lang='lat' dir='ltr'><strong>Domesticis</strong></span> <span class='ocrx_word' id='word_1_11' title='bbox 1176 1341 1226 1414; x_wconf 81' lang='lat' dir='ltr'><strong>bae</strong></span> <span class='ocrx_word' id='word_1_12' title='bbox 1244 1351 1416 1435; x_wconf 85' lang='lat' dir='ltr'><strong>parietibus</strong></span> <span class='ocrx_word' id='word_1_13' title='bbox 1430 1352 1484 1417; x_wconf 82' lang='lat' dir='ltr'><strong>vix</strong></span> <span class='ocrx_word' id='word_1_14' title='bbox 1503 1361 1596 1420; x_wconf 91' lang='lat' dir='ltr'><strong>tueor</strong></span> 
     </span>
     <span class='ocr_line' id='line_1_3' title="bbox 179 1440 1595 1534; baseline 0.001 -25"><span class='ocrx_word' id='word_1_15' title='bbox 179 1524 183 1534; x_wconf 28' lang='grc' dir='ltr'>ι</span> <span class='ocrx_word' id='word_1_16' title='bbox 283 1447 354 1509; x_wconf 90' lang='lat' dir='ltr'><strong>sine</strong></span> <span class='ocrx_word' id='word_1_17' title='bbox 380 1445 550 1509; x_wconf 90' lang='lat' dir='ltr'><strong>amicorum</strong></span> <span class='ocrx_word' id='word_1_18' title='bbox 577 1447 739 1509; x_wconf 89' lang='lat' dir='ltr'><strong>custodiis.</strong></span> <span class='ocrx_word' id='word_1_19' title='bbox 779 1447 889 1530; x_wconf 86' lang='lat' dir='ltr'><strong>ltaque</strong></span> <span class='ocrx_word' id='word_1_20' title='bbox 916 1447 950 1509; x_wconf 90' lang='lat' dir='ltr'><strong>in</strong></span> <span class='ocrx_word' id='word_1_21' title='bbox 971 1446 1048 1509; x_wconf 90' lang='lat' dir='ltr'><strong>urbe</strong></span> <span class='ocrx_word' id='word_1_22' title='bbox 1071 1440 1224 1531; x_wconf 90' lang='lat' dir='ltr'><strong>[maneo],</strong></span> <span class='ocrx_word' id='word_1_23' title='bbox 1252 1447 1279 1509; x_wconf 89' lang='lat' dir='ltr'><strong>si</strong></span> <span class='ocrx_word' id='word_1_24' title='bbox 1300 1445 1420 1520; x_wconf 84' lang='lat' dir='ltr'><strong>licebit,</strong></span> <span class='ocrx_word' id='word_1_25' title='bbox 1450 1446 1595 1510; x_wconf 77' lang='lat' dir='ltr'><strong>manebo.</strong></span> 
     </span>
    </p>
   </div>
   <div class='ocr_carea' id='block_1_3' title="bbox 280 1538 1678 4247">
    <p class='ocr_par' dir='ltr' id='par_1_3' title="bbox 280 1538 1678 3867">
     <span class='ocr_line' id='line_1_4' title="bbox 282 1538 1596 1623; baseline 0.003 -23"><span class='ocrx_word' id='word_1_26' title='bbox 282 1539 368 1602; x_wconf 86' lang='lat' dir='ltr'><strong>llaec</strong></span> <span class='ocrx_word' id='word_1_27' title='bbox 389 1557 460 1601; x_wconf 89' lang='lat' dir='ltr'><strong>mea</strong></span> <span class='ocrx_word' id='word_1_28' title='bbox 481 1540 572 1602; x_wconf 87' lang='lat' dir='ltr'><strong>sedes</strong></span> <span class='ocrx_word' id='word_1_29' title='bbox 595 1548 659 1615; x_wconf 86' lang='lat' dir='ltr'><strong>est,</strong></span> <span class='ocrx_word' id='word_1_30' title='bbox 689 1540 768 1603; x_wconf 87' lang='lat' dir='ltr'><strong>baec</strong></span> <span class='ocrx_word' id='word_1_31' title='bbox 789 1541 912 1623; x_wconf 75' lang='lat' dir='ltr'><strong>vigilia,</strong></span> <span class='ocrx_word' id='word_1_32' title='bbox 934 1539 1020 1615; x_wconf 83' lang='lat' dir='ltr'><strong>haee</strong></span> <span class='ocrx_word' id='word_1_33' title='bbox 1035 1538 1191 1613; x_wconf 89' lang='lat' dir='ltr'><strong>custodia,</strong></span> <span class='ocrx_word' id='word_1_34' title='bbox 1212 1538 1275 1601; x_wconf 87' lang='lat' dir='ltr'><strong>boo</strong></span> <span class='ocrx_word' id='word_1_35' title='bbox 1294 1539 1487 1622; x_wconf 89' lang='lat' dir='ltr'><strong>praesidium</strong></span> <span class='ocrx_word' id='word_1_36' title='bbox 1509 1540 1596 1604; x_wconf 85' lang='lat' dir='ltr'><strong>stati·</strong></span> 
     </span>
     <span class='ocr_line' id='line_1_5' title="bbox 281 1630 1595 1716; baseline 0.002 -21"><span class='ocrx_word' id='word_1_37' title='bbox 281 1652 366 1695; x_wconf 82' lang='lat' dir='ltr'><strong>vum.</strong></span> <span class='ocrx_word' id='word_1_38' title='bbox 401 1633 544 1695; x_wconf 87' lang='lat' dir='ltr'><strong>Teneant</strong></span> <span class='ocrx_word' id='word_1_39' title='bbox 572 1632 627 1695; x_wconf 91' lang='lat' dir='ltr'><strong>alii</strong></span> <span class='ocrx_word' id='word_1_40' title='bbox 649 1642 768 1708; x_wconf 90' lang='lat' dir='ltr'><strong>castra,</strong></span> <span class='ocrx_word' id='word_1_41' title='bbox 798 1642 906 1716; x_wconf 77' lang='lat' dir='ltr'><strong>gerant</strong></span> <span class='ocrx_word' id='word_1_42' title='bbox 929 1652 980 1696; x_wconf 90' lang='lat' dir='ltr'><strong>res</strong></span> <span class='ocrx_word' id='word_1_43' title='bbox 1000 1631 1145 1704; x_wconf 87' lang='lat' dir='ltr'><strong>bellicas,</strong></span> <span class='ocrx_word' id='word_1_44' title='bbox 1174 1630 1298 1696; x_wconf 88' lang='lat' dir='ltr'><strong>oderint</strong></span> <span class='ocrx_word' id='word_1_45' title='bbox 1317 1633 1439 1696; x_wconf 78' lang='lat' dir='ltr'><strong>hostem</strong></span> <span class='ocrx_word' id='word_1_46' title='bbox 1459 1654 1595 1698; x_wconf 92' lang='lat' dir='ltr'><strong>-nam</strong></span> 
     </span>
     <span class='ocr_line' id='line_1_6' title="bbox 281 1724 1619 1808; baseline 0.001 -20"><span class='ocrx_word' id='word_1_47' title='bbox 281 1725 343 1788; x_wconf 92' lang='lat' dir='ltr'><strong>boc</strong></span> <span class='ocrx_word' id='word_1_48' title='bbox 371 1733 466 1807; x_wconf 87' lang='lat' dir='ltr'><strong>caput</strong></span> <span class='ocrx_word' id='word_1_49' title='bbox 493 1733 542 1788; x_wconf 86' lang='lat' dir='ltr'><strong>est</strong></span> <span class='ocrx_word' id='word_1_50' title='bbox 566 1746 626 1788; x_wconf 71' lang='lat' dir='ltr'><strong>-e</strong></span> <span class='ocrx_word' id='word_1_51' title='bbox 648 1744 724 1799; x_wconf 87' lang='lat' dir='ltr'><strong>nos,</strong></span> <span class='ocrx_word' id='word_1_52' title='bbox 754 1732 791 1788; x_wconf 91' lang='lat' dir='ltr'><strong>ut</strong></span> <span class='ocrx_word' id='word_1_53' title='bbox 819 1726 954 1790; x_wconf 80' lang='lat' dir='ltr'><strong>dicimus</strong></span> <span class='ocrx_word' id='word_1_54' title='bbox 982 1744 1169 1808; x_wconf 79' lang='lat' dir='ltr'><strong>semperque</strong></span> <span class='ocrx_word' id='word_1_55' title='bbox 1190 1724 1336 1801; x_wconf 81' lang='lat' dir='ltr'><strong>lecimus,</strong></span> <span class='ocrx_word' id='word_1_56' title='bbox 1364 1728 1474 1791; x_wconf 88' lang='lat' dir='ltr'><strong>urbem</strong></span> <span class='ocrx_word' id='word_1_57' title='bbox 1494 1738 1525 1794; x_wconf 94' lang='lat' dir='ltr'><strong>et</strong></span> <span class='ocrx_word' id='word_1_58' title='bbox 1545 1745 1619 1794; x_wconf 81' lang='lat' dir='ltr'><strong>rese</strong></span> 
     </span>
     <span class='ocr_line' id='line_1_7' title="bbox 280 1818 1595 1902; baseline 0.005 -20"><span class='ocrx_word' id='word_1_59' title='bbox 280 1818 416 1882; x_wconf 88' lang='lat' dir='ltr'><strong>urbanas</strong></span> <span class='ocrx_word' id='word_1_60' title='bbox 444 1818 606 1882; x_wconf 90' lang='lat' dir='ltr'><strong>vobiscum</strong></span> <span class='ocrx_word' id='word_1_61' title='bbox 639 1821 757 1902; x_wconf 86' lang='lat' dir='ltr'><strong>pariter</strong></span> <span class='ocrx_word' id='word_1_62' title='bbox 787 1818 955 1883; x_wconf 84' lang='lat' dir='ltr'><strong>tuebimur.</strong></span> <span class='ocrx_word' id='word_1_63' title='bbox 1001 1821 1111 1901; x_wconf 86' lang='lat' dir='ltr'><strong>Neque</strong></span> <span class='ocrx_word' id='word_1_64' title='bbox 1137 1837 1212 1881; x_wconf 83' lang='lat' dir='ltr'><strong>vero</strong></span> <span class='ocrx_word' id='word_1_65' title='bbox 1237 1822 1349 1883; x_wconf 71' lang='lat' dir='ltr'><strong>menso</strong></span> <span class='ocrx_word' id='word_1_66' title='bbox 1378 1842 1492 1888; x_wconf 91' lang='lat' dir='ltr'><strong>munus</strong></span> <span class='ocrx_word' id='word_1_67' title='bbox 1516 1825 1595 1888; x_wconf 87' lang='lat' dir='ltr'><strong>boc:</strong></span> 
     </span>
     <span class='ocr_line' id='line_1_8' title="bbox 283 1911 1597 1996; baseline 0.008 -22"><span class='ocrx_word' id='word_1_68' title='bbox 283 1931 475 1996; x_wconf 86' lang='lat' dir='ltr'><strong>quamquam</strong></span> <span class='ocrx_word' id='word_1_69' title='bbox 496 1913 648 1996; x_wconf 89' lang='lat' dir='ltr'><strong>populum</strong></span> <span class='ocrx_word' id='word_1_70' title='bbox 671 1914 846 1976; x_wconf 84' lang='lat' dir='ltr'><strong>Romanum</strong></span> <span class='ocrx_word' id='word_1_71' title='bbox 867 1911 962 1976; x_wconf 92' lang='lat' dir='ltr'><strong>video</strong></span> <span class='ocrx_word' id='word_1_72' title='bbox 982 1933 1040 1996; x_wconf 92' lang='lat' dir='ltr'><strong>pro</strong></span> <span class='ocrx_word' id='word_1_73' title='bbox 1055 1931 1105 1974; x_wconf 90' lang='lat' dir='ltr'><strong>me</strong></span> <span class='ocrx_word' id='word_1_74' title='bbox 1118 1930 1274 1976; x_wconf 85' lang='lat' dir='ltr'><strong>recusare.</strong></span> <span class='ocrx_word' id='word_1_75' title='bbox 1307 1914 1407 1978; x_wconf 88' lang='lat' dir='ltr'><strong>Nemo</strong></span> <span class='ocrx_word' id='word_1_76' title='bbox 1428 1936 1479 1979; x_wconf 92' lang='lat' dir='ltr'><strong>me</strong></span> <span class='ocrx_word' id='word_1_77' title='bbox 1494 1920 1597 1985; x_wconf 85' lang='lat' dir='ltr'><strong>minus</strong></span> 
     </span>
     <span class='ocr_line' id='line_1_9' title="bbox 283 2004 1595 2087; baseline 0.008 -19"><span class='ocrx_word' id='word_1_78' title='bbox 283 2004 430 2081; x_wconf 87' lang='lat' dir='ltr'><strong>timidus,</strong></span> <span class='ocrx_word' id='word_1_79' title='bbox 452 2025 546 2069; x_wconf 93' lang='lat' dir='ltr'><strong>nemo</strong></span> <span class='ocrx_word' id='word_1_80' title='bbox 568 2015 673 2069; x_wconf 92' lang='lat' dir='ltr'><strong>tamen</strong></span> <span class='ocrx_word' id='word_1_81' title='bbox 695 2007 823 2070; x_wconf 89' lang='lat' dir='ltr'><strong>cautior.</strong></span> <span class='ocrx_word' id='word_1_82' title='bbox 858 2007 921 2070; x_wconf 75' lang='lat' dir='ltr'><strong>lies</strong></span> <span class='ocrx_word' id='word_1_83' title='bbox 942 2006 1087 2069; x_wconf 84' lang='lat' dir='ltr'><strong>declarat.</strong></span> <span class='ocrx_word' id='word_1_84' title='bbox 1122 2005 1298 2069; x_wconf 74' lang='lat' dir='ltr'><strong>Vicesimus</strong></span> <span class='ocrx_word' id='word_1_85' title='bbox 1318 2024 1420 2071; x_wconf 91' lang='lat' dir='ltr'><strong>annus</strong></span> <span class='ocrx_word' id='word_1_86' title='bbox 1442 2018 1503 2087; x_wconf 90' lang='lat' dir='ltr'><strong>est,</strong></span> <span class='ocrx_word' id='word_1_87' title='bbox 1525 2034 1595 2077; x_wconf 91' lang='lat' dir='ltr'><strong>cum</strong></span> 
     </span>
     <span class='ocr_line' id='line_1_10' title="bbox 282 2097 1598 2190; baseline 0.006 -27"><span class='ocrx_word' id='word_1_88' title='bbox 282 2119 391 2163; x_wconf 91' lang='lat' dir='ltr'><strong>omnes</strong></span> <span class='ocrx_word' id='word_1_89' title='bbox 412 2099 556 2164; x_wconf 78' lang='lat' dir='ltr'><strong>scelerati</strong></span> <span class='ocrx_word' id='word_1_90' title='bbox 578 2119 629 2162; x_wconf 94' lang='lat' dir='ltr'><strong>me</strong></span> <span class='ocrx_word' id='word_1_91' title='bbox 651 2120 748 2162; x_wconf 90' lang='lat' dir='ltr'><strong>unum</strong></span> <span class='ocrx_word' id='word_1_92' title='bbox 770 2106 890 2182; x_wconf 81' lang='lat' dir='ltr'><strong>petunt</strong></span> <span class='ocrx_word' id='word_1_93' title='bbox 926 2097 1036 2182; x_wconf 84' lang='lat' dir='ltr'><strong>ltaque</strong></span> <span class='ocrx_word' id='word_1_94' title='bbox 1057 2097 1135 2181; x_wconf 89' lang='lat' dir='ltr'><strong>ipsi,</strong></span> <span class='ocrx_word' id='word_1_95' title='bbox 1166 2118 1206 2161; x_wconf 90' lang='lat' dir='ltr'><strong>ne</strong></span> <span class='ocrx_word' id='word_1_96' title='bbox 1228 2099 1330 2163; x_wconf 89' lang='lat' dir='ltr'><strong>dicam</strong></span> <span class='ocrx_word' id='word_1_97' title='bbox 1352 2101 1445 2178; x_wconf 89' lang='lat' dir='ltr'><strong>mibi,</strong></span> <span class='ocrx_word' id='word_1_98' title='bbox 1471 2106 1516 2169; x_wconf 90' lang='lat' dir='ltr'><strong>rei</strong></span> <span class='ocrx_word' id='word_1_99' title='bbox 1539 2128 1598 2190; x_wconf 91' lang='lat' dir='ltr'><strong>pu·</strong></span> 
     </span>
     <span class='ocr_line' id='line_1_11' title="bbox 282 2192 1634 2277; baseline 0.007 -22"><span class='ocrx_word' id='word_1_100' title='bbox 282 2192 382 2257; x_wconf 89' lang='lat' dir='ltr'><strong>blicae</strong></span> <span class='ocrx_word' id='word_1_101' title='bbox 404 2213 524 2277; x_wconf 87' lang='lat' dir='ltr'><strong>poenas</strong></span> <span class='ocrx_word' id='word_1_102' title='bbox 546 2192 716 2256; x_wconf 89' lang='lat' dir='ltr'><strong>dederunt:</strong></span> <span class='ocrx_word' id='word_1_103' title='bbox 746 2213 797 2256; x_wconf 91' lang='lat' dir='ltr'><strong>me</strong></span> <span class='ocrx_word' id='word_1_104' title='bbox 823 2193 942 2256; x_wconf 87' lang='lat' dir='ltr'><strong>salvum</strong></span> <span class='ocrx_word' id='word_1_105' title='bbox 969 2193 1071 2256; x_wconf 88' lang='lat' dir='ltr'><strong>adbuc</strong></span> <span class='ocrx_word' id='word_1_106' title='bbox 1093 2212 1143 2256; x_wconf 91' lang='lat' dir='ltr'><strong>res</strong></span> <span class='ocrx_word' id='word_1_107' title='bbox 1166 2194 1290 2276; x_wconf 86' lang='lat' dir='ltr'><strong>publica</strong></span> <span class='ocrx_word' id='word_1_108' title='bbox 1312 2198 1507 2263; x_wconf 89' lang='lat' dir='ltr'><strong>conservavit</strong></span> <span class='ocrx_word' id='word_1_109' title='bbox 1527 2201 1634 2265; x_wconf 80' lang='lat' dir='ltr'><strong>sibilo</strong></span> 
     </span>
     <span class='ocr_line' id='line_1_12' title="bbox 282 2285 1597 2371; baseline 0.008 -22"><span class='ocrx_word' id='word_1_110' title='bbox 282 2287 405 2351; x_wconf 89' lang='lat' dir='ltr'><strong>Timide</strong></span> <span class='ocrx_word' id='word_1_111' title='bbox 432 2288 493 2352; x_wconf 91' lang='lat' dir='ltr'><strong>boc</strong></span> <span class='ocrx_word' id='word_1_112' title='bbox 522 2287 639 2361; x_wconf 90' lang='lat' dir='ltr'><strong>dicam;</strong></span> <span class='ocrx_word' id='word_1_113' title='bbox 668 2287 735 2350; x_wconf 91' lang='lat' dir='ltr'><strong>scio</strong></span> <span class='ocrx_word' id='word_1_114' title='bbox 765 2288 849 2350; x_wconf 93' lang='lat' dir='ltr'><strong>enim</strong></span> <span class='ocrx_word' id='word_1_115' title='bbox 876 2287 1005 2370; x_wconf 82' lang='lat' dir='ltr'><strong>quidvis</strong></span> <span class='ocrx_word' id='word_1_116' title='bbox 1033 2287 1153 2350; x_wconf 87' lang='lat' dir='ltr'><strong>bomini</strong></span> <span class='ocrx_word' id='word_1_117' title='bbox 1181 2285 1323 2351; x_wconf 81' lang='lat' dir='ltr'><strong>accidere</strong></span> <span class='ocrx_word' id='word_1_118' title='bbox 1344 2308 1458 2371; x_wconf 88' lang='lat' dir='ltr'><strong>posse:</strong></span> <span class='ocrx_word' id='word_1_119' title='bbox 1490 2312 1597 2358; x_wconf 81' lang='lat' dir='ltr'><strong>verum</strong></span> 
     </span>
     <span class='ocr_line' id='line_1_13' title="bbox 282 2380 1600 2461; baseline 0.006 -18"><span class='ocrx_word' id='word_1_120' title='bbox 282 2387 387 2444; x_wconf 73' lang='lat' dir='ltr'><strong>mmeu</strong></span> <span class='ocrx_word' id='word_1_121' title='bbox 410 2380 507 2445; x_wconf 89' lang='lat' dir='ltr'><strong>semel</strong></span> <span class='ocrx_word' id='word_1_122' title='bbox 529 2380 553 2461; x_wconf 89' lang='lat'>†</span> <span class='ocrx_word' id='word_1_123' title='bbox 575 2381 800 2444; x_wconf 85' lang='lat' dir='ltr'><strong>circumsessus</strong></span> <span class='ocrx_word' id='word_1_124' title='bbox 821 2380 911 2445; x_wconf 89' lang='lat' dir='ltr'><strong>lectis</strong></span> <span class='ocrx_word' id='word_1_125' title='bbox 933 2382 1216 2445; x_wconf 80' lang='lat' dir='ltr'><strong>valentissimorum</strong></span> <span class='ocrx_word' id='word_1_126' title='bbox 1236 2381 1400 2446; x_wconf 90' lang='lat' dir='ltr'><strong>bominum</strong></span> <span class='ocrx_word' id='word_1_127' title='bbox 1415 2384 1534 2450; x_wconf 84' lang='lat' dir='ltr'><strong>viribus</strong></span> <span class='ocrx_word' id='word_1_128' title='bbox 1548 2407 1600 2452; x_wconf 91' lang='lat' dir='ltr'><strong>ce·</strong></span> 
     </span>
     <span class='ocr_line' id='line_1_14' title="bbox 283 2470 1599 2560; baseline 0.005 -22"><span class='ocrx_word' id='word_1_129' title='bbox 283 2473 345 2538; x_wconf 89' lang='lat' dir='ltr'><strong>eidi</strong></span> <span class='ocrx_word' id='word_1_130' title='bbox 367 2475 487 2550; x_wconf 86' lang='lat' dir='ltr'><strong>sciens,</strong></span> <span class='ocrx_word' id='word_1_131' title='bbox 508 2484 544 2539; x_wconf 88' lang='lat' dir='ltr'><strong>ut</strong></span> <span class='ocrx_word' id='word_1_132' title='bbox 563 2474 785 2537; x_wconf 84' lang='lat' dir='ltr'><strong>honestissime</strong></span> <span class='ocrx_word' id='word_1_133' title='bbox 809 2495 933 2557; x_wconf 89' lang='lat' dir='ltr'><strong>possem</strong></span> <span class='ocrx_word' id='word_1_134' title='bbox 948 2493 1128 2556; x_wconf 74' lang='lat' dir='ltr'><strong>exsurgere.</strong></span> <span class='ocrx_word' id='word_1_135' title='bbox 1161 2470 1213 2536; x_wconf 78' lang='lat'><strong>25.</strong></span> <span class='ocrx_word' id='word_1_136' title='bbox 1227 2475 1400 2539; x_wconf 86' lang='lat' dir='ltr'><strong>Possumne</strong></span> <span class='ocrx_word' id='word_1_137' title='bbox 1416 2477 1513 2560; x_wconf 71' lang='lat' dir='ltr'><strong>igitur</strong></span> <span class='ocrx_word' id='word_1_138' title='bbox 1525 2483 1599 2545; x_wconf 87' lang='lat' dir='ltr'><strong>satis</strong></span> 
     </span>
     <span class='ocr_line' id='line_1_15' title="bbox 282 2567 1601 2658; baseline 0.006 -27"><span class='ocrx_word' id='word_1_139' title='bbox 282 2568 383 2631; x_wconf 83' lang='lat' dir='ltr'><strong>rideri</strong></span> <span class='ocrx_word' id='word_1_140' title='bbox 414 2575 540 2644; x_wconf 87' lang='lat' dir='ltr'><strong>cautus,</strong></span> <span class='ocrx_word' id='word_1_141' title='bbox 573 2568 649 2632; x_wconf 89' lang='lat' dir='ltr'><strong>satis</strong></span> <span class='ocrx_word' id='word_1_142' title='bbox 680 2567 848 2650; x_wconf 78' lang='lat' dir='ltr'><strong>providus,</strong></span> <span class='ocrx_word' id='word_1_143' title='bbox 879 2568 906 2632; x_wconf 87' lang='lat' dir='ltr'><strong>si</strong></span> <span class='ocrx_word' id='word_1_144' title='bbox 935 2589 985 2631; x_wconf 89' lang='lat' dir='ltr'><strong>me</strong></span> <span class='ocrx_word' id='word_1_145' title='bbox 1014 2567 1087 2630; x_wconf 89' lang='lat' dir='ltr'><strong>buio</strong></span> <span class='ocrx_word' id='word_1_146' title='bbox 1114 2567 1221 2630; x_wconf 90' lang='lat' dir='ltr'><strong>itineri</strong></span> <span class='ocrx_word' id='word_1_147' title='bbox 1248 2575 1313 2631; x_wconf 85' lang='lat' dir='ltr'><strong>tam</strong></span> <span class='ocrx_word' id='word_1_148' title='bbox 1338 2567 1452 2633; x_wconf 79' lang='lat' dir='ltr'><strong>infesto</strong></span> <span class='ocrx_word' id='word_1_149' title='bbox 1473 2580 1601 2658; x_wconf 86' lang='lat' dir='ltr'><strong>tamque</strong></span> 
     </span>
     <span class='ocr_line' id='line_1_16' title="bbox 282 2659 1638 2749; baseline 0.001 -25"><span class='ocrx_word' id='word_1_150' title='bbox 282 2662 463 2745; x_wconf 90' lang='lat' dir='ltr'><strong>periculoso</strong></span> <span class='ocrx_word' id='word_1_151' title='bbox 492 2663 702 2726; x_wconf 75' lang='lat' dir='ltr'><strong>commisero?</strong></span> <span class='ocrx_word' id='word_1_152' title='bbox 732 2662 871 2725; x_wconf 78' lang='lat' dir='ltr'><strong>Gloriam</strong></span> <span class='ocrx_word' id='word_1_153' title='bbox 900 2663 932 2725; x_wconf 95' lang='lat' dir='ltr'><strong>in</strong></span> <span class='ocrx_word' id='word_1_154' title='bbox 963 2669 1062 2724; x_wconf 89' lang='lat' dir='ltr'><strong>morte</strong></span> <span class='ocrx_word' id='word_1_155' title='bbox 1083 2659 1200 2724; x_wconf 88' lang='lat' dir='ltr'><strong>debent</strong></span> <span class='ocrx_word' id='word_1_156' title='bbox 1221 2661 1260 2736; x_wconf 88' lang='lat' dir='ltr'><strong>ii,</strong></span> <span class='ocrx_word' id='word_1_157' title='bbox 1288 2662 1398 2746; x_wconf 87' lang='lat' dir='ltr'><strong>quiin</strong></span> <span class='ocrx_word' id='word_1_158' title='bbox 1420 2683 1454 2728; x_wconf 90' lang='lat' dir='ltr'><strong>re</strong></span> <span class='ocrx_word' id='word_1_159' title='bbox 1476 2667 1638 2749; x_wconf 77' lang='lat' dir='ltr'><strong>publicato</strong></span> 
     </span>
     <span class='ocr_line' id='line_1_17' title="bbox 283 2755 1602 2841; baseline 0.006 -23"><span class='ocrx_word' id='word_1_160' title='bbox 283 2762 462 2829; x_wconf 87' lang='lat' dir='ltr'><strong>versantur,</strong></span> <span class='ocrx_word' id='word_1_161' title='bbox 485 2775 549 2819; x_wconf 93' lang='lat' dir='ltr'><strong>non</strong></span> <span class='ocrx_word' id='word_1_162' title='bbox 572 2755 682 2839; x_wconf 89' lang='lat' dir='ltr'><strong>culpae</strong></span> <span class='ocrx_word' id='word_1_163' title='bbox 704 2755 982 2841; x_wconf 78' lang='lat' dir='ltr'><strong>reprehensionem</strong></span> <span class='ocrx_word' id='word_1_164' title='bbox 1004 2762 1036 2820; x_wconf 90' lang='lat' dir='ltr'><strong>et</strong></span> <span class='ocrx_word' id='word_1_165' title='bbox 1057 2755 1208 2819; x_wconf 88' lang='lat' dir='ltr'><strong>stultitiae</strong></span> <span class='ocrx_word' id='word_1_166' title='bbox 1222 2756 1485 2839; x_wconf 83' lang='lat' dir='ltr'><strong>vituperationem</strong></span> <span class='ocrx_word' id='word_1_167' title='bbox 1506 2762 1602 2826; x_wconf 89' lang='lat' dir='ltr'><strong>relin-</strong></span> 
     </span>
     <span class='ocr_line' id='line_1_18' title="bbox 284 2848 1602 2935; baseline 0.008 -24"><span class='ocrx_word' id='word_1_168' title='bbox 284 2869 392 2933; x_wconf 87' lang='lat' dir='ltr'><strong>quere.</strong></span> <span class='ocrx_word' id='word_1_169' title='bbox 430 2849 509 2926; x_wconf 85' lang='lat' dir='ltr'><strong>Quis</strong></span> <span class='ocrx_word' id='word_1_170' title='bbox 538 2850 639 2913; x_wconf 89' lang='lat' dir='ltr'><strong>bonus</strong></span> <span class='ocrx_word' id='word_1_171' title='bbox 670 2869 735 2914; x_wconf 94' lang='lat' dir='ltr'><strong>non</strong></span> <span class='ocrx_word' id='word_1_172' title='bbox 757 2850 842 2934; x_wconf 70' lang='lat' dir='ltr'><strong>luget</strong></span> <span class='ocrx_word' id='word_1_173' title='bbox 863 2858 994 2913; x_wconf 90' lang='lat' dir='ltr'><strong>mortem</strong></span> <span class='ocrx_word' id='word_1_174' title='bbox 1016 2848 1187 2912; x_wconf 80' lang='lat' dir='ltr'><strong>Trebooiil</strong></span> <span class='ocrx_word' id='word_1_175' title='bbox 1209 2851 1280 2935; x_wconf 85' lang='lat' dir='ltr'><strong>quis</strong></span> <span class='ocrx_word' id='word_1_176' title='bbox 1300 2870 1367 2913; x_wconf 89' lang='lat' dir='ltr'><strong>nou</strong></span> <span class='ocrx_word' id='word_1_177' title='bbox 1388 2851 1473 2917; x_wconf 90' lang='lat' dir='ltr'><strong>dolet</strong></span> <span class='ocrx_word' id='word_1_178' title='bbox 1493 2854 1602 2920; x_wconf 87' lang='lat' dir='ltr'><strong>interi·</strong></span> 
     </span>
     <span class='ocr_line' id='line_1_19' title="bbox 283 2942 1678 3030; baseline 0.007 -25"><span class='ocrx_word' id='word_1_179' title='bbox 283 2951 349 3006; x_wconf 90' lang='lat' dir='ltr'><strong>tum</strong></span> <span class='ocrx_word' id='word_1_180' title='bbox 378 2942 449 3007; x_wconf 90' lang='lat' dir='ltr'><strong>talis</strong></span> <span class='ocrx_word' id='word_1_181' title='bbox 477 2950 509 3007; x_wconf 91' lang='lat' dir='ltr'><strong>et</strong></span> <span class='ocrx_word' id='word_1_182' title='bbox 535 2942 612 3006; x_wconf 89' lang='lat' dir='ltr'><strong>civis</strong></span> <span class='ocrx_word' id='word_1_183' title='bbox 640 2950 671 3006; x_wconf 93' lang='lat' dir='ltr'><strong>et</strong></span> <span class='ocrx_word' id='word_1_184' title='bbox 696 2943 780 3006; x_wconf 78' lang='lat' dir='ltr'><strong>sirit</strong></span> <span class='ocrx_word' id='word_1_185' title='bbox 810 2945 851 3007; x_wconf 85' lang='lat' dir='ltr'><strong>At</strong></span> <span class='ocrx_word' id='word_1_186' title='bbox 880 2950 953 3006; x_wconf 88' lang='lat' dir='ltr'><strong>sunt</strong></span> <span class='ocrx_word' id='word_1_187' title='bbox 975 2943 1028 3026; x_wconf 86' lang='lat' dir='ltr'><strong>qui</strong></span> <span class='ocrx_word' id='word_1_188' title='bbox 1050 2943 1169 3018; x_wconf 86' lang='lat' dir='ltr'><strong>dicant,</strong></span> <span class='ocrx_word' id='word_1_189' title='bbox 1202 2944 1279 3007; x_wconf 90' lang='lat' dir='ltr'><strong>dure</strong></span> <span class='ocrx_word' id='word_1_190' title='bbox 1300 2945 1513 3030; x_wconf 66' lang='lat' dir='ltr'><strong>illi0quidem,</strong></span> <span class='ocrx_word' id='word_1_191' title='bbox 1546 2951 1601 3014; x_wconf 91' lang='lat' dir='ltr'><strong>sed</strong></span> <span class='ocrx_word' id='word_1_192' title='bbox 1676 2992 1678 2998; x_wconf 91' lang='lat'>·</span> 
     </span>
     <span class='ocr_line' id='line_1_20' title="bbox 284 3035 1602 3125; baseline 0.005 -26"><span class='ocrx_word' id='word_1_193' title='bbox 284 3044 389 3099; x_wconf 89' lang='lat' dir='ltr'><strong>tamen</strong></span> <span class='ocrx_word' id='word_1_194' title='bbox 409 3037 536 3101; x_wconf 90' lang='lat' dir='ltr'><strong>dicunt:</strong></span> <span class='ocrx_word' id='word_1_195' title='bbox 559 3036 661 3099; x_wconf 89' lang='lat' dir='ltr'><strong>minus</strong></span> <span class='ocrx_word' id='word_1_196' title='bbox 685 3037 872 3111; x_wconf 90' lang='lat' dir='ltr'><strong>dolendum,</strong></span> <span class='ocrx_word' id='word_1_197' title='bbox 895 3035 981 3120; x_wconf 86' lang='lat' dir='ltr'><strong>quod</strong></span> <span class='ocrx_word' id='word_1_198' title='bbox 1004 3035 1044 3100; x_wconf 86' lang='lat' dir='ltr'><strong>ab</strong></span> <span class='ocrx_word' id='word_1_199' title='bbox 1058 3036 1185 3099; x_wconf 91' lang='lat' dir='ltr'><strong>bomine</strong></span> <span class='ocrx_word' id='word_1_200' title='bbox 1200 3037 1324 3120; x_wconf 89' lang='lat' dir='ltr'><strong>impuro</strong></span> <span class='ocrx_word' id='word_1_201' title='bbox 1338 3038 1523 3125; x_wconf 78' lang='lat' dir='ltr'><strong>nefarioque</strong></span> <span class='ocrx_word' id='word_1_202' title='bbox 1537 3062 1602 3106; x_wconf 90' lang='lat' dir='ltr'><strong>non</strong></span> 
     </span>
     <span class='ocr_line' id='line_1_21' title="bbox 283 3125 1639 3219; baseline 0.003 -26"><span class='ocrx_word' id='word_1_203' title='bbox 283 3131 410 3194; x_wconf 87' lang='lat' dir='ltr'><strong>caverit.</strong></span> <span class='ocrx_word' id='word_1_204' title='bbox 451 3131 576 3193; x_wconf 83' lang='lat' dir='ltr'><strong>Etenim</strong></span> <span class='ocrx_word' id='word_1_205' title='bbox 605 3130 660 3213; x_wconf 89' lang='lat' dir='ltr'><strong>qui</strong></span> <span class='ocrx_word' id='word_1_206' title='bbox 689 3131 858 3195; x_wconf 89' lang='lat' dir='ltr'><strong>multorum</strong></span> <span class='ocrx_word' id='word_1_207' title='bbox 884 3128 1046 3194; x_wconf 88' lang='lat' dir='ltr'><strong>custodem</strong></span> <span class='ocrx_word' id='word_1_208' title='bbox 1069 3150 1103 3193; x_wconf 87' lang='lat' dir='ltr'><strong>se</strong></span> <span class='ocrx_word' id='word_1_209' title='bbox 1124 3125 1322 3212; x_wconf 85' lang='lat' dir='ltr'><strong>profiteatur,</strong></span> <span class='ocrx_word' id='word_1_210' title='bbox 1352 3150 1422 3196; x_wconf 93' lang='lat' dir='ltr'><strong>eum</strong></span> <span class='ocrx_word' id='word_1_211' title='bbox 1445 3136 1639 3219; x_wconf 82' lang='lat' dir='ltr'><strong>sapientesto</strong></span> 
     </span>
     <span class='ocr_line' id='line_1_22' title="bbox 284 3223 1601 3311; baseline 0.002 -24"><span class='ocrx_word' id='word_1_212' title='bbox 284 3224 333 3287; x_wconf 90' lang='lat' dir='ltr'><strong>sui</strong></span> <span class='ocrx_word' id='word_1_213' title='bbox 354 3226 490 3309; x_wconf 90' lang='lat' dir='ltr'><strong>primum</strong></span> <span class='ocrx_word' id='word_1_214' title='bbox 512 3224 621 3309; x_wconf 90' lang='lat' dir='ltr'><strong>capitis</strong></span> <span class='ocrx_word' id='word_1_215' title='bbox 643 3225 733 3289; x_wconf 92' lang='lat' dir='ltr'><strong>aiunt</strong></span> <span class='ocrx_word' id='word_1_216' title='bbox 753 3224 916 3289; x_wconf 86' lang='lat' dir='ltr'><strong>custodem</strong></span> <span class='ocrx_word' id='word_1_217' title='bbox 938 3243 1008 3288; x_wconf 89' lang='lat' dir='ltr'><strong>esse</strong></span> <span class='ocrx_word' id='word_1_218' title='bbox 1030 3230 1186 3306; x_wconf 85' lang='lat' dir='ltr'><strong>oportere.</strong></span> <span class='ocrx_word' id='word_1_219' title='bbox 1221 3223 1297 3287; x_wconf 82' lang='lat' dir='ltr'><strong>Cum</strong></span> <span class='ocrx_word' id='word_1_220' title='bbox 1319 3232 1446 3309; x_wconf 86' lang='lat' dir='ltr'><strong>saeptus</strong></span> <span class='ocrx_word' id='word_1_221' title='bbox 1467 3227 1510 3290; x_wconf 88' lang='lat' dir='ltr'><strong>sis</strong></span> <span class='ocrx_word' id='word_1_222' title='bbox 1526 3227 1601 3311; x_wconf 75' lang='lat' dir='ltr'><strong>legi·</strong></span> 
     </span>
     <span class='ocr_line' id='line_1_23' title="bbox 283 3315 1600 3401; baseline 0.005 -23"><span class='ocrx_word' id='word_1_223' title='bbox 283 3315 343 3380; x_wconf 85' lang='lat' dir='ltr'><strong>bus</strong></span> <span class='ocrx_word' id='word_1_224' title='bbox 365 3324 396 3381; x_wconf 90' lang='lat' dir='ltr'><strong>et</strong></span> <span class='ocrx_word' id='word_1_225' title='bbox 416 3317 604 3381; x_wconf 89' lang='lat' dir='ltr'><strong>iudiciorum</strong></span> <span class='ocrx_word' id='word_1_226' title='bbox 625 3324 729 3392; x_wconf 92' lang='lat' dir='ltr'><strong>metu,</strong></span> <span class='ocrx_word' id='word_1_227' title='bbox 759 3339 822 3383; x_wconf 89' lang='lat' dir='ltr'><strong>non</strong></span> <span class='ocrx_word' id='word_1_228' title='bbox 850 3326 924 3381; x_wconf 90' lang='lat' dir='ltr'><strong>sunt</strong></span> <span class='ocrx_word' id='word_1_229' title='bbox 946 3317 1051 3381; x_wconf 91' lang='lat' dir='ltr'><strong>omnia</strong></span> <span class='ocrx_word' id='word_1_230' title='bbox 1072 3315 1212 3380; x_wconf 89' lang='lat' dir='ltr'><strong>timenda</strong></span> <span class='ocrx_word' id='word_1_231' title='bbox 1232 3337 1337 3401; x_wconf 79' lang='lat' dir='ltr'><strong>neque</strong></span> <span class='ocrx_word' id='word_1_232' title='bbox 1359 3317 1400 3381; x_wconf 85' lang='lat' dir='ltr'><strong>ad</strong></span> <span class='ocrx_word' id='word_1_233' title='bbox 1421 3340 1530 3384; x_wconf 90' lang='lat' dir='ltr'><strong>omnes</strong></span> <span class='ocrx_word' id='word_1_234' title='bbox 1551 3321 1600 3384; x_wconf 92' lang='lat' dir='ltr'><strong>in·</strong></span> 
     </span>
     <span class='ocr_line' id='line_1_24' title="bbox 285 3409 1602 3494; baseline 0.004 -22"><span class='ocrx_word' id='word_1_235' title='bbox 285 3409 381 3473; x_wconf 91' lang='lat' dir='ltr'><strong>sidias</strong></span> <span class='ocrx_word' id='word_1_236' title='bbox 403 3410 560 3493; x_wconf 90' lang='lat' dir='ltr'><strong>praesidia</strong></span> <span class='ocrx_word' id='word_1_237' title='bbox 582 3412 770 3494; x_wconf 87' lang='lat' dir='ltr'><strong>quaerenda.</strong></span> <span class='ocrx_word' id='word_1_238' title='bbox 809 3411 887 3487; x_wconf 89' lang='lat' dir='ltr'><strong>Quis</strong></span> <span class='ocrx_word' id='word_1_239' title='bbox 910 3411 994 3473; x_wconf 91' lang='lat' dir='ltr'><strong>enim</strong></span> <span class='ocrx_word' id='word_1_240' title='bbox 1015 3411 1130 3473; x_wconf 88' lang='lat' dir='ltr'><strong>audeat</strong></span> <span class='ocrx_word' id='word_1_241' title='bbox 1150 3409 1231 3485; x_wconf 88' lang='lat' dir='ltr'><strong>luci,</strong></span> <span class='ocrx_word' id='word_1_242' title='bbox 1255 3411 1326 3493; x_wconf 89' lang='lat' dir='ltr'><strong>quis</strong></span> <span class='ocrx_word' id='word_1_243' title='bbox 1348 3412 1381 3473; x_wconf 95' lang='lat' dir='ltr'><strong>in</strong></span> <span class='ocrx_word' id='word_1_244' title='bbox 1401 3413 1526 3477; x_wconf 85' lang='lat' dir='ltr'><strong>militari</strong></span> <span class='ocrx_word' id='word_1_245' title='bbox 1541 3414 1602 3490; x_wconf 89' lang='lat' dir='ltr'><strong>via,</strong></span> 
     </span>
     <span class='ocr_line' id='line_1_25' title="bbox 284 3501 1604 3589; baseline 0.004 -24"><span class='ocrx_word' id='word_1_246' title='bbox 284 3503 354 3587; x_wconf 88' lang='lat' dir='ltr'><strong>quis</strong></span> <span class='ocrx_word' id='word_1_247' title='bbox 375 3503 457 3568; x_wconf 89' lang='lat' dir='ltr'><strong>bene</strong></span> <span class='ocrx_word' id='word_1_248' title='bbox 479 3504 678 3579; x_wconf 88' lang='lat' dir='ltr'><strong>comitatum,</strong></span> <span class='ocrx_word' id='word_1_249' title='bbox 702 3506 775 3587; x_wconf 88' lang='lat' dir='ltr'><strong>quis</strong></span> <span class='ocrx_word' id='word_1_250' title='bbox 796 3505 950 3568; x_wconf 89' lang='lat' dir='ltr'><strong>illustrem</strong></span> <span class='ocrx_word' id='word_1_251' title='bbox 965 3502 1118 3587; x_wconf 75' lang='lat' dir='ltr'><strong>aggredit</strong></span> <span class='ocrx_word' id='word_1_252' title='bbox 1160 3501 1212 3566; x_wconf 77' lang='lat'><strong>26.</strong></span> <span class='ocrx_word' id='word_1_253' title='bbox 1227 3505 1315 3567; x_wconf 86' lang='lat' dir='ltr'><strong>llaec</strong></span> <span class='ocrx_word' id='word_1_254' title='bbox 1329 3524 1434 3589; x_wconf 78' lang='lat' dir='ltr'><strong>neque</strong></span> <span class='ocrx_word' id='word_1_255' title='bbox 1448 3505 1509 3569; x_wconf 88' lang='lat' dir='ltr'><strong>boc</strong></span> <span class='ocrx_word' id='word_1_256' title='bbox 1524 3513 1604 3570; x_wconf 91' lang='lat' dir='ltr'><strong>tem-</strong></span> 
     </span>
     <span class='ocr_line' id='line_1_26' title="bbox 283 3597 1640 3686; baseline 0.006 -29"><span class='ocrx_word' id='word_1_257' title='bbox 283 3614 360 3679; x_wconf 92' lang='lat' dir='ltr'><strong>pore</strong></span> <span class='ocrx_word' id='word_1_258' title='bbox 382 3617 488 3681; x_wconf 89' lang='lat' dir='ltr'><strong>neque</strong></span> <span class='ocrx_word' id='word_1_259' title='bbox 510 3599 542 3661; x_wconf 92' lang='lat' dir='ltr'><strong>in</strong></span> <span class='ocrx_word' id='word_1_260' title='bbox 564 3618 614 3660; x_wconf 92' lang='lat' dir='ltr'><strong>me</strong></span> <span class='ocrx_word' id='word_1_261' title='bbox 635 3599 756 3662; x_wconf 89' lang='lat' dir='ltr'><strong>valent:</strong></span> <span class='ocrx_word' id='word_1_262' title='bbox 778 3617 842 3661; x_wconf 91' lang='lat' dir='ltr'><strong>non</strong></span> <span class='ocrx_word' id='word_1_263' title='bbox 865 3597 960 3662; x_wconf 92' lang='lat' dir='ltr'><strong>modo</strong></span> <span class='ocrx_word' id='word_1_264' title='bbox 983 3598 1066 3660; x_wconf 92' lang='lat' dir='ltr'><strong>enim</strong></span> <span class='ocrx_word' id='word_1_265' title='bbox 1087 3615 1223 3681; x_wconf 84' lang='lat' dir='ltr'><strong>poenam</strong></span> <span class='ocrx_word' id='word_1_266' title='bbox 1246 3616 1310 3661; x_wconf 89' lang='lat' dir='ltr'><strong>nou</strong></span> <span class='ocrx_word' id='word_1_267' title='bbox 1325 3598 1522 3673; x_wconf 83' lang='lat' dir='ltr'><strong>extimescet,</strong></span> <span class='ocrx_word' id='word_1_268' title='bbox 1545 3601 1640 3686; x_wconf 65' lang='lat' dir='ltr'><strong>quin</strong></span> 
     </span>
     <span class='ocr_line' id='line_1_27' title="bbox 283 3690 1603 3778; baseline 0.005 -26"><span class='ocrx_word' id='word_1_269' title='bbox 283 3690 361 3754; x_wconf 91' lang='lat' dir='ltr'><strong>mibi</strong></span> <span class='ocrx_word' id='word_1_270' title='bbox 388 3693 451 3755; x_wconf 70' lang='lat' dir='ltr'><strong>dm</strong></span> <span class='ocrx_word' id='word_1_271' title='bbox 480 3693 636 3769; x_wconf 89' lang='lat' dir='ltr'><strong>attulerit,</strong></span> <span class='ocrx_word' id='word_1_272' title='bbox 666 3694 721 3757; x_wconf 92' lang='lat' dir='ltr'><strong>sed</strong></span> <span class='ocrx_word' id='word_1_273' title='bbox 752 3693 846 3756; x_wconf 88' lang='lat' dir='ltr'><strong>etiam</strong></span> <span class='ocrx_word' id='word_1_274' title='bbox 876 3692 1007 3775; x_wconf 79' lang='lat' dir='ltr'><strong>gloriam</strong></span> <span class='ocrx_word' id='word_1_275' title='bbox 1030 3691 1166 3775; x_wconf 87' lang='lat' dir='ltr'><strong>sperabit</strong></span> <span class='ocrx_word' id='word_1_276' title='bbox 1186 3710 1206 3754; x_wconf 89' lang='lat' dir='ltr'><strong>a</strong></span> <span class='ocrx_word' id='word_1_277' title='bbox 1225 3690 1382 3756; x_wconf 85' lang='lat' dir='ltr'><strong>latronum</strong></span> <span class='ocrx_word' id='word_1_278' title='bbox 1402 3693 1549 3778; x_wconf 70' lang='lat' dir='ltr'><strong>gregibus</strong></span> <span class='ocrx_word' id='word_1_279' title='bbox 1571 3702 1603 3760; x_wconf 88' lang='lat' dir='ltr'><strong>et</strong></span> 
     </span>
     <span class='ocr_line' id='line_1_28' title="bbox 282 3803 431 3867; baseline 0.02 -21"><span class='ocrx_word' id='word_1_280' title='bbox 282 3803 431 3867; x_wconf 90' lang='lat' dir='ltr'><strong>praemra.</strong></span> 
     </span>
    </p>

    <p class='ocr_par' dir='ltr' id='par_1_4' title="bbox 282 3877 1635 4247">
     <span class='ocr_line' id='line_1_29' title="bbox 366 3877 1601 3965; baseline 0.003 -23"><span class='ocrx_word' id='word_1_281' title='bbox 366 3880 421 3942; x_wconf 86' lang='lat' dir='ltr'><strong>xl.</strong></span> <span class='ocrx_word' id='word_1_282' title='bbox 442 3880 529 3944; x_wconf 86' lang='lat' dir='ltr'><strong>llaec</strong></span> <span class='ocrx_word' id='word_1_283' title='bbox 558 3900 617 3964; x_wconf 76' lang='lat' dir='ltr'><strong>ego</strong></span> <span class='ocrx_word' id='word_1_284' title='bbox 648 3881 682 3943; x_wconf 90' lang='lat' dir='ltr'><strong>in</strong></span> <span class='ocrx_word' id='word_1_285' title='bbox 710 3879 787 3943; x_wconf 90' lang='lat' dir='ltr'><strong>urbe</strong></span> <span class='ocrx_word' id='word_1_286' title='bbox 814 3879 983 3965; x_wconf 82' lang='lat' dir='ltr'><strong>provideo:</strong></span> <span class='ocrx_word' id='word_1_287' title='bbox 1015 3877 1118 3942; x_wconf 83' lang='lat' dir='ltr'><strong>facilis</strong></span> <span class='ocrx_word' id='word_1_288' title='bbox 1146 3885 1194 3943; x_wconf 93' lang='lat' dir='ltr'><strong>est</strong></span> <span class='ocrx_word' id='word_1_289' title='bbox 1223 3879 1485 3964; x_wconf 86' lang='lat' dir='ltr'><strong>circumspectus,</strong></span> <span class='ocrx_word' id='word_1_290' title='bbox 1516 3881 1601 3947; x_wconf 88' lang='lat' dir='ltr'><strong>unde</strong></span> 
     </span>
     <span class='ocr_line' id='line_1_30' title="bbox 284 3971 1600 4057; baseline 0.003 -24"><span class='ocrx_word' id='word_1_291' title='bbox 284 3990 411 4047; x_wconf 83' lang='lat' dir='ltr'><strong>exeam,</strong></span> <span class='ocrx_word' id='word_1_292' title='bbox 433 3992 498 4057; x_wconf 86' lang='lat' dir='ltr'><strong>quo</strong></span> <span class='ocrx_word' id='word_1_293' title='bbox 520 3973 720 4056; x_wconf 77' lang='lat' dir='ltr'><strong>progrediar,</strong></span> <span class='ocrx_word' id='word_1_294' title='bbox 743 3971 820 4057; x_wconf 88' lang='lat' dir='ltr'><strong>quid</strong></span> <span class='ocrx_word' id='word_1_295' title='bbox 842 3971 1080 4045; x_wconf 70' lang='lat' dir='ltr'><strong>addentem,</strong></span> <span class='ocrx_word' id='word_1_296' title='bbox 1102 3972 1176 4054; x_wconf 85' lang='lat' dir='ltr'><strong>quid</strong></span> <span class='ocrx_word' id='word_1_297' title='bbox 1198 3972 1238 4036; x_wconf 91' lang='lat' dir='ltr'><strong>ad</strong></span> <span class='ocrx_word' id='word_1_298' title='bbox 1259 3972 1416 4037; x_wconf 89' lang='lat' dir='ltr'><strong>sinistram</strong></span> <span class='ocrx_word' id='word_1_299' title='bbox 1437 3973 1487 4037; x_wconf 82' lang='lat' dir='ltr'><strong>sit</strong></span> <span class='ocrx_word' id='word_1_300' title='bbox 1518 3975 1600 4038; x_wconf 88' lang='lat' dir='ltr'><strong>Num</strong></span> 
     </span>
     <span class='ocr_line' id='line_1_31' title="bbox 282 4064 1635 4150; baseline 0.004 -22"><span class='ocrx_word' id='word_1_301' title='bbox 282 4066 367 4129; x_wconf 90' lang='lat' dir='ltr'><strong>idem</strong></span> <span class='ocrx_word' id='word_1_302' title='bbox 393 4066 427 4129; x_wconf 92' lang='lat' dir='ltr'><strong>in</strong></span> <span class='ocrx_word' id='word_1_303' title='bbox 456 4067 635 4150; x_wconf 78' lang='lat' dir='ltr'><strong>Appennini</strong></span> <span class='ocrx_word' id='word_1_304' title='bbox 663 4066 841 4131; x_wconf 90' lang='lat' dir='ltr'><strong>tramitibus</strong></span> <span class='ocrx_word' id='word_1_305' title='bbox 868 4064 971 4130; x_wconf 82' lang='lat' dir='ltr'><strong>lacere</strong></span> <span class='ocrx_word' id='word_1_306' title='bbox 998 4066 1129 4148; x_wconf 74' lang='lat' dir='ltr'><strong>potero?</strong></span> <span class='ocrx_word' id='word_1_307' title='bbox 1160 4065 1193 4128; x_wconf 92' lang='lat' dir='ltr'><strong>in</strong></span> <span class='ocrx_word' id='word_1_308' title='bbox 1221 4065 1335 4149; x_wconf 85' lang='lat' dir='ltr'><strong>quibus</strong></span> <span class='ocrx_word' id='word_1_309' title='bbox 1363 4064 1456 4129; x_wconf 89' lang='lat' dir='ltr'><strong>etiam</strong></span> <span class='ocrx_word' id='word_1_310' title='bbox 1485 4065 1512 4129; x_wconf 86' lang='lat' dir='ltr'><strong>si</strong></span> <span class='ocrx_word' id='word_1_311' title='bbox 1533 4084 1635 4134; x_wconf 82' lang='lat' dir='ltr'><strong>nouae</strong></span> 
     </span>
     <span class='ocr_line' id='line_1_32' title="bbox 283 4157 1599 4247; baseline 0 -25"><span class='ocrx_word' id='word_1_312' title='bbox 283 4166 375 4223; x_wconf 90' lang='lat' dir='ltr'><strong>erunt</strong></span> <span class='ocrx_word' id='word_1_313' title='bbox 395 4159 545 4237; x_wconf 86' lang='lat' dir='ltr'><strong>insidiae,</strong></span> <span class='ocrx_word' id='word_1_314' title='bbox 568 4181 650 4247; x_wconf 88' lang='lat' dir='ltr'><strong>quae</strong></span> <span class='ocrx_word' id='word_1_315' title='bbox 672 4160 821 4227; x_wconf 79' lang='lat' dir='ltr'><strong>facillime</strong></span> <span class='ocrx_word' id='word_1_316' title='bbox 836 4178 904 4223; x_wconf 88' lang='lat' dir='ltr'><strong>osse</strong></span> <span class='ocrx_word' id='word_1_317' title='bbox 918 4164 1083 4243; x_wconf 87' lang='lat' dir='ltr'><strong>poterunt,</strong></span> <span class='ocrx_word' id='word_1_318' title='bbox 1105 4157 1227 4222; x_wconf 85' lang='lat' dir='ltr'><strong>animus</strong></span> <span class='ocrx_word' id='word_1_319' title='bbox 1244 4166 1349 4223; x_wconf 71' lang='lat' dir='ltr'><strong>umen</strong></span> <span class='ocrx_word' id='word_1_320' title='bbox 1361 4157 1599 4236; x_wconf 78' lang='lat' dir='ltr'><strong>eritsollicitus,</strong></span> 
     </span>
    </p>
   </div>
   <div class='ocr_carea' id='block_1_4' title="bbox 280 4437 1603 5851">
    <p class='ocr_par' dir='ltr' id='par_1_5' title="bbox 280 4437 1599 5324">
     <span class='ocr_line' id='line_1_33' title="bbox 348 4437 1598 4502; baseline 0.004 -15"><span class='ocrx_word' id='word_1_321' title='bbox 348 4438 372 4488; x_wconf 93' lang='grc'><strong>8.</strong></span> <span class='ocrx_word' id='word_1_322' title='bbox 390 4438 427 4489; x_wconf 82' lang='lat' dir='ltr'><strong>ire</strong></span> <span class='ocrx_word' id='word_1_323' title='bbox 449 4451 525 4489; x_wconf 74' lang='lat' dir='ltr'><strong>earnes</strong></span> <span class='ocrx_word' id='word_1_324' title='bbox 545 4452 595 4488; x_wconf 84' lang='lat' dir='ltr'><strong>eoa</strong></span> <span class='ocrx_word' id='word_1_325' title='bbox 613 4438 661 4488; x_wconf 80' lang='lat' dir='ltr'><strong>aim</strong></span> <span class='ocrx_word' id='word_1_326' title='bbox 676 4438 719 4489; x_wconf 91' lang='lat' dir='ltr'><strong>ed.</strong></span> <span class='ocrx_word' id='word_1_327' title='bbox 736 4437 795 4489; x_wconf 83' lang='lat' dir='ltr'><strong>Ald.</strong></span> <span class='ocrx_word' id='word_1_328' title='bbox 814 4464 841 4475; x_wconf 88' lang='lat'><em>-</em></span> <span class='ocrx_word' id='word_1_329' title='bbox 865 4441 890 4491; x_wconf 88' lang='grc'><strong>8.</strong></span> <span class='ocrx_word' id='word_1_330' title='bbox 910 4439 1000 4490; x_wconf 66' lang='lat' dir='ltr'><strong>ambo.</strong></span> <span class='ocrx_word' id='word_1_331' title='bbox 1017 4438 1134 4489; x_wconf 68' lang='lat' dir='ltr'><strong>nonde</strong></span> <span class='ocrx_word' id='word_1_332' title='bbox 1149 4439 1209 4502; x_wconf 79' lang='lat' dir='ltr'><strong>agt</strong></span> <span class='ocrx_word' id='word_1_333' title='bbox 1227 4463 1254 4475; x_wconf 95' lang='lat'><em>-</em></span> <span class='ocrx_word' id='word_1_334' title='bbox 1277 4437 1371 4502; x_wconf 69' lang='lat' dir='ltr'><strong>deam]</strong></span> <span class='ocrx_word' id='word_1_335' title='bbox 1388 4443 1416 4489; x_wconf 86' lang='lat' dir='ltr'><strong>ot</strong></span> <span class='ocrx_word' id='word_1_336' title='bbox 1431 4451 1447 4490; x_wconf 84' lang='lat' dir='ltr'><strong>e</strong></span> <span class='ocrx_word' id='word_1_337' title='bbox 1465 4466 1492 4476; x_wconf 96' lang='lat'>-</span> <span class='ocrx_word' id='word_1_338' title='bbox 1509 4453 1598 4492; x_wconf 76' lang='lat' dir='ltr'><strong>moneo</strong></span> 
     </span>
     <span class='ocr_line' id='line_1_34' title="bbox 283 4510 1597 4577; baseline 0.002 -14"><span class='ocrx_word' id='word_1_339' title='bbox 283 4513 846 4577; x_wconf 76' lang='lat' dir='ltr'><strong>om.i-sib:ststat;sistcgio-</strong></span> <span class='ocrx_word' id='word_1_340' title='bbox 870 4510 1597 4577; x_wconf 73' lang='lat' dir='ltr'><strong>moneor-3.stotetreoa-l.paroatres0relll</strong></span> 
     </span>
     <span class='ocr_line' id='line_1_35' title="bbox 283 4586 1596 4655; baseline 0.002 -18"><span class='ocrx_word' id='word_1_341' title='bbox 283 4587 310 4638; x_wconf 85' lang='lat' dir='ltr'><strong>iu</strong></span> <span class='ocrx_word' id='word_1_342' title='bbox 325 4586 414 4639; x_wconf 89' lang='lat' dir='ltr'><strong>ednot.</strong></span> <span class='ocrx_word' id='word_1_343' title='bbox 427 4591 582 4653; x_wconf 78' lang='lat' dir='ltr'><strong>(praeeunte</strong></span> <span class='ocrx_word' id='word_1_344' title='bbox 594 4589 746 4651; x_wconf 80' lang='lat' dir='ltr'><strong>subnotato,</strong></span> <span class='ocrx_word' id='word_1_345' title='bbox 765 4591 811 4655; x_wconf 86' lang='lat' dir='ltr'><strong>qul</strong></span> <span class='ocrx_word' id='word_1_346' title='bbox 827 4590 931 4655; x_wconf 85' lang='lat' dir='ltr'><strong>scripsit</strong></span> <span class='ocrx_word' id='word_1_347' title='bbox 945 4593 1036 4653; x_wconf 62' lang='lat' dir='ltr'><strong>repom</strong></span> <span class='ocrx_word' id='word_1_348' title='bbox 1049 4589 1110 4651; x_wconf 72' lang='lat' dir='ltr'><strong>rest:</strong></span> <span class='ocrx_word' id='word_1_349' title='bbox 1126 4591 1278 4652; x_wconf 67' lang='lat' dir='ltr'><strong>repentest</strong></span> <span class='ocrx_word' id='word_1_350' title='bbox 1292 4590 1317 4647; x_wconf 86' lang='grc'><strong>8;</strong></span> <span class='ocrx_word' id='word_1_351' title='bbox 1335 4600 1415 4652; x_wconf 71' lang='lat' dir='ltr'><strong>noso</strong></span> <span class='ocrx_word' id='word_1_352' title='bbox 1429 4600 1470 4640; x_wconf 80' lang='lat' dir='ltr'><strong>ras</strong></span> <span class='ocrx_word' id='word_1_353' title='bbox 1484 4587 1596 4653; x_wconf 73' lang='lat' dir='ltr'><strong>abgiO</strong></span> 
     </span>
     <span class='ocr_line' id='line_1_36' title="bbox 286 4660 1597 4728; baseline 0.002 -16"><span class='ocrx_word' id='word_1_354' title='bbox 286 4687 313 4698; x_wconf 93' lang='lat'><em>-</em></span> <span class='ocrx_word' id='word_1_355' title='bbox 331 4660 357 4713; x_wconf 89' lang='grc'><strong>8.</strong></span> <span class='ocrx_word' id='word_1_356' title='bbox 374 4662 464 4714; x_wconf 58' lang='lat' dir='ltr'><strong>&amp;dica</strong></span> <span class='ocrx_word' id='word_1_357' title='bbox 483 4665 495 4715; x_wconf 91' lang='lat' dir='ltr'><strong>t</strong></span> <span class='ocrx_word' id='word_1_358' title='bbox 512 4690 539 4701; x_wconf 94' lang='lat'><em>-</em></span> <span class='ocrx_word' id='word_1_359' title='bbox 563 4665 659 4714; x_wconf 68' lang='lat' dir='ltr'><strong>mmet</strong></span> <span class='ocrx_word' id='word_1_360' title='bbox 675 4662 768 4715; x_wconf 84' lang='lat' dir='ltr'><strong>codd:</strong></span> <span class='ocrx_word' id='word_1_361' title='bbox 796 4665 887 4715; x_wconf 65' lang='lat' dir='ltr'><strong>met</strong></span> <span class='ocrx_word' id='word_1_362' title='bbox 907 4663 1029 4720; x_wconf 76' lang='lat' dir='ltr'><strong>Ursinus3</strong></span> <span class='ocrx_word' id='word_1_363' title='bbox 1054 4661 1194 4711; x_wconf 66' lang='lat' dir='ltr'><strong>osward</strong></span> <span class='ocrx_word' id='word_1_364' title='bbox 1209 4662 1265 4711; x_wconf 84' lang='lat' dir='ltr'><strong>lteu</strong></span> <span class='ocrx_word' id='word_1_365' title='bbox 1281 4661 1317 4723; x_wconf 90' lang='lat'><strong>11,</strong></span> <span class='ocrx_word' id='word_1_366' title='bbox 1334 4674 1362 4727; x_wconf 92' lang='lat' dir='ltr'><strong>p.</strong></span> <span class='ocrx_word' id='word_1_367' title='bbox 1380 4661 1441 4722; x_wconf 67' lang='grc'><strong>888,</strong></span> <span class='ocrx_word' id='word_1_368' title='bbox 1467 4666 1495 4714; x_wconf 80' lang='lat' dir='ltr'><strong>ot</strong></span> <span class='ocrx_word' id='word_1_369' title='bbox 1511 4664 1597 4728; x_wconf 83' lang='lat' dir='ltr'><strong>potius</strong></span> 
     </span>
     <span class='ocr_line' id='line_1_37' title="bbox 285 4732 1597 4804; baseline 0.002 -17"><span class='ocrx_word' id='word_1_370' title='bbox 285 4739 453 4800; x_wconf 84' lang='lat' dir='ltr'><strong>exspectares</strong></span> <span class='ocrx_word' id='word_1_371' title='bbox 472 4738 565 4791; x_wconf 89' lang='lat' dir='ltr'><strong>lortius</strong></span> <span class='ocrx_word' id='word_1_372' title='bbox 585 4740 709 4802; x_wconf 88' lang='lat' dir='ltr'><strong>verbum,</strong></span> <span class='ocrx_word' id='word_1_373' title='bbox 727 4741 757 4790; x_wconf 89' lang='lat' dir='ltr'><strong>ot</strong></span> <span class='ocrx_word' id='word_1_374' title='bbox 774 4742 911 4804; x_wconf 77' lang='lat' dir='ltr'><strong>orpueoat,</strong></span> <span class='ocrx_word' id='word_1_375' title='bbox 927 4736 1059 4787; x_wconf 65' lang='lat' dir='ltr'><strong>comdant</strong></span> <span class='ocrx_word' id='word_1_376' title='bbox 1074 4734 1193 4786; x_wconf 86' lang='lat' dir='ltr'><strong>slmileve</strong></span> <span class='ocrx_word' id='word_1_377' title='bbox 1209 4732 1288 4784; x_wconf 89' lang='lat' dir='ltr'><strong>eliud.</strong></span> <span class='ocrx_word' id='word_1_378' title='bbox 1316 4733 1394 4785; x_wconf 85' lang='lat' dir='ltr'><strong>Orelli</strong></span> <span class='ocrx_word' id='word_1_379' title='bbox 1409 4735 1540 4800; x_wconf 82' lang='lat' dir='ltr'><strong>vulgatum</strong></span> <span class='ocrx_word' id='word_1_380' title='bbox 1557 4739 1597 4790; x_wconf 87' lang='lat' dir='ltr'><strong>ste</strong></span> 
     </span>
     <span class='ocr_line' id='line_1_38' title="bbox 285 4807 1596 4878; baseline 0.002 -18"><span class='ocrx_word' id='word_1_381' title='bbox 285 4809 412 4875; x_wconf 80' lang='lat' dir='ltr'><strong>explicat:</strong></span> <span class='ocrx_word' id='word_1_382' title='bbox 437 4812 557 4865; x_wconf 80' lang='lat' dir='ltr'><strong>·odorint</strong></span> <span class='ocrx_word' id='word_1_383' title='bbox 576 4827 606 4864; x_wconf 90' lang='lat' dir='ltr'><strong>re</strong></span> <span class='ocrx_word' id='word_1_384' title='bbox 628 4827 692 4864; x_wconf 83' lang='lat' dir='ltr'><strong>sera</strong></span> <span class='ocrx_word' id='word_1_385' title='bbox 715 4816 852 4878; x_wconf 69' lang='lat' dir='ltr'><strong>nmquam</strong></span> <span class='ocrx_word' id='word_1_386' title='bbox 871 4812 975 4863; x_wconf 86' lang='lat' dir='ltr'><strong>hostem</strong></span> <span class='ocrx_word' id='word_1_387' title='bbox 997 4811 1149 4871; x_wconf 76' lang='lat' dir='ltr'><strong>Antonium,</strong></span> <span class='ocrx_word' id='word_1_388' title='bbox 1172 4821 1226 4860; x_wconf 90' lang='lat' dir='ltr'><strong>non</strong></span> <span class='ocrx_word' id='word_1_389' title='bbox 1249 4807 1374 4859; x_wconf 84' lang='lat' dir='ltr'><strong>simulent</strong></span> <span class='ocrx_word' id='word_1_390' title='bbox 1389 4811 1490 4861; x_wconf 84' lang='lat' dir='ltr'><strong>tontum</strong></span> <span class='ocrx_word' id='word_1_391' title='bbox 1506 4810 1596 4863; x_wconf 90' lang='lat' dir='ltr'><strong>odium</strong></span> 
     </span>
     <span class='ocr_line' id='line_1_39' title="bbox 284 4881 1599 4952; baseline 0.002 -18"><span class='ocrx_word' id='word_1_392' title='bbox 284 4884 411 4938; x_wconf 83' lang='lat' dir='ltr'><strong>adversus</strong></span> <span class='ocrx_word' id='word_1_393' title='bbox 428 4901 503 4950; x_wconf 83' lang='lat' dir='ltr'><strong>oum,</strong></span> <span class='ocrx_word' id='word_1_394' title='bbox 521 4887 586 4938; x_wconf 90' lang='lat' dir='ltr'><strong>dum</strong></span> <span class='ocrx_word' id='word_1_395' title='bbox 603 4887 671 4939; x_wconf 89' lang='lat' dir='ltr'><strong>clem</strong></span> <span class='ocrx_word' id='word_1_396' title='bbox 689 4889 745 4939; x_wconf 87' lang='lat' dir='ltr'><strong>eius</strong></span> <span class='ocrx_word' id='word_1_397' title='bbox 762 4887 881 4952; x_wconf 75' lang='lat' dir='ltr'><strong>partibus</strong></span> <span class='ocrx_word' id='word_1_398' title='bbox 897 4885 1030 4937; x_wconf 79' lang='lat' dir='ltr'><strong>student·</strong></span> <span class='ocrx_word' id='word_1_399' title='bbox 1049 4883 1087 4935; x_wconf 89' lang='lat' dir='ltr'><strong>cl.</strong></span> <span class='ocrx_word' id='word_1_400' title='bbox 1105 4883 1172 4946; x_wconf 87' lang='lat' dir='ltr'><strong>lnpr.</strong></span> <span class='ocrx_word' id='word_1_401' title='bbox 1191 4895 1230 4933; x_wconf 89' lang='lat' dir='ltr'><strong>or.</strong></span> <span class='ocrx_word' id='word_1_402' title='bbox 1242 4883 1311 4943; x_wconf 75' lang='grc'><strong>8888,</strong></span> <span class='ocrx_word' id='word_1_403' title='bbox 1329 4881 1404 4947; x_wconf 66' lang='lat' dir='ltr'><strong>glo:</strong></span> <span class='ocrx_word' id='word_1_404' title='bbox 1421 4885 1526 4947; x_wconf 70' lang='lat' dir='ltr'><strong>odram,</strong></span> <span class='ocrx_word' id='word_1_405' title='bbox 1537 4886 1599 4936; x_wconf 78' lang='lat' dir='ltr'><strong>irott</strong></span> 
     </span>
     <span class='ocr_line' id='line_1_40' title="bbox 280 4956 1599 5026; baseline -0.004 -12"><span class='ocrx_word' id='word_1_406' title='bbox 280 4963 834 5026; x_wconf 68' lang='lat' dir='ltr'><strong>poenam-aamtoccopoveobt:</strong></span> <span class='ocrx_word' id='word_1_407' title='bbox 858 4956 1599 5024; x_wconf 58' lang='lat' dir='ltr'><strong>omegiO-betmssmestimtdtdtcimr</strong></span> 
     </span>
     <span class='ocr_line' id='line_1_41' title="bbox 283 5029 1597 5102; baseline -0.002 -16"><span class='ocrx_word' id='word_1_408' title='bbox 283 5037 424 5098; x_wconf 74' lang='lat' dir='ltr'><strong>Gmterus3</strong></span> <span class='ocrx_word' id='word_1_409' title='bbox 444 5041 474 5086; x_wconf 78' lang='lat' dir='ltr'><strong>ot</strong></span> <span class='ocrx_word' id='word_1_410' title='bbox 490 5038 600 5102; x_wconf 67' lang='lat' dir='ltr'><strong>faemos</strong></span> <span class='ocrx_word' id='word_1_411' title='bbox 618 5036 699 5089; x_wconf 80' lang='lat' dir='ltr'><strong>Klotz.</strong></span> <span class='ocrx_word' id='word_1_412' title='bbox 726 5040 792 5100; x_wconf 84' lang='lat' dir='ltr'><strong>Nos,</strong></span> <span class='ocrx_word' id='word_1_413' title='bbox 815 5049 876 5088; x_wconf 91' lang='lat' dir='ltr'><strong>cum</strong></span> <span class='ocrx_word' id='word_1_414' title='bbox 898 5037 998 5086; x_wconf 85' lang='lat' dir='ltr'><strong>incerta</strong></span> <span class='ocrx_word' id='word_1_415' title='bbox 1014 5034 1049 5086; x_wconf 85' lang='lat' dir='ltr'><strong>sit</strong></span> <span class='ocrx_word' id='word_1_416' title='bbox 1065 5031 1230 5095; x_wconf 87' lang='lat' dir='ltr'><strong>emendatio,</strong></span> <span class='ocrx_word' id='word_1_417' title='bbox 1252 5030 1381 5082; x_wconf 81' lang='lat' dir='ltr'><strong>librorum</strong></span> <span class='ocrx_word' id='word_1_418' title='bbox 1398 5029 1538 5084; x_wconf 83' lang='lat' dir='ltr'><strong>lectionem</strong></span> <span class='ocrx_word' id='word_1_419' title='bbox 1555 5035 1597 5084; x_wconf 92' lang='lat' dir='ltr'><strong>in·</strong></span> 
     </span>
     <span class='ocr_line' id='line_1_42' title="bbox 282 5107 1596 5176; baseline -0.002 -16"><span class='ocrx_word' id='word_1_420' title='bbox 282 5111 381 5162; x_wconf 69' lang='lat' dir='ltr'><strong>netem</strong></span> <span class='ocrx_word' id='word_1_421' title='bbox 401 5110 613 5176; x_wconf 76' lang='lat' dir='ltr'><strong>reliquimus·</strong></span> <span class='ocrx_word' id='word_1_422' title='bbox 637 5113 661 5164; x_wconf 87' lang='lat'><strong>6.</strong></span> <span class='ocrx_word' id='word_1_423' title='bbox 679 5113 857 5164; x_wconf 65' lang='grc'><strong>888888888-</strong></span> <span class='ocrx_word' id='word_1_424' title='bbox 881 5111 905 5161; x_wconf 84' lang='grc'><strong>7.</strong></span> <span class='ocrx_word' id='word_1_425' title='bbox 922 5123 962 5160; x_wconf 81' lang='lat' dir='ltr'><strong>ose</strong></span> <span class='ocrx_word' id='word_1_426' title='bbox 982 5121 1035 5160; x_wconf 92' lang='lat' dir='ltr'><strong>om</strong></span> <span class='ocrx_word' id='word_1_427' title='bbox 1053 5121 1117 5158; x_wconf 86' lang='lat' dir='ltr'><strong>a·</strong></span> <span class='ocrx_word' id='word_1_428' title='bbox 1139 5107 1164 5158; x_wconf 84' lang='lat'><strong>8.</strong></span> <span class='ocrx_word' id='word_1_429' title='bbox 1181 5120 1253 5157; x_wconf 80' lang='lat' dir='ltr'><strong>nemo</strong></span> <span class='ocrx_word' id='word_1_430' title='bbox 1274 5107 1471 5156; x_wconf 67' lang='lat' dir='ltr'><strong>mansuer</strong></span> <span class='ocrx_word' id='word_1_431' title='bbox 1485 5108 1596 5172; x_wconf 85' lang='lat' dir='ltr'><strong>scripsi</strong></span> 
     </span>
     <span class='ocr_line' id='line_1_43' title="bbox 281 5179 1598 5251; baseline -0.007 -14"><span class='ocrx_word' id='word_1_432' title='bbox 281 5180 534 5249; x_wconf 62' lang='lat' dir='ltr'><strong>oenotdcoottorn</strong></span> <span class='ocrx_word' id='word_1_433' title='bbox 560 5193 714 5239; x_wconf 77' lang='lat' dir='ltr'><strong>tammum.</strong></span> <span class='ocrx_word' id='word_1_434' title='bbox 727 5187 884 5251; x_wconf 59' lang='grc'><strong>888380-</strong></span> <span class='ocrx_word' id='word_1_435' title='bbox 902 5182 1181 5249; x_wconf 68' lang='lat' dir='ltr'><strong>dpsoambgio-</strong></span> <span class='ocrx_word' id='word_1_436' title='bbox 1199 5179 1520 5244; x_wconf 76' lang='lat' dir='ltr'><strong>9lpst1moiprreat-</strong></span> <span class='ocrx_word' id='word_1_437' title='bbox 1537 5181 1598 5230; x_wconf 72' lang='grc'><strong>88888</strong></span> 
     </span>
     <span class='ocr_line' id='line_1_44' title="bbox 281 5253 1597 5324; baseline -0.008 -10"><span class='ocrx_word' id='word_1_438' title='bbox 281 5262 754 5324; x_wconf 67' lang='lat' dir='ltr'><strong>recommoventotmedusom.</strong></span> <span class='ocrx_word' id='word_1_439' title='bbox 768 5264 842 5314; x_wconf 87' lang='lat' dir='ltr'><strong>ai·</strong></span> <span class='ocrx_word' id='word_1_440' title='bbox 814 5261 897 5311; x_wconf 89' lang='lat' dir='ltr'><strong>-t⁰.</strong></span> <span class='ocrx_word' id='word_1_441' title='bbox 909 5257 1121 5310; x_wconf 70' lang='lat' dir='ltr'><strong>menoet-</strong></span> <span class='ocrx_word' id='word_1_442' title='bbox 1135 5257 1176 5307; x_wconf 85' lang='lat' dir='ltr'><strong>tt.</strong></span> <span class='ocrx_word' id='word_1_443' title='bbox 1188 5254 1364 5305; x_wconf 61' lang='lat' dir='ltr'><strong>maderet-</strong></span> <span class='ocrx_word' id='word_1_444' title='bbox 1379 5253 1418 5304; x_wconf 93' lang='grc'><strong>88.</strong></span> <span class='ocrx_word' id='word_1_445' title='bbox 1430 5253 1597 5305; x_wconf 75' lang='lat' dir='ltr'><strong>modomb</strong></span> 
     </span>
    </p>

    <p class='ocr_par' dir='ltr' id='par_1_6' title="bbox 280 5327 1602 5702">
     <span class='ocr_line' id='line_1_45' title="bbox 283 5327 1600 5402; baseline -0.006 -15.735"><span class='ocrx_word' id='word_1_446' title='bbox 283 5335 619 5402; x_wconf 64' lang='lat' dir='ltr'><strong>-csreomseseoabgn</strong></span> <span class='ocrx_word' id='word_1_447' title='bbox 641 5338 841 5396; x_wconf 58' lang='lat' dir='ltr'><strong>rememorem</strong></span> <span class='ocrx_word' id='word_1_448' title='bbox 859 5333 1180 5396; x_wconf 65' lang='lat' dir='ltr'><strong>commoneremus,</strong></span> <span class='ocrx_word' id='word_1_449' title='bbox 1199 5329 1257 5379; x_wconf 82' lang='lat' dir='ltr'><strong>tort.</strong></span> <span class='ocrx_word' id='word_1_450' title='bbox 1275 5327 1462 5385; x_wconf 60' lang='lat' dir='ltr'><strong>drouncluson</strong></span> <span class='ocrx_word' id='word_1_451' title='bbox 1480 5327 1600 5379; x_wconf 84' lang='lat' dir='ltr'><strong>nomle·</strong></span> 
     </span>
     <span class='ocr_line' id='line_1_46' title="bbox 283 5402 1600 5476; baseline -0.008 -16"><span class='ocrx_word' id='word_1_452' title='bbox 283 5410 335 5460; x_wconf 84' lang='lat' dir='ltr'><strong>etto</strong></span> <span class='ocrx_word' id='word_1_453' title='bbox 351 5409 421 5476; x_wconf 75' lang='lat' dir='ltr'><strong>vulg.</strong></span> <span class='ocrx_word' id='word_1_454' title='bbox 434 5425 487 5464; x_wconf 92' lang='lat' dir='ltr'><strong>uon</strong></span> <span class='ocrx_word' id='word_1_455' title='bbox 503 5413 591 5464; x_wconf 89' lang='lat' dir='ltr'><strong>minus</strong></span> <span class='ocrx_word' id='word_1_456' title='bbox 605 5410 669 5462; x_wconf 85' lang='lat' dir='ltr'><strong>talea</strong></span> <span class='ocrx_word' id='word_1_457' title='bbox 684 5411 789 5462; x_wconf 87' lang='lat' dir='ltr'><strong>videtur</strong></span> <span class='ocrx_word' id='word_1_458' title='bbox 801 5423 883 5475; x_wconf 84' lang='lat' dir='ltr'><strong>quam</strong></span> <span class='ocrx_word' id='word_1_459' title='bbox 898 5422 968 5474; x_wconf 85' lang='lat' dir='ltr'><strong>quae</strong></span> <span class='ocrx_word' id='word_1_460' title='bbox 984 5409 1104 5473; x_wconf 81' lang='lat' dir='ltr'><strong>sequitur</strong></span> <span class='ocrx_word' id='word_1_461' title='bbox 1119 5407 1234 5456; x_wconf 69' lang='grc'><strong>888888-</strong></span> <span class='ocrx_word' id='word_1_462' title='bbox 1250 5404 1365 5463; x_wconf 61' lang='lat' dir='ltr'><strong>lactem</strong></span> <span class='ocrx_word' id='word_1_463' title='bbox 1384 5403 1442 5454; x_wconf 84' lang='lat' dir='ltr'><strong>tort</strong></span> <span class='ocrx_word' id='word_1_464' title='bbox 1459 5402 1552 5466; x_wconf 69' lang='lat' dir='ltr'><strong>tosmts</strong></span> <span class='ocrx_word' id='word_1_465' title='bbox 1567 5430 1600 5440; x_wconf 94' lang='lat'>-</span> 
     </span>
     <span class='ocr_line' id='line_1_47' title="bbox 283 5476 1601 5553; baseline -0.009 -16"><span class='ocrx_word' id='word_1_466' title='bbox 283 5484 324 5535; x_wconf 89' lang='grc'><strong>83.</strong></span> <span class='ocrx_word' id='word_1_467' title='bbox 342 5489 531 5551; x_wconf 59' lang='lat' dir='ltr'><strong>mawron</strong></span> <span class='ocrx_word' id='word_1_468' title='bbox 554 5489 695 5553; x_wconf 60' lang='lat' dir='ltr'><strong>maweu</strong></span> <span class='ocrx_word' id='word_1_469' title='bbox 715 5486 1095 5549; x_wconf 68' lang='lat' dir='ltr'><strong>otbmesdsdmoexserparem</strong></span> <span class='ocrx_word' id='word_1_470' title='bbox 1112 5480 1180 5532; x_wconf 88' lang='lat' dir='ltr'><strong>coni.</strong></span> <span class='ocrx_word' id='word_1_471' title='bbox 1193 5479 1361 5530; x_wconf 81' lang='lat' dir='ltr'><strong>Garatoni-</strong></span> <span class='ocrx_word' id='word_1_472' title='bbox 1379 5476 1420 5530; x_wconf 86' lang='lat' dir='ltr'><strong>tl.</strong></span> <span class='ocrx_word' id='word_1_473' title='bbox 1433 5479 1601 5540; x_wconf 67' lang='lat' dir='ltr'><strong>improce-</strong></span> 
     </span>
     <span class='ocr_line' id='line_1_48' title="bbox 283 5552 1602 5625; baseline -0.005 -17"><span class='ocrx_word' id='word_1_474' title='bbox 283 5559 399 5608; x_wconf 82' lang='lat' dir='ltr'><strong>lorot-</strong></span> <span class='ocrx_word' id='word_1_475' title='bbox 420 5562 459 5613; x_wconf 84' lang='grc'><strong>88.</strong></span> <span class='ocrx_word' id='word_1_476' title='bbox 477 5561 645 5612; x_wconf 78' lang='lat' dir='ltr'><strong>tuom-h</strong></span> <span class='ocrx_word' id='word_1_477' title='bbox 661 5560 743 5622; x_wconf 62' lang='lat' dir='ltr'><strong>tem</strong></span> <span class='ocrx_word' id='word_1_478' title='bbox 761 5559 1101 5625; x_wconf 21' lang='lat' dir='ltr'><strong>big-ttmodmeg</strong></span> <span class='ocrx_word' id='word_1_479' title='bbox 1119 5554 1323 5607; x_wconf 66' lang='grc'><strong>8888888888-</strong></span> <span class='ocrx_word' id='word_1_480' title='bbox 1338 5552 1489 5602; x_wconf 74' lang='lat' dir='ltr'><strong>atcuett-</strong></span> <span class='ocrx_word' id='word_1_481' title='bbox 1508 5552 1602 5602; x_wconf 70' lang='grc'><strong>8888-</strong></span> 
     </span>
     <span class='ocr_line' id='line_1_49' title="bbox 280 5625 1601 5702; baseline -0.008 -15"><span class='ocrx_word' id='word_1_482' title='bbox 280 5637 503 5700; x_wconf 67' lang='lat' dir='ltr'><strong>pereas-20.</strong></span> <span class='ocrx_word' id='word_1_483' title='bbox 521 5631 1095 5702; x_wconf 71' lang='lat' dir='ltr'><strong>eom10omt-a-tseptost-sab-</strong></span> <span class='ocrx_word' id='word_1_484' title='bbox 1114 5631 1364 5683; x_wconf 55' lang='grc' dir='ltr'><strong>888888οω8-</strong></span> <span class='ocrx_word' id='word_1_485' title='bbox 1382 5625 1601 5679; x_wconf 67' lang='grc'><strong>888888888888</strong></span> 
     </span>
    </p>

    <p class='ocr_par' dir='ltr' id='par_1_7' title="bbox 286 5699 1603 5851">
     <span class='ocr_line' id='line_1_50' title="bbox 287 5699 1603 5774; baseline -0.006 -13.717"><span class='ocrx_word' id='word_1_486' title='bbox 287 5709 619 5763; x_wconf 45' lang='lat' dir='ltr'><strong>·m-tbeottmssattbi</strong></span> <span class='ocrx_word' id='word_1_487' title='bbox 636 5711 679 5763; x_wconf 91' lang='grc'><strong>88.</strong></span> <span class='ocrx_word' id='word_1_488' title='bbox 696 5711 889 5774; x_wconf 65' lang='lat' dir='ltr'><strong>woolte-</strong></span> <span class='ocrx_word' id='word_1_489' title='bbox 855 5709 946 5761; x_wconf 88' lang='grc'><strong>-.88</strong></span> <span class='ocrx_word' id='word_1_490' title='bbox 964 5722 1100 5774; x_wconf 78' lang='lat' dir='ltr'><strong>erpon-</strong></span> <span class='ocrx_word' id='word_1_491' title='bbox 1073 5703 1254 5757; x_wconf 75' lang='lat' dir='ltr'><strong>-rrrbit-</strong></span> <span class='ocrx_word' id='word_1_492' title='bbox 1269 5699 1603 5767; x_wconf 58' lang='lat' dir='ltr'><strong>praemonueram</strong></span> 
     </span>
     <span class='ocr_line' id='line_1_51' title="bbox 286 5775 1603 5851; baseline -0.005 -17"><span class='ocrx_word' id='word_1_493' title='bbox 286 5784 440 5848; x_wconf 79' lang='lat' dir='ltr'><strong>agtio-</strong></span> <span class='ocrx_word' id='word_1_494' title='bbox 454 5782 598 5851; x_wconf 72' lang='grc'><strong>[88888-</strong></span> <span class='ocrx_word' id='word_1_495' title='bbox 616 5786 657 5837; x_wconf 90' lang='grc'><strong>88.</strong></span> <span class='ocrx_word' id='word_1_496' title='bbox 675 5786 887 5848; x_wconf 74' lang='lat' dir='ltr'><strong>weomleomt;</strong></span> <span class='ocrx_word' id='word_1_497' title='bbox 905 5781 977 5846; x_wconf 73' lang='lat' dir='ltr'><strong>criti</strong></span> <span class='ocrx_word' id='word_1_498' title='bbox 996 5798 1021 5835; x_wconf 89' lang='lat' dir='ltr'><strong>e</strong></span> <span class='ocrx_word' id='word_1_499' title='bbox 1038 5780 1238 5844; x_wconf 59' lang='grc'><strong>8888888888-</strong></span> <span class='ocrx_word' id='word_1_500' title='bbox 1204 5776 1468 5840; x_wconf 76' lang='lat' dir='ltr'><strong>-dretaromgtiz</strong></span> <span class='ocrx_word' id='word_1_501' title='bbox 1486 5775 1603 5828; x_wconf 64' lang='lat' dir='ltr'><strong>mora</strong></span> 
     </span>
    </p>
   </div>
   <div class='ocr_carea' id='block_1_5' title="bbox 286 5855 1383 6008">
    <p class='ocr_par' dir='ltr' id='par_1_8' title="bbox 286 5855 1383 6008">
     <span class='ocr_line' id='line_1_52' title="bbox 286 5855 1357 5929; baseline -0.004 -21"><span class='ocrx_word' id='word_1_502' title='bbox 286 5858 402 5910; x_wconf 84' lang='lat' dir='ltr'><strong>abo-</strong></span> <span class='ocrx_word' id='word_1_503' title='bbox 417 5859 458 5912; x_wconf 88' lang='grc'><strong>88</strong></span> <span class='ocrx_word' id='word_1_504' title='bbox 476 5860 644 5929; x_wconf 77' lang='lat' dir='ltr'><strong>inlota</strong></span> <span class='ocrx_word' id='word_1_505' title='bbox 609 5861 886 5926; x_wconf 66' lang='lat' dir='ltr'><strong>apparescunt</strong></span> <span class='ocrx_word' id='word_1_506' title='bbox 904 5857 1152 5924; x_wconf 61' lang='lat' dir='ltr'><strong>opemktblo</strong></span> <span class='ocrx_word' id='word_1_507' title='bbox 1165 5855 1357 5920; x_wconf 70' lang='lat' dir='ltr'><strong>tomumt.</strong></span> 
     </span>
     <span class='ocr_line' id='line_1_53' title="bbox 327 5943 1383 6008; baseline 0.007 -7"><span class='ocrx_word' id='word_1_508' title='bbox 327 5949 493 6002; x_wconf 75' lang='lat' dir='ltr'><strong>eurenn</strong></span> <span class='ocrx_word' id='word_1_509' title='bbox 1341 5943 1383 6008; x_wconf 87' lang='grc'><strong>87</strong></span> 
     </span>
    </p>
   </div>
   <div class='ocr_carea' id='block_1_6' title="bbox 0 0 1906 7348">
    <p class='ocr_par' dir='ltr' id='par_1_9' title="bbox 0 0 1906 7348">
     <span class='ocr_line' id='line_1_54' title="bbox 0 0 1906 7348; baseline 0 0"><span class='ocrx_word' id='word_1_510' title='bbox 0 0 1906 7348; x_wconf 95' lang='lat' dir='ltr'><strong> </strong></span> 
     </span>
    </p>
   </div>
  </div>
 </body>
</html>
