3800 7350
303 1192 386 1261 4340
732 1202 883 1267 ORATIO
906 1202 1129 1267 PHILIPPICA
1148 1203 1203 1266 III.

303 1372 414 1455 optimi
436 1368 491 1434 lilii
514 1369 778 1455 fidelissimaeque
793 1373 934 1455 coniugis
957 1372 1120 1453 diligentia
1141 1374 1239 1435 vitare
1261 1373 1426 1453 potuisset.
1463 1370 1493 1434 6.
1509 1375 1551 1436 at
1571 1372 1627 1436 ille

305 1488 375 1530 cum
397 1466 531 1539 videret,
553 1466 579 1528 si
601 1475 723 1528 vestrae
745 1467 921 1529 auctoritati
945 1486 1010 1529 non
1032 1468 1201 1548 paruisset,
1226 1465 1410 1531 dissimilem
1433 1489 1468 1531 se
1485 1467 1625 1531 futurum

305 1560 370 1634 sui,
392 1560 442 1622 sin
463 1562 633 1641 paruisset,
656 1580 770 1622 munus
793 1559 852 1623 sibi
876 1559 954 1622 illud
975 1580 1031 1644 pro
1046 1580 1080 1623 re
1095 1560 1220 1644 publica
1236 1569 1414 1643 susceptum
1430 1562 1515 1625 vitae
1531 1559 1625 1625 finem

304 1654 389 1726 iore,
412 1652 520 1715 maluit
541 1653 574 1715 iu
596 1654 733 1717 maximo
756 1653 800 1715 rei
823 1652 967 1735 publicae
987 1653 1167 1717 discrimine
1183 1654 1281 1717 emori
1298 1674 1390 1736 quam
1407 1656 1511 1718 minus
1529 1676 1623 1739 quam

280 1747 458 1831 opotuisset
478 1748 577 1810 videri
604 1747 650 1809 rei
679 1747 824 1832 publicae
846 1749 1013 1831 profuisse.
1059 1749 1166 1812 Multis
1186 1749 1232 1811 illi
1256 1749 1287 1810 in
1310 1749 1457 1823 urbibus,
1479 1751 1625 1832 iterque

302 1841 451 1917 iaciebat,
473 1839 634 1906 reficiendi
655 1863 690 1906 se
712 1850 744 1905 44
765 1841 896 1904 curandi
920 1852 1059 1926 potestas
1073 1842 1143 1906 tuis.
1175 1844 1292 1906 Aderat
1304 1842 1465 1924 hospitum
1480 1843 1623 1907 invitatio

303 1935 442 1999 liberalis
463 1955 522 2019 pro
546 1934 698 2017 dignitate
719 1936 834 1999 summi
849 1937 908 1999 viri
928 1945 1082 2002 eteorum
1097 1937 1249 2011 hortatio,
1272 1938 1327 2021 qui
1342 1957 1407 2001 una
1421 1946 1513 2000 erant
1527 1939 1624 2013 missi,

201 2047 209 2069 ⁰
303 2029 344 2092 ad
365 2029 626 2112 requiescendum
649 2038 682 2094 et
702 2030 785 2094 vitae
807 2049 883 2095 suae
906 2031 1146 2095 consulendum.
1181 2033 1222 2094 At
1243 2031 1297 2094 ille
1319 2050 1508 2114 properans,
1536 2031 1625 2097 festi·

303 2144 399 2199 nans,
422 2124 568 2189 mandata
589 2134 692 2190 vestra
713 2126 867 2190 conficere
889 2124 1037 2208 cupiens,
1059 2126 1093 2187 in
1114 2124 1173 2187 bac
1195 2126 1369 2188 constantia
1390 2125 1498 2188 morbo
1515 2127 1625 2188 adver·

266 2226 392 2283 sonante
425 2221 646 2300 perseveravit.
697 2218 727 2283 7.
757 2221 853 2285 Cuius
884 2240 955 2283 cum
983 2221 1120 2283 adventu
1150 2220 1284 2283 maxime
1313 2220 1511 2302 perturbatus
1541 2232 1626 2287 esset

303 2313 475 2387 Antonius,
507 2313 593 2397 quod
624 2334 678 2388 ea,
708 2335 791 2398 quae
820 2314 880 2379 sibi
902 2315 990 2377 iussu
1013 2322 1123 2378 vestro.
1138 2314 1413 2389 denuntiarentur,
1442 2317 1624 2379 auctoritate

303 2415 394 2471 erant
423 2414 455 2470 et
483 2408 639 2471 sententia
669 2407 736 2471 Ser.
759 2408 891 2491 Sulpicii
913 2408 1096 2481 constituta,
1126 2408 1298 2471 declaravit
1319 2429 1412 2491 quam
1435 2409 1554 2471 odisset
1576 2432 1626 2472 se·

303 2507 426 2573 uatum,
454 2520 525 2564 com
552 2510 713 2566 auctorem
741 2510 868 2566 senatus
898 2502 1087 2566 exstinctum
1116 2502 1198 2565 laete
1225 2510 1320 2586 atque
1347 2503 1521 2567 insolenter
1542 2504 1625 2567 tulit.

303 2596 373 2658 Non
396 2595 491 2677 igitur
512 2597 610 2679 magis
633 2598 781 2679 Leptines
804 2597 967 2660 Octavium
991 2616 1048 2659 nec
1062 2597 1242 2660 Veientium
1264 2618 1322 2660 rex
1337 2617 1408 2670 eos,
1430 2616 1512 2679 quos
1528 2597 1625 2660 modo

265 2702 293 2750 se
303 2688 479 2763 nominavi,
501 2710 598 2773 quam
620 2690 686 2753 Ser.
709 2691 885 2773 Sulpicium
906 2690 1021 2754 occidit
1037 2691 1204 2754 Antonius.
1239 2693 1269 2753 Is
1286 2693 1368 2754 enim
1383 2690 1525 2773 proiecto
1541 2711 1626 2755 mor-

303 2790 368 2847 tem
394 2784 512 2859 attulit,
542 2785 598 2868 qui
624 2804 717 2848 causa
740 2784 848 2848 mortis
870 2784 942 2848 tuit.
990 2784 1146 2861 Quocirca
1168 2785 1262 2848 etiem
1284 2786 1325 2847 ad
1346 2784 1536 2868 posteritatis
1560 2806 1626 2848 me·

303 2878 434 2940 moriam
460 2880 618 2962 pertinere
646 2879 780 2942 arbitror
808 2887 948 2954 exstare,
978 2880 1064 2962 quod
1092 2878 1186 2942 luerit
1216 2879 1255 2942 de
1283 2878 1344 2941 boc
1367 2878 1450 2941 bello
1472 2880 1625 2943 iudicium

304 2980 443 3035 senatus.
478 2975 546 3038 Erit
565 2974 648 3036 enim
670 2980 772 3036 statua
795 2974 864 3057 ipsa
885 2973 975 3036 testis
998 2973 1115 3036 bellum
1136 2982 1197 3036 tam
1219 2993 1313 3056 grave
1335 2971 1450 3047 fuisse,
1472 2981 1509 3035 ut
1530 2973 1624 3055 legati

304 3065 449 3129 interitus
470 3066 601 3130 bononis
624 3069 807 3131 memoriam
829 3075 1014 3131 consecutus
1036 3068 1086 3131 sit.
1123 3067 1174 3129 IV.
1190 3064 1219 3129 8.
1237 3067 1329 3142 Quod
1346 3066 1373 3129 si
1389 3068 1626 3131 excusationem

267 3157 371 3221 toSer.
394 3160 543 3243 Sulpicii,
565 3168 669 3244 patres
692 3161 876 3244 conscripti,
898 3160 1066 3242 legationis
1088 3160 1253 3224 obeundae
1275 3161 1431 3224 recordari
1451 3161 1627 3235 volueritis,

304 3251 391 3314 nulla
413 3253 566 3319 dubitatio
588 3256 784 3338 relinquetur
805 3255 882 3338 quin
904 3254 1023 3318 bonore
1046 3256 1177 3329 mortui,
1200 3276 1293 3338 quam
1316 3257 1387 3318 viro
1410 3255 1559 3319 iniuriam
1580 3256 1627 3319 fe-

305 3345 422 3422 cimus,
444 3350 626 3413 sarciamus.
646 3351 726 3436 ,vos
750 3351 850 3423 enim,
872 3357 978 3432 patres
1001 3350 1185 3431 conscripti,
1208 3383 1250 3394 -
1271 3370 1364 3431 grave
1381 3350 1466 3413 dictu
1482 3358 1546 3426 est,
1569 3350 1626 3414 sed

305 3439 473 3504 dicendum
497 3450 664 3506 tamen-
686 3464 761 3517 vos,
792 3445 935 3527 inquam,
963 3444 1030 3507 Ser.
1053 3443 1226 3527 Sulpicium
1248 3445 1311 3508 vita
1335 3444 1500 3529 privastis:
1530 3464 1626 3528 quem

305 3555 377 3599 oum
406 3536 561 3601 videretis>
584 3558 617 3602 re
645 3539 744 3620 magis
772 3537 915 3601 morbum
942 3559 1037 3622 qrram
1066 3539 1207 3602 oratione
1237 3547 1454 3612 excusantem,
1481 3558 1546 3600 non
1568 3559 1626 3602 ros

266 3631 434 3714 tequidem
456 3631 599 3696 crudeles
621 3631 726 3696 fuistis
748 3631 881 3717 -quid
904 3633 987 3696 enirn
1012 3634 1114 3697 minus
1137 3634 1167 3695 in
1191 3632 1274 3696 bunc
1289 3633 1431 3696 ordinem
1454 3633 1626 3696 convenit?

306 3757 345 3772 -
368 3725 423 3789 sed
446 3747 518 3789 oum
540 3728 707 3810 speraretis
729 3726 808 3789 nibil
830 3747 914 3802 esse,
937 3728 1023 3811 quod
1046 3748 1109 3791 non
1124 3727 1209 3791 illius
1224 3729 1408 3791 auctoritate
1424 3734 1455 3789 et
1470 3728 1626 3810 sapientia

306 3816 386 3883 ellici
409 3828 530 3904 posset,
554 3821 771 3885 vehementius
793 3822 989 3884 excusationi
1011 3821 1176 3884 obstitistis
1198 3829 1293 3904 atque
1315 3842 1403 3894 eum,
1425 3820 1481 3902 qui
1502 3840 1627 3901 semper

305 3922 442 3978 vestrum
475 3934 664 3978 consensum
698 3916 914 3998 gravissimum
948 3915 1167 3990 iudicavisset,
1200 3915 1239 3977 de
1272 3915 1427 3977 sententia
1455 3913 1626 3977 deiecistis.

305 4005 334 4068 9.
358 4008 397 4070 Ut
417 4027 493 4070 vero
523 4009 642 4073 Pansae
672 4008 811 4071 consulis
832 4009 966 4070 accessit
987 4008 1160 4072 cohortatio
1183 4009 1306 4091 gravior
1328 4029 1422 4090 quarn
1440 4029 1536 4080 'aures
1560 4009 1626 4071 Ser.

267 4099 438 4182 ³oSoIpicii
460 4100 542 4164 ferre
566 4102 766 4176 didicissent,
788 4111 853 4165 tum
875 4122 950 4163 vero
973 4101 1110 4185 denique
1133 4101 1230 4165 lilium
1253 4122 1367 4186 meque
1390 4103 1517 4166 seduxit
1531 4112 1626 4185 atquc

305 4195 348 4258 ita
370 4193 493 4257 Iocutus
515 4202 579 4270 est,
608 4203 643 4258 ut
664 4196 880 4260 auctoritatem
902 4202 1038 4258 vestram
1060 4197 1143 4258 ritae
1166 4216 1241 4259 suae
1262 4217 1296 4258 sc
1319 4197 1440 4259 diceret
1460 4196 1626 4260 anteferre.

307 4287 401 4353 Cuius
423 4309 482 4353 nos
504 4289 649 4353 virtutem
672 4290 814 4353 admirati
837 4308 901 4352 non
923 4292 992 4353 ausi
1014 4311 1122 4353 sumus
1144 4291 1303 4354 adversari
1322 4289 1486 4353 voluntati.
1522 4292 1628 4354 blove-

371 4627 394 4675 t.
411 4625 448 4689 fils·
464 4621 495 4672 V¹
509 4650 535 4661 -
553 4624 738 4688 fidelissimeque
750 4623 785 4684 V;
800 4624 958 4689 fidelissimae
974 4624 1056 4692 abg;
1073 4624 1215 4689 fidelissimo
1231 4627 1326 4676 eus'tcre
1342 4625 1438 4677 mediis
1449 4639 1503 4676 om.
1517 4629 1539 4687 t;
1556 4629 1628 4692 44444-

304 4702 428 4763 simoeque
444 4701 464 4750 0
482 4713 514 4749 ex
533 4712 633 4749 errore.
655 4726 682 4736 -
704 4700 728 4749 2.
746 4705 861 4749 oestrnec
878 4699 900 4747 V
918 4725 945 4735 -
971 4699 1084 4762 selenen
1105 4695 1164 4750 suis}
1182 4701 1209 4748 ssi
1224 4700 1347 4761 puniisset
1361 4713 1452 4750 munus
1469 4704 1492 4758 t;
1514 4703 1629 4764 44444444

304 4781 327 4827 44
343 4789 433 4826 massus
449 4774 544 4826 mediis
561 4787 613 4826 oni.
632 4774 700 4838 abg
716 4801 743 4810 -
762 4774 787 4825 3.
805 4775 851 4825 sibi
866 4773 928 4823 44444
944 4774 980 4822 D:
999 4773 1121 4823 4444444444
1138 4774 1160 4821 V
1175 4799 1203 4810 -
1220 4788 1268 4836 pro
1284 4787 1312 4823 re
1326 4773 1363 4837 4.]
1379 4789 1406 4836 p.
1419 4790 1442 4826 r.
1456 4777 1477 4826 D
1492 4805 1519 4815 κ,
1537 4778 1561 4830 t.
1574 4780 1629 4841 sm

304 4852 340 4900 V:
359 4851 497 4901 4444444444
514 4850 535 4899 D
554 4875 581 4885 -
598 4863 625 4911 p.
644 4864 668 4900 r.
687 4850 760 4899 discr.
778 4863 808 4908 a;
827 4850 901 4899 44444.
918 4862 942 4897 r.
958 4860 1056 4910 443-
1075 4850 1153 4899 enicas·
1169 4848 1250 4899 Vbt:
1270 4850 1335 4899 mosi
1351 4863 1433 4912 ag-
1452 4855 1477 4902 e.
1495 4853 1629 4915 republica

303 4925 327 4974 V
344 4951 372 4961 -
391 4937 444 4986 ossa
459 4938 513 4975 om.
532 4937 547 4974 a
565 4950 592 4959 —
612 4925 636 4974 6.
654 4925 786 4976 4444444444
802 4922 847 4983 V¹;
865 4927 1002 4988 recipendi
1019 4923 1052 4974 V’
1067 4953 1095 4962 -
1114 4928 1237 4989 bospitsen
1251 4927 1288 4976 V:
1307 4931 1330 4976 et
1345 4927 1467 4988 hospitum
1485 4929 1629 4990 (hospicium

303 5000 354 5064 bg)
372 5002 423 5051 DO
442 5026 469 5037 —
490 5000 514 5050 7.
531 5001 654 5050 colonati
670 5003 681 5050 4
698 5026 724 5037 -
744 5001 769 5051 8.
784 5014 911 5064 propresis
926 5002 949 5052 V
963 5029 990 5038 -
1007 5002 1126 5064 [44444444
1140 5002 1178 5051 V:
1194 5003 1359 5065 [4444444444
1376 5002 1397 5051 D
1412 5027 1439 5038 -
1460 5003 1499 5053 so.
1518 5004 1629 5061 444444

303 5074 335 5125 V¹
353 5101 380 5111 -
401 5075 440 5125 tt.
458 5075 560 5138 sulpicio
577 5075 643 5125 Vat
660 5101 687 5111 -
707 5077 808 5127 colasset
824 5077 846 5125 V
866 5102 892 5114 —
912 5076 952 5128 44.
972 5078 1099 5127 colonium
1115 5077 1215 5138 leptioes
1231 5076 1253 5124 D
1267 5103 1294 5112 —
1313 5077 1445 5125 celestium
1461 5090 1510 5126 444
1525 5077 1562 5136 V;
1580 5091 1629 5128 sen

303 5151 437 5202 4444444444
453 5153 464 5200 4
481 5175 508 5186 -
528 5152 568 5200 se.
586 5149 688 5202 4444444
705 5151 727 5200 V
745 5177 773 5186 -
792 5163 870 5212 quom
886 5164 950 5202 sear.
970 5151 991 5201 V
1009 5177 1036 5187 -
1055 5152 1079 5201 Is
1089 5151 1221 5200 ”mortis
1236 5151 1284 5213 4444
1301 5150 1377 5200 affert
1388 5149 1561 5210 Quintilianus
1572 5153 1627 5214 Vll,

305 5227 329 5286 3,
348 5227 388 5278 48.
409 5251 436 5261 -
455 5225 496 5275 46.
514 5239 531 5274 4
549 5227 603 5274 4-
629 5226 668 5276 47.
686 5231 790 5276 ectrore
805 5222 857 5276 V¹t
876 5254 903 5263 -
928 5226 969 5276 49.
987 5225 1019 5275 sit
1035 5231 1177 5276 4444444444
1193 5240 1209 5274 a
1227 5251 1254 5261 -
1276 5225 1317 5274 40.
1336 5225 1423 5286 sulpici
1440 5225 1462 5273 V
1481 5253 1508 5262 —
1527 5227 1568 5276 at.
1586 5240 1629 5277 re-

304 5300 449 5362 liqueth
469 5327 495 5336 -
517 5300 610 5351 bonore
625 5298 662 5362 b',
689 5305 719 5350 ut
735 5301 802 5351 coni.
821 5301 969 5352 Ferrarius:
993 5301 1109 5350 bonorem
1125 5299 1253 5363 Vab²gt
1272 5325 1298 5335 —
1324 5301 1417 5349 mortui
1433 5298 1506 5348 Vbt:
1529 5306 1630 5350 mortno

305 5375 402 5439 nnsgs
419 5402 446 5413 -
464 5375 506 5425 44.
524 5377 663 5427 sarciamus
679 5378 714 5427 D:
733 5381 865 5427 arceamus
880 5377 943 5425 V·
963 5376 1030 5425 44444
1046 5375 1124 5426 abt:
1143 5369 1211 5425 dictis
1229 5376 1275 5438 vg
1294 5400 1320 5411 -
1338 5375 1380 5425 23.
1399 5380 1482 5425 444444
1499 5376 1630 5426 4444444444

304 5450 369 5501 b-
385 5449 533 5512 4444444444
550 5449 613 5500 abt
628 5477 654 5486 -
673 5449 714 5501 st.
733 5451 845 5500 sideritis
860 5450 960 5501 abt-
979 5464 1008 5501 re
1023 5451 1069 5499 V¹:
1088 5464 1113 5500 se
1129 5449 1191 5501 V²D
1205 5477 1232 5487 -
1250 5449 1364 5500 morbssn
1381 5450 1439 5499 Vt:
1457 5451 1543 5500 morbo
1560 5450 1629 5515 abg

307 5553 334 5561 —
353 5520 467 5575 orationi
483 5525 525 5574 Vl
543 5550 570 5560 -
588 5526 630 5575 25.
649 5526 746 5587 quidem
760 5526 833 5575 4444.
851 5526 886 5576 D:
905 5525 976 5575 4444.
995 5525 1092 5586 quidem
1110 5525 1171 5573 V—
1190 5525 1231 5575 27.
1246 5526 1323 5586 possit
1339 5528 1350 5574 4
1369 5552 1396 5560 -
1414 5538 1498 5574 esem.
1517 5525 1630 5575 obstititis

304 5600 339 5658 V;
358 5598 482 5649 obstitistis
497 5613 580 5650 44444.
599 5598 617 5648 b
637 5627 663 5635 -
683 5601 734 5649 4444
750 5601 905 5651 4444444444
921 5599 1013 5651 maluit
1029 5598 1121 5649 Lamb.
1142 5625 1169 5635 -
1187 5599 1228 5648 28.
1241 5612 1354 5648 consensa
1370 5600 1402 5647 V¹
1423 5627 1449 5636 -
1468 5599 1627 5651 iudicassetb

308 5701 334 5710 -
358 5676 465 5724 44444444
479 5674 512 5723 V²
531 5702 557 5712 -
578 5675 619 5725 29.
639 5675 683 5724 UIr
698 5688 757 5725 uere
773 5677 783 5725 4
802 5703 829 5713 -
850 5673 928 5738 pensi
951 5674 1054 5725 4444444
1070 5673 1101 5722 V¹
1119 5700 1147 5709 -
1171 5687 1207 5723 er.
1225 5674 1313 5735 ssstpics'
1329 5673 1361 5722 V¹
1379 5699 1407 5708 -
1430 5675 1471 5724 34].
1490 5676 1629 5725 didicissem

305 5749 345 5798 444
358 5751 493 5812 potuissent
507 5749 525 5799 b
546 5743 572 5785 ’-
597 5763 656 5800 oero
672 5749 776 5812 denique
791 5764 846 5802 om.
865 5753 887 5802 D
905 5779 932 5790 -
953 5752 1034 5815 fllium
1049 5763 1136 5811 444444
1151 5749 1186 5798 V:
1206 5750 1296 5811 pilium
1311 5761 1389 5810 oeque
1406 5751 1430 5803 t3
1451 5749 1540 5810 4444444
1556 5751 1628 5810 4444-

306 5829 354 5874 tem
377 5824 501 5886 (equidem
522 5825 550 5887 g)
568 5823 636 5889 abg
659 5851 685 5860 -
712 5825 752 5875 34.
771 5832 876 5877 estom.
894 5839 909 5876 a
927 5851 955 5862 -
980 5828 1154 5876 auctoritatem
1173 5825 1241 5875 uitae
1260 5829 1357 5874 4444444
1377 5835 1434 5873 sea
1457 5848 1484 5858 -
1512 5824 1553 5876 44.
1571 5824 1629 5876 assei

305 5897 389 5949 ooob
410 5925 436 5935 -
455 5899 590 5952 aduersari
606 5902 617 5949 4
634 5925 662 5935 -
680 5899 804 5952 44444444
820 5899 911 5952 V¹bt:
929 5901 980 5952 444.
998 5902 1050 5952 4444
1066 5895 1112 5962 V²;
1130 5901 1183 5952 eisss
1197 5900 1249 5953 444.
1267 5912 1314 5963 eg.
