3800 7350
299 1184 361 1252 aid
573 1185 725 1252 delrio
749 1183 833 1251 CUM
854 1182 1028 1249 sensnm
1049 1182 1221 1249 GRATIAS
1242 1181 1338 1250 EGIT

298 1383 349 1427 me
368 1359 489 1425 nefarie
504 1358 672 1424 commissa
685 1364 860 1441 praetereo.
893 1356 963 1418 Non
979 1362 1028 1417 est
1043 1353 1104 1417 mei
1120 1354 1271 1438 temporis
1286 1354 1416 1418 iniurias
1432 1355 1625 1432 meminisse,

298 1476 378 1538 quas
400 1473 459 1536 ego
481 1453 577 1516 etiam
599 1454 625 1514 si
647 1451 757 1514 ulcisci
778 1468 920 1532 possem,
944 1455 1051 1511 tamen
1073 1447 1220 1511 oblivisci
1243 1448 1385 1511 mallem:
1408 1449 1471 1511 alio
1493 1449 1626 1513 transfe-

298 1548 398 1613 renda
419 1567 488 1610 mea
510 1554 575 1610 tota
596 1546 661 1608 vita
682 1551 743 1618 est,
772 1551 807 1606 ut
828 1544 911 1605 bene
934 1542 974 1604 de
997 1562 1046 1605 me
1069 1541 1189 1604 meritis
1213 1540 1348 1605 referam
1370 1542 1518 1624 gratiam,
1548 1545 1627 1607 ami-

298 1643 385 1705 eitias
407 1641 472 1722 igni
495 1646 675 1724 perspectas
698 1645 802 1711 tuear,
825 1657 896 1699 cum
919 1636 1037 1719 apertis
1060 1633 1204 1699 hostibus
1226 1635 1345 1699 bellurn
1367 1656 1484 1717 geram,
1506 1638 1627 1702 timidis

273 1736 404 1798 ramicis
433 1733 610 1814 ignoscam,
641 1732 821 1813 proditores
853 1750 918 1793 non
949 1729 1103 1803 indicem,
1137 1730 1280 1794 dolorem
1309 1730 1515 1814 profectionis
1537 1751 1628 1796 meae

297 1829 418 1893 reditus
441 1828 593 1910 dignitate
615 1826 770 1889 consoler.
807 1822 858 1887 ni.
883 1822 978 1897 Quod
1000 1824 1028 1885 si
1052 1822 1128 1884 mibi
1146 1823 1270 1886 nullum
1284 1821 1369 1886 aliud
1386 1831 1471 1888 esset
1485 1825 1628 1889 officium

298 1925 330 1986 in
352 1924 439 1986 omni
462 1924 526 1984 vita
548 1921 722 2005 reliquum,
753 1920 816 1983 nisi
837 1928 872 1983 ut
894 1937 969 2001 erga
991 1917 1087 1981 duces
1109 1919 1196 2000 ipsos
1218 1927 1250 1982 et
1271 1919 1431 2001 principes
1453 1926 1549 2003 atqua
1572 1940 1629 1984 au·

297 2025 399 2080 olores
421 2015 533 2078 salutis
555 2033 644 2076 meae
662 2013 744 2082 ¹satis
767 2019 873 2093 gratus
896 2011 1069 2085 iudicarer,
1093 2019 1197 2074 tamen
1220 2013 1370 2095 exiguum
1385 2009 1527 2098 reliquae
1543 2015 1628 2078 ritae

298 2120 420 2193 tempus
443 2128 506 2172 non
528 2106 624 2171 modo
646 2106 687 2170 ad
708 2104 918 2179 referendam,
940 2125 1051 2168 verum
1067 2106 1162 2168 etiam
1178 2105 1219 2169 ad
1234 2108 1541 2172 commemorandam
1557 2129 1629 2192 gra·

259 2206 372 2267 notiam
400 2202 478 2266 mibi
507 2203 651 2264 relictum
672 2209 826 2283 putarem.
871 2198 1007 2275 Quando
1030 2199 1115 2262 enim
1138 2220 1197 2281 ego
1221 2200 1296 2264 bule
1317 2200 1439 2266 homini
1461 2220 1498 2265 ac
1520 2202 1628 2267 liberis

297 2298 380 2371 eius,
403 2296 531 2380 quando
553 2315 662 2359 omnes
684 2295 745 2358 mei
768 2297 899 2377 gratiam
920 2291 1083 2357 referenti
1110 2315 1192 2378 quae
1214 2296 1382 2371 memoria,
1405 2317 1487 2381 quae
1509 2299 1557 2361 ris
1580 2298 1629 2360 in-

296 2393 396 2474 genii,
425 2410 507 2474 quae
536 2388 719 2471 magnitudo
749 2388 969 2451 observantiae
998 2395 1045 2450 tot
1066 2390 1227 2473 tantisque
1249 2388 1411 2454 beneficiis
1433 2390 1628 2475 respondere

296 2489 433 2569 poterit?
463 2485 518 2569 qui
547 2484 623 2547 mibi
652 2485 771 2566 primus
794 2479 913 2545 afflicto
936 2490 969 2545 et
991 2483 1107 2545 iacenti
1129 2484 1328 2547 consularem
1350 2481 1445 2547 iidem
1468 2483 1629 2549 dextram-

298 2602 361 2665 que
387 2578 544 2663 porrexit:
572 2579 628 2660 qui
658 2596 709 2638 me
738 2597 756 2640 a
777 2582 878 2639 morte
901 2576 940 2638 ad
962 2575 1077 2650 vitam,
1107 2597 1125 2640 a
1147 2576 1367 2660 desperatione
1389 2577 1430 2641 ad
1452 2598 1559 2661 spem,
1588 2580 1628 2644 ab

215 2715 217 2719 ,
260 2675 395 2739 reexitio
416 2674 455 2736 ad
479 2673 611 2736 salutem
626 2672 765 2735 vocavit:
788 2671 843 2754 qui
866 2677 953 2732 tanto
975 2689 1083 2732 amore
1105 2670 1138 2733 ia
1161 2691 1227 2745 me,
1251 2670 1358 2734 studio
1381 2671 1502 2735 iurem
1524 2673 1629 2756 publi·

297 2789 365 2833 cam
386 2767 462 2843 fuit,
485 2774 521 2829 ut
541 2769 752 2850 excogitaret,
776 2783 871 2848 quem
893 2764 933 2826 ad
957 2763 1085 2827 modum
1108 2764 1318 2827 calamitatem
1336 2785 1438 2829 meam
1452 2786 1516 2830 non
1532 2768 1629 2830 modo

297 2862 431 2934 levaret,
454 2859 509 2923 sed
532 2861 628 2923 etiam
650 2859 841 2922 honestaret.
877 2856 963 2931 Quid
986 2858 1070 2919 enim
1093 2854 1361 2940 magnificentius,
1387 2858 1468 2943 quid
1488 2859 1630 2943 praecla-

298 2958 363 3019 rius
385 2954 464 3017 mibi
485 2954 629 3017 accidere
651 2953 769 3036 potuit,
799 2970 894 3033 quam
917 2951 1003 3033 quod
1031 2951 1087 3013 illo
1109 2952 1265 3015 referente
1286 2971 1343 3015 vos
1366 2952 1566 3026 decrevistis,
1593 2962 1630 3017 ut

298 3048 404 3112 cuncti
426 3049 574 3110 exomni
597 3048 705 3120 ltalia,
736 3047 789 3130 qui
813 3065 878 3107 rern
902 3045 1061 3127 publicam
1084 3045 1201 3108 salvam
1224 3046 1362 3122 vellent,
1384 3046 1424 3109 ad
1446 3067 1496 3109 me
1519 3067 1630 3121 unum,

260 3141 460 3204 nobominem
482 3140 615 3204 fractum
638 3149 669 3203 et
689 3160 787 3223 prope
810 3137 1012 3219 dissipatum,
1035 3139 1264 3201 restituendum
1280 3148 1312 3202 et
1326 3138 1560 3203 defendendum
1576 3160 1630 3204 ve-

299 3238 427 3300 nirent?
450 3243 501 3308 ut,
524 3255 588 3318 qua
610 3255 688 3298 voce
711 3243 760 3296 ter
781 3234 911 3296 omnino
933 3241 1008 3314 post
1030 3234 1160 3294 Romam
1177 3231 1337 3295 conditam
1352 3233 1464 3296 consul
1487 3254 1564 3297 usus
1579 3255 1630 3297 es·

299 3339 347 3394 set
373 3350 430 3412 pro
459 3329 608 3391 universa
629 3348 662 3391 re
688 3327 816 3411 publica
838 3325 1000 3408 apuduos
1023 3327 1145 3399 solum,
1174 3326 1229 3408 qui
1252 3327 1322 3389 eius
1345 3347 1455 3391 vocem
1478 3328 1629 3391 exaudire

299 3430 445 3506 possent,
469 3422 581 3484 eadem
602 3441 682 3484 voce
705 3429 831 3484 senatus
847 3440 958 3483 omnes
974 3441 1015 3483 ex
1031 3421 1176 3482 omnibus
1192 3421 1276 3502 agris
1291 3429 1387 3504 atque
1402 3422 1529 3504 oppidis
1544 3423 1630 3487 cives

298 3523 462 3599 totamque
485 3515 606 3578 ltaliam
628 3515 783 3579 ad-unius
805 3514 938 3576 salutem
961 3513 1190 3576 defendendam
1214 3514 1377 3578 excitaret.
1412 3516 1453 3577 X.
1475 3512 1527 3577 25.
1543 3515 1629 3591 Quid

261 3623 359 3692 aaego
377 3608 548 3692 gloriosius
562 3609 642 3673 meis
656 3608 790 3693 posteris
805 3608 896 3690 potui
912 3607 1091 3692 relinquere
1106 3626 1202 3690 quam
1216 3608 1287 3682 boc,
1303 3616 1446 3671 senatum
1461 3608 1630 3687 iudicasse,

301 3705 356 3788 qui
379 3705 457 3768 civis
480 3723 616 3767 menon
640 3702 850 3776 defendisset,
874 3723 946 3765 eum
968 3723 1034 3766 rem
1057 3702 1215 3784 publicam
1239 3703 1355 3766 salvam
1376 3703 1543 3767 noluisset
1567 3705 1631 3767 lta·

300 3819 364 3882 que
385 3807 508 3862 tantum
528 3805 634 3863 restra
654 3797 844 3870 auctoritas,
867 3805 987 3860 tantum
1010 3795 1126 3859 eximia
1149 3797 1289 3860 consulis
1305 3796 1441 3880 dignitas
1462 3798 1573 3872 valuit,
1595 3806 1631 3862 ut

367 4159 389 4207 i.
405 4163 540 4219 procursu
556 4158 576 4207 E
594 4182 621 4191 -
642 4157 667 4205 2.
686 4155 761 4205 etiarn
778 4168 832 4205 om.
852 4157 873 4205 G
890 4180 917 4189 —
937 4155 1108 4218 uanssuendo
1125 4155 1172 4204 EF
1190 4179 1217 4188 -
1238 4153 1262 4203 3.
1282 4158 1335 4203 totu
1349 4167 1406 4204 mea
1423 4156 1444 4204 G
1461 4180 1488 4190 -
1506 4155 1632 4207 amictiae

301 4239 423 4284 --tuear
440 4245 492 4282 om.
514 4233 575 4291 GS‚
594 4233 673 4294 lagg.
687 4233 794 4295 praeter
811 4231 841 4280 lo
859 4231 886 4280 et
902 4230 943 4287 il,
962 4228 1013 4280 alii.
1030 4257 1056 4265 -
1076 4229 1100 4280 l.
1119 4230 1171 4292 igni
1188 4230 1220 4278 P:
1239 4229 1313 4293 dique
1329 4229 1348 4278 E
1367 4232 1394 4278 et
1410 4227 1464 4280 Pal.
1476 4230 1523 4289 lll;
1542 4232 1633 4296 dignas

302 4311 335 4366 Ἐς
354 4309 411 4372 ique
427 4307 447 4356 0
465 4308 493 4356 et
509 4307 571 4368 Lag.
591 4306 630 4354 io.
650 4306 692 4355 fl.
712 4305 833 4367 (amicitia
849 4305 918 4368 sepiri
933 4306 954 4352 P
970 4316 1038 4354 eorr.
1052 4316 1089 4353 m.
1102 4305 1137 4366 Ξ.)
1165 4305 1203 4354 Cf.
1223 4302 1256 4354 de
1269 4304 1342 4354 Oine,
1357 4305 1390 4364 11,
1409 4303 1484 4367 538:
1503 4306 1633 4372 nuncigni

300 4388 437 4446 spectatum
459 4381 627 4430 arbitrantur.
648 4407 675 4416 -
699 4386 841 4442 perspectas
862 4379 923 4429 EF:
947 4385 1078 4440 perspectu
1098 4380 1118 4428 P
1140 4380 1254 4429 cornia
1274 4384 1413 4442 perspectu.
1434 4406 1461 4416 -
1479 4385 1552 4431 tuear
1568 4383 1630 4433 EF:

301 4464 358 4508 tuen
375 4459 394 4506 P
412 4469 453 4520 pr.
472 4469 524 4513 m.;
549 4459 608 4504 tune
630 4457 649 4505 P
673 4467 741 4504 corr.
762 4481 789 4489 —
816 4460 889 4520 gerat
910 4455 930 4502 P
956 4468 996 4517 pr.
1016 4468 1052 4503 m.
1073 4482 1100 4490 -
1126 4455 1150 4503 ii.
1166 4453 1484 4518 proditorer--consoter1
1501 4455 1540 4505 sle
1556 4457 1632 4508 PES

300 4530 354 4583 Pal.
374 4531 406 4581 lli
429 4531 486 4592 (sed
507 4532 527 4579 P
549 4530 657 4579 dolerem
678 4533 704 4579 et
728 4530 873 4592 consolerel:
898 4529 1068 4590 proditoribus
1086 4529 1146 4577 uuis
1162 4543 1212 4577 non
1227 4529 1334 4579 indicem
1349 4529 1459 4579 domnum
1472 4531 1634 4594 profectionis

301 4619 383 4666 meae,
408 4607 544 4667 defensans
565 4606 659 4654 reditio
680 4605 802 4667 dignitate
821 4605 932 4654 consoler
949 4605 999 4654 60
1018 4604 1072 4666 (sed
1091 4605 1112 4653 6
1129 4617 1169 4668 pr.
1188 4616 1225 4653 m.
1243 4605 1372 4667 consolor).
1399 4606 1427 4655 ln
1450 4607 1470 4656 P
1486 4609 1548 4671 post
1562 4622 1634 4660 meaa

301 4691 435 4744 superscr.
461 4682 502 4729 est
523 4691 558 4728 m.
576 4681 601 4728 2.
619 4694 637 4728 n
659 4681 715 4743 ipro
736 4675 783 4740 rii)
808 4683 836 4728 et
858 4677 955 4728 deinde
972 4679 1114 4729 consolarer
1130 4681 1261 4729 mutatum
1279 4681 1328 4729 est.
1349 4705 1376 4715 -
1403 4681 1427 4730 6.
1447 4683 1513 4744 quod
1531 4684 1593 4733 mili
1612 4686 1634 4734 si

300 4755 397 4804 nulium
413 4758 472 4801 esset
488 4753 559 4801 eliud
575 4754 595 4803 E
615 4780 641 4788 —
666 4755 690 4802 7.
709 4756 841 4802 cewmsP
861 4781 886 4788 -
911 4754 935 4802 8.
954 4755 1079 4816 reliquum
1100 4754 1166 4803 uitae
1183 4759 1277 4815 ternpus
1294 4755 1340 4805 EF
1359 4781 1386 4790 -
1412 4755 1436 4804 9.
1455 4757 1489 4805 ad
1504 4756 1635 4819 suendum

301 4831 336 4885 E;
355 4828 509 4891 ceruendum
526 4828 544 4876 F
557 4854 585 4861 ψ
604 4827 644 4877 43.
663 4829 764 4891 adflicto
781 4830 840 4878 P-
860 4829 1026 4891 dentiumque
1041 4830 1111 4879 mei:
1131 4830 1308 4891 doceremque
1325 4831 1385 4880 0-
1406 4830 1446 4880 lli.
1461 4833 1560 4883 uocauit
1576 4836 1632 4895 PS,

301 4907 363 4966 Lag.
378 4906 401 4951 t.
415 4903 438 4951 3.
452 4902 481 4952 8:
500 4902 626 4950 revocavit
642 4900 698 4951 rell.
718 4904 738 4951 Ο
757 4928 784 4937 -
804 4903 847 4963 qui
864 4908 933 4952 muto
952 4906 970 4955 P
985 4917 1053 4954 corr.
1067 4917 1102 4953 m.
1116 4905 1132 4953 i
1151 4903 1207 4965 ised
1219 4904 1319 4966 vetere)
1338 4918 1371 4955 ex
1388 4906 1431 4968 qui
1447 4912 1520 4966 ante;
1539 4916 1635 4972 quomo

302 4979 348 5029 GS
366 4977 461 5039 (quiin
476 4990 516 5026 me
531 4981 600 5026 tanto
618 4979 743 5039 amoreE)
764 5004 791 5012 —
810 4978 837 5027 in
853 4991 881 5027 re
898 4993 932 5039 p.
947 4982 967 5028 G
982 5006 1008 5014 -
1028 4979 1201 5042 l8.rsterente
1217 4980 1279 5029 EF:
1297 4987 1366 5029 rente
1382 4983 1416 5040 P;
1432 4986 1529 5043 pruritu
1545 4985 1632 5045 GSO,

301 5057 378 5117 Lagg.
398 5065 501 5102 omnes.
523 5079 550 5089 -
569 5052 698 5102 demeuitis
714 5056 733 5103 P
753 5080 780 5088 -
799 5054 840 5103 20.
858 5055 1016 5104 restuendum
1033 5058 1052 5103 P
1069 5068 1109 5119 pr.
1128 5068 1164 5104 m.
1189 5081 1216 5090 -
1235 5059 1258 5105 et
1274 5056 1450 5117 defendendum
1467 5070 1520 5108 om.
1537 5059 1585 5109 EF
1605 5087 1632 5096 —

300 5129 342 5180 nl.
355 5129 391 5192 ut]
411 5128 464 5177 ctF.
477 5151 504 5162 —
525 5133 563 5176 ter
573 5128 673 5195 omnino
686 5129 748 5188 EF,
767 5127 820 5178 Pal.
833 5130 881 5178 lx:
900 5131 1055 5179 teronrenino
1072 5131 1118 5180 PG
1130 5146 1135 5190 ;
1154 5135 1178 5180 to
1188 5131 1284 5181 romule
1295 5132 1325 5191 S;
1344 5132 1417 5182 sanet
1428 5132 1528 5182 omnino
1539 5132 1633 5184 Lamb.

302 5204 389 5266 (lagg.
403 5215 497 5252 omnes
514 5201 541 5251 h.
555 5200 571 5252 l.
585 5203 671 5252 vitiosi
690 5204 772 5262 sunt.)
786 5230 813 5238 —
832 5217 892 5253 riuis
908 5210 968 5253 esset
984 5206 1040 5255 Set
1057 5207 1076 5254 P
1094 5218 1178 5255 corr:
1197 5205 1266 5254 uinis
1282 5210 1341 5255 esset
1360 5207 1421 5267 EF;
1440 5219 1506 5256 uniu
1521 5212 1582 5257 esset
1598 5209 1632 5263 G:

300 5279 369 5328 usus
385 5283 420 5327 esi
436 5283 459 5327 el
476 5279 495 5328 P
511 5290 552 5342 pr.
571 5291 608 5328 m.
630 5305 657 5314 —
684 5279 724 5327 22.
744 5285 807 5341 aput
822 5280 842 5329 Ε
861 5306 888 5315 -
912 5279 954 5330 23.
972 5280 1052 5328 omnis
1066 5293 1100 5329 ea
1116 5279 1229 5330 ornnibus
1244 5281 1306 5331 EF:
1333 5294 1416 5331 munes
1432 5297 1466 5332 en
1478 5295 1532 5333 om.
1553 5282 1632 5334 codd.

301 5350 358 5403 rell.
372 5356 400 5402 et
410 5353 439 5402 0.
459 5353 512 5401 «Ex
523 5352 582 5401 eod.
596 5352 662 5402 Pith.
676 5351 830 5404 addendum
847 5355 903 5404 est:
923 5367 1006 5403 munes
1022 5367 1063 5404 eu.
1090 5356 1121 5406 Ut
1137 5357 1258 5406 omittam
1271 5357 1427 5408 Ciceronem
1445 5372 1498 5408 non
1514 5357 1567 5409 loeo
1584 5359 1635 5408 oti-

302 5442 351 5491 que
368 5428 493 5488 excitare,
512 5426 560 5478 sed
572 5440 605 5476 ee
621 5427 674 5476 leco
692 5426 796 5487 dicere,
815 5427 857 5477 vel
875 5427 1039 5478 declamator
1049 5427 1144 5493 aliquis
1160 5430 1277 5482 absurde
1288 5431 1405 5483 diceret:
1424 5445 1457 5482 ea
1473 5434 1544 5496 apris
1559 5438 1635 5497 utque

301 5504 397 5566 oppidis
413 5507 491 5552 totam
507 5502 608 5551 ltaliam
624 5504 698 5552 weit.
722 5505 842 5567 Denique
859 5503 893 5552 ef.
906 5503 940 5553 de
954 5503 1049 5554 eadem
1066 5516 1105 5564 re,
1125 5504 1197 5567 quod
1214 5506 1364 5569 praeeedit:
1381 5520 1426 5557 oos
1441 5510 1589 5570 manuus,
1606 5515 1635 5560 ut

301 5579 383 5627 cuncti
394 5591 428 5626 ac
438 5578 506 5627 unni
515 5578 614 5627 Italio-
623 5604 637 5614 -
648 5579 763 5645 uenirent
775 5581 802 5629 et
819 5592 844 5643 p.
859 5580 943 5629 Sestio
956 5580 971 5642 5
986 5579 1047 5628 tae:
1065 5584 1094 5627 ut
1109 5580 1197 5629 titteris
1212 5581 1391 5642 consularibus,
1408 5589 1500 5634 uineta
1510 5597 1543 5634 ea
1557 5586 1634 5635 ltalia

302 5667 408 5702 omncs-
418 5679 431 5689 -
443 5658 648 5703 convocarentur.
675 5655 767 5715 Neque
784 5657 891 5712 mirum,
910 5655 934 5703 si
950 5667 1033 5702 omnes
1049 5666 1082 5702 en
1098 5657 1159 5705 ante
1171 5656 1283 5706 onrnibus
1294 5657 1416 5707 excidit.»
1428 5661 1588 5709 Wasnnrnro
1605 5661 1632 5711 in

302 5728 443 5778 Enundott.
465 5728 558 5778 Tuscu.
577 5729 624 5788 ΙΙΙ,
642 5741 668 5791 p.
683 5728 723 5778 ie.
737 5753 765 5765 -
784 5731 846 5778 riuis
863 5729 955 5786 PGE3
977 5729 1040 5777 uicis
1056 5729 1121 5778 does
1136 5731 1167 5790 ὃς
1185 5731 1248 5780 uicis
1263 5729 1362 5794 aliquot
1377 5735 1472 5796 Lagg.;
1490 5733 1552 5784 hine
1568 5734 1594 5784 in
1613 5736 1632 5784 l.

303 5804 330 5850 et
347 5801 477 5852 nonnullis
494 5801 567 5852 editt.
586 5803 657 5865 apris
671 5803 733 5852 uicis
748 5807 823 5864 atmu
839 5804 946 5866 oppidis,
966 5802 1000 5852 de
1017 5815 1070 5865 qna
1087 5802 1148 5854 lect.
1166 5817 1192 5855 r.
1210 5804 1323 5869 iladvig.
1341 5806 1375 5857 de
1393 5809 1466 5858 fian.
1483 5821 1511 5873 p.
1527 5808 1586 5859 tlt.
1601 5835 1629 5845 ·—

301 5873 342 5925 ai.
361 5876 421 5939 quid
437 5889 496 5941 erqo
513 5878 534 5926 G
551 5902 577 5913 -
596 5877 637 5926 25.
655 5876 709 5940 boc]
725 5877 790 5928 bunc
806 5877 854 5928 EF
873 5903 900 5914 -
918 5877 961 5931 27.
979 5879 1107 5932 consumi
1123 5880 1175 5934 Eri.
1196 5906 1222 5918 -
1242 5881 1341 5933 amuis
1355 5882 1439 5936 diuidi
1452 5881 1534 5935 ualuit
1549 5883 1576 5932 P.
