3800 7350
666 1150 962 1218 cour-nvn.
989 1148 1249 1236 ssim-rm.
1555 1149 1618 1217 cos

292 1325 353 1387 bus
382 1320 556 1386 sustinetis.
598 1321 695 1385 Vobis
723 1321 861 1385 universi
890 1329 1018 1386 senatus
1038 1330 1191 1407 perpetua
1211 1324 1396 1399 auctoritas,
1425 1324 1476 1387 cui
1498 1330 1619 1388 vosmet

293 1415 356 1499 ipsi
384 1415 653 1497 praestantissime
675 1418 801 1498 semper
825 1415 859 1477 in
885 1435 955 1479 mea
977 1435 1072 1479 causa
1093 1416 1289 1498 praefuistis,
1310 1417 1401 1481 vobis
1422 1417 1530 1481 ltaliae
1552 1436 1618 1481 ma·

292 1505 568 1593 gnifieentissimus
600 1509 654 1571 ille
682 1517 788 1574 motus
815 1510 1124 1593 municipiorumque
1154 1529 1341 1585 concursus,
1374 1511 1466 1575 vobis
1487 1530 1618 1593 campus

293 1602 567 1685 centuriarumque
589 1622 653 1667 una
674 1624 736 1666 ror
759 1603 916 1677 omnium,
939 1623 1074 1686 quarum
1096 1623 1152 1666 vos
1174 1603 1335 1687 principes
1355 1612 1451 1690 atque
1472 1614 1617 1671 auctores

291 1696 412 1769 fuistis,
440 1694 531 1759 vobis
553 1717 662 1760 omnes
685 1696 875 1770 societates,
898 1716 1009 1761 omnes
1032 1696 1176 1772 ordines,
1199 1716 1325 1771 omnes,
1354 1699 1410 1782 qui
1431 1706 1487 1763 aut
1506 1719 1542 1762 re
1563 1706 1641 1766 ants

290 1810 346 1873 spe
375 1788 513 1872 denique
541 1790 736 1864 sumbone,
765 1810 858 1854 omne
879 1811 972 1853 suum
995 1810 1070 1873 erga
1091 1810 1193 1854 meam
1216 1790 1401 1873 dignitatem
1423 1792 1564 1857 studium
1585 1799 1619 1857 et

290 1881 443 1945 iudicium
464 1902 528 1945 non
549 1882 642 1946 modo
665 1883 884 1957 commissum,
914 1904 1025 1947 verum
1051 1884 1147 1947 etiam
1168 1886 1421 1950 commendatum
1443 1904 1513 1949 esse
1534 1884 1618 1949 arbi·

291 1975 466 2040 trabuntur.
509 1972 581 2037 443.
603 1977 749 2060 Denique
771 1977 833 2059 ipsi
855 1977 888 2040 di
908 1978 1111 2052 immortales,
1133 1978 1188 2062 qui
1209 1978 1292 2042 banc
1313 1980 1424 2043 urbem
1438 1986 1535 2061 atque
1554 1977 1618 2041 boc

290 2067 456 2151 imperium
478 2076 621 2144 tuentur,
643 2078 679 2133 ut
701 2078 785 2134 esset
807 2071 954 2134 omnibus
977 2072 1123 2153 gentibus
1144 2072 1384 2154 posteritatique
1406 2072 1617 2157 perspicuum,

291 2160 398 2225 divino
427 2180 478 2224 me
506 2164 635 2228 numine
664 2184 734 2227 esse
762 2164 809 2227 rei
835 2164 982 2247 publicae
1010 2163 1184 2241 redditum,
1217 2165 1337 2229 idcirco
1363 2166 1442 2231 mibi
1469 2165 1655 2232 videnturso

289 2255 427 2318 fructum
448 2255 569 2320 reditus
590 2265 621 2320 et
642 2257 861 2339 gratulationis
883 2277 972 2321 meae
994 2257 1035 2321 ad
1058 2278 1189 2322 suorum
1207 2259 1407 2324 sacerdotum
1428 2265 1616 2341 potestatem

291 2348 505 2433 iudiciumque
527 2371 701 2416 revocasse.
738 2352 797 2414 Hic
819 2360 867 2415 est
888 2353 975 2416 enim
989 2352 1127 2427 reditus,
1149 2350 1332 2435 pontifices,
1353 2353 1433 2418 haec
1447 2350 1615 2423 restitutio,

289 2444 322 2508 in
343 2443 453 2518 domo,
482 2444 517 2508 in
544 2444 690 2519 sedibus,
718 2446 752 2507 in
773 2446 852 2519 aris,
881 2446 914 2509 in
934 2445 1034 2521 focis,
1063 2448 1098 2511 in
1119 2446 1170 2510 dis
1191 2447 1362 2529 penatibus
1383 2441 1615 2527 reciperandis:

290 2556 425 2621 quorum
447 2537 475 2601 si
494 2538 553 2603 ists
575 2538 641 2601 suis
663 2538 916 2603 sceleratissimis
938 2540 1083 2604 manibus
1106 2548 1188 2605 tecta
1209 2541 1367 2625 sedesque
1389 2537 1538 2606 convellit
1558 2534 1617 2599 dn·

290 2631 444 2715 cibusque
466 2632 650 2698 consulibus
671 2640 832 2716 tamquam
854 2633 933 2697 urbe
955 2641 1048 2717 capta
1068 2635 1150 2699 bano
1169 2655 1265 2698 unam
1279 2634 1409 2699 domum
1424 2633 1516 2719 quasi
1529 2650 1655 2705 aceris

288 2725 360 2791 rinri
382 2727 625 2809 propugnatoris
647 2727 709 2791 sibi
732 2726 899 2790 delendam
920 2728 1060 2810 putavit,
1082 2736 1188 2793 tamen
1208 2729 1256 2791 illi
1278 2728 1311 2791 di
1329 2735 1460 2811 penates
1475 2723 1617 2791 acfanri·

288 2821 382 2885 liares
403 2820 467 2885 mei
488 2839 623 2903 perros
644 2820 678 2883 in
703 2840 806 2885 meam
828 2822 957 2886 domum
979 2842 1103 2887 mecum
1125 2830 1217 2886 erunt
1238 2822 1386 2886 restituti.
1428 2820 1522 2886 LVII.
1543 2814 1616 2889 444.

289 2914 447 2993 Quocirca
467 2920 517 2989 te,
540 2913 733 2996 Capitoline,
755 2935 849 2998 quem
870 2923 999 2999 propter
1018 2912 1174 2980 beneficia
1194 2916 1331 3001 populus
1352 2917 1513 2980 Romanus
1536 2918 1617 3000 opti·

287 3031 389 3087 mum,
411 3015 541 3093 propter
562 3009 627 3072 vim
649 3008 822 3071 maximum
842 3010 1036 3084 nominavit,
1057 3018 1169 3094 teque,
1191 3011 1272 3074 luno
1295 3011 1414 3093 regina,
1438 3016 1471 3073 et
1491 3015 1539 3084 te,
1561 3028 1616 3072 cn·

288 3112 355 3169 stos
374 3103 479 3177 urbis,
507 3103 664 3177 Minerva,
693 3123 776 3187 quae
802 3122 929 3185 semper
949 3102 1090 3166 adiutrix
1112 3104 1320 3168 consiliorum
1341 3125 1498 3178 meorum,
1526 3104 1653 3170 testisan

288 3199 429 3263 laborum
452 3196 616 3270 exstitisti,
638 3216 750 3278 precor
770 3205 865 3281 atque
888 3217 1024 3281 quasso,
1045 3217 1185 3282 vosque,
1216 3199 1272 3282 qui
1293 3198 1431 3264 maxime
1452 3219 1504 3262 me
1524 3217 1615 3280 repe-
1722 3210 1724 3213 ’

287 3294 370 3358 tistis
391 3298 487 3373 atque
508 3290 695 3365 revocastis,
718 3311 853 3375 quorum
877 3290 916 3355 de
939 3292 1066 3355 sedibus
1089 3291 1167 3355 baec
1187 3291 1266 3355 mibi
1286 3300 1336 3355 est
1355 3293 1519 3375 proposita
1539 3311 1615 3354 con·

287 3388 402 3461 tentio,
423 3383 517 3468 patrii
539 3391 671 3466 penates
693 3382 945 3468 familiaresque,
972 3386 1027 3468 qui
1047 3385 1124 3448 buis
1145 3386 1215 3449 urbi
1238 3394 1270 3449 et
1291 3386 1336 3448 rei
1357 3385 1502 3469 publicae
1523 3403 1614 3468 prae-

287 3478 415 3555 sidetis,
443 3497 501 3541 vos
529 3478 687 3552 obtestor,
716 3498 849 3562 quorum
881 3497 940 3561 ego
962 3497 983 3542 a
1002 3479 1130 3561 templis
1151 3488 1249 3563 atque
1270 3479 1411 3543 delubris
1431 3477 1614 3563 pestiferam

286 3575 372 3640 illam
394 3580 428 3637 st
446 3571 599 3636 nefariam
620 3573 777 3636 flammam
793 3571 919 3654 depuli,
941 3579 1049 3657 teque,
1070 3573 1168 3637 Vesta
1181 3582 1296 3649 mater,
1318 3574 1408 3637 cuius
1423 3571 1650 3636 castissimmt

287 3668 466 3736 sacerdotes
476 3667 516 3732 ab
525 3667 689 3732 bominum
704 3665 877 3731 amentium
892 3665 1001 3732 furore
1015 3673 1047 3731 et
1060 3668 1180 3732 scelere
1195 3666 1324 3732 defendi
1337 3666 1492 3752 cuiusque
1506 3665 1613 3750 ignem

285 3765 374 3829 illum
402 3763 630 3847 sempiternum
655 3782 718 3827 non
747 3782 816 3825 sum
846 3781 959 3844 passus
989 3769 1046 3825 ant
1071 3763 1225 3845 sanguine
1246 3761 1363 3826 civium
1382 3760 1537 3844 restingui
1559 3766 1613 3825 ant

286 3880 358 3923 cum
379 3858 476 3922 totius
496 3855 583 3919 urbis
605 3856 750 3919 incendio
773 3855 986 3918 commisceri:
1009 3851 1080 3917 445.
1104 3863 1153 3930 ut,
1176 3857 1203 3919 si
1225 3855 1259 3918 in
1280 3855 1335 3919 illo
1356 3875 1458 3939 paene
1478 3855 1545 3919 fato
1565 3855 1613 3918 rei

286 3952 432 4038 publicae
462 3949 564 4014 obieci
593 3970 697 4013 meum
719 3957 814 4031 caput
838 3968 895 4033 pro
918 3949 1032 4012 vestris
1054 3949 1254 4012 caerimoniis
1276 3955 1373 4032 atque
1395 3948 1520 4032 templis
1541 3967 1612 4031 per·

286 4047 510 4111 ditissimorum
539 4042 656 4105 civium
685 4041 784 4106 furori
806 4049 901 4126 atque
922 4040 1007 4105 ferro
1030 4043 1109 4105 etsi
1131 4043 1262 4116 iterum,
1291 4063 1360 4106 cum
1382 4058 1422 4105 ex
1444 4061 1515 4105 mea
1536 4058 1648 4106 con-aa

287 4140 427 4204 tentione
449 4138 593 4201 interitus
613 4135 770 4200 bonorum
793 4137 933 4199 omnium
949 4143 1170 4220 quaereretur,
1192 4156 1248 4199 vos
1265 4155 1335 4199 sum
1349 4142 1499 4211 testatus,
1520 4135 1611 4200 vobis

287 4252 337 4296 me
357 4251 394 4295 ac
415 4251 503 4294 meos
526 4230 743 4294 commendari
764 4249 879 4314 meque
892 4236 989 4314 atque
1009 4249 1116 4294 meum
1130 4237 1225 4313 caput
1239 4249 1277 4293 ea
1291 4228 1473 4294 conditione
1488 4229 1611 4306 devovi,

286 4333 339 4402 ut,
372 4327 398 4390 si
426 4333 458 4389 et
484 4343 523 4387 eo
552 4325 623 4408 ipso
652 4332 794 4408 tempore
822 4331 854 4386 et
882 4329 956 4386 ante
984 4323 1018 4386 in
1047 4322 1214 4387 consulatu
1241 4341 1313 4385 meo
1336 4321 1509 4386 commodis
1531 4324 1610 4388 meis

288 4419 451 4496 omnibus,
473 4418 709 4492 emolumentis,
729 4417 877 4499 praemiis
899 4415 1131 4501 praetermissis
1148 4436 1238 4491 orna,
1260 4415 1470 4499 cogitatione,
1491 4416 1609 4500 vigiliis

287 4512 433 4578 omnibns
461 4511 542 4575 nibil
568 4511 631 4575 nisi
661 4510 701 4575 de
722 4510 824 4574 salute
847 4530 988 4574 meorum
1011 4510 1128 4574 civium
1149 4509 1358 4586 laborassem,
1387 4518 1453 4573 tum
1474 4509 1552 4574 mibi
1573 4526 1646 4575 reas

353 4796 377 4844 4.
394 4790 553 4843 mccc
577 4815 604 4824 -
627 4789 652 4840 Ξ.
667 4789 880 4854 preestsottssime
895 4789 1089 4854 Pantagathus:
1113 4787 1322 4852 prmrtaotr'rriml
1338 4789 1387 4840 Co
1405 4813 1434 4826 -
1452 4789 1480 4839 io
1495 4801 1552 4840 mec
1566 4787 1609 4840 bis

285 4870 413 4935 deinceps
429 4868 450 4917 G
469 4893 496 4903 -
514 4863 539 4916 4.
554 4864 782 4928 oeconomumque
797 4867 826 4916 1²¹
845 4890 872 4902 -
891 4865 915 4915 6.
934 4876 1005 4915 omos
1020 4877 1093 4914 aeon
1109 4864 1278 4914 Garatonius:
1296 4876 1380 4914 comos
1394 4865 1484 4916 benc
1504 4892 1531 4901 -
1548 4877 1609 4930 erge

285 4939 777 4998 rv-7.orburobuntor1>u¹nsv:
797 4938 1042 4998 erbitrnbcotarffl,
1061 4937 1298 4988 mosacotwcum
1314 4936 1443 4988 lambino
1460 4939 1522 4989 0-
1540 4939 1564 4989 8.
1583 4939 1610 4989 di

286 5024 321 5072 P:
341 5019 447 5069 diio-
466 5016 491 5067 9.
510 5013 734 5066 tsesotrer¹blV
751 5041 778 5050 -
798 5014 1122 5066 tdesseoumtoedv-
1139 5012 1483 5077 ndditmnmductasoc-
1503 5013 1610 5076 tism-

284 5094 396 5144 ctamP:
412 5091 522 5155 mactum
537 5091 618 5153 ipsam
634 5090 747 5141 calvo
766 5117 793 5127 —
818 5091 999 5155 mautmmoss
1014 5089 1043 5141 P¹
1068 5115 1096 5126 -
1120 5089 1159 5138 43.
1178 5089 1216 5138 dis
1231 5090 1306 5139 PG1:
1329 5088 1378 5138 dits
1393 5085 1452 5138 G²0
1470 5113 1497 5123 -
1517 5089 1610 5152 recipe-

284 5169 372 5219 rosas
387 5170 425 5219 P:
441 5166 626 5228 comparandos
642 5163 684 5219 0¹:
703 5166 879 5227 rmcperoods's
896 5165 916 5215 0
932 5190 960 5202 -
981 5165 1020 5216 tl.
1039 5163 1233 5214 scdercttsrimta
1247 5163 1298 5213 suis
1314 5162 1439 5214 64441-
1457 5175 1505 5225 quc
1520 5167 1608 5215 emt}

287 5271 314 5281 -
333 5242 374 5294 46.
387 5241 515 5292 mum
531 5240 596 5300 GV,
617 5240 645 5290 in
666 5243 685 5290 P
706 5242 840 5304 postrema
863 5239 965 5304 syllaba
982 5240 1092 5305 propter
1108 5238 1231 5289 fissuram
1248 5237 1327 5288 bodie
1345 5250 1398 5288 non
1414 5235 1517 5301 legitur.
1537 5264 1565 5274 -
1582 5239 1609 5288 di
1671 5237 1675 5244 '

285 5318 377 5372 PGV:
402 5316 474 5366 dito
493 5342 521 5351 -
545 5315 585 5364 tr.
603 5315 660 5380 mes]
682 5315 816 5364 orePGV
840 5339 866 5350 -
891 5320 965 5365 eram
981 5315 1001 5365 C
1018 5341 1051 5351 —
1077 5314 1117 5364 48.
1136 5313 1249 5376 quicirca
1263 5310 1292 5364 P¹
1312 5339 1339 5350 -
1365 5313 1407 5363 20.
1425 5311 1492 5362 orbis
1508 5312 1560 5362 GV
1578 5341 1606 5350 -

285 5389 585 5444 rcecmmsruv-
604 5390 836 5452 ctqrssquoosoc:
855 5388 1328 5453 ccqosmoO-meom.G-2l.
1346 5389 1606 5452 mpropostord:

281 5467 412 5532 propostto
427 5470 462 5515 est
478 5465 529 5515 VO
546 5465 618 5528 (baec
640 5465 701 5514 miti
718 5465 849 5528 proposita
865 5469 900 5514 est
916 5477 969 5514 om.
988 5463 1025 5526 bl)
1049 5489 1076 5499 —
1097 5463 1139 5513 23.
1154 5462 1301 5526 procidatis
1317 5462 1414 5513 Gllv:
1429 5462 1558 5526 praem
1573 5465 1606 5523 P;

281 5542 408 5608 prouida
423 5541 480 5592 satir
495 5539 622 5591 llalmius.
641 5540 679 5592 Cf.
698 5552 725 5604 p.
743 5539 801 5600 78³,
819 5539 844 5589 9.
858 5564 887 5577 -
905 5537 946 5589 bl.
965 5542 1072 5600 optertor
1087 5540 1106 5589 P
1120 5564 1147 5575 -
1166 5537 1193 5602 a]
1210 5550 1223 5586 e
1239 5536 1307 5597 Gbl;
1326 5536 1416 5586 omv
1434 5561 1463 5574 -
1481 5538 1605 5599 masc:

285 5617 399 5669 sc0-
421 5615 576 5680 bbscom
596 5615 660 5675 GV;
685 5615 870 5666 caedmobl-
894 5610 1377 5677 rousoomoaoomsosn-
1405 5610 1446 5661 26.
1473 5612 1608 5662 mambrem

284 5691 489 5744 blommsenins:
507 5691 712 5742 ammttsco—
731 5688 991 5754 idoosigooodblv
1004 5714 1031 5724 -
1049 5687 1171 5750 busseto
1187 5687 1287 5738 cm-
1306 5684 1432 5750 erosos]
1449 5698 1506 5737 men
1522 5687 1607 5737 Gblv

286 5767 618 5829 -arqeooemornuz
643 5764 837 5816 ccmooovo
857 5759 1608 5827 -33.ssoooc-soc:oss0-tt.otootttir

283 5837 358 5895 1³¹-
377 5836 1045 5895 sensorutsobbotstctoromoeonoonuv.
