3800 7350
694 1213 767 1277 cn.
790 1213 922 1277 v-vr.
950 1210 997 1295 ss
1020 1208 1168 1277 ri-ao.
1550 1210 1613 1280 rso

286 1382 409 1446 interea
429 1400 524 1445 nemo
546 1381 756 1457 insimulavit,
777 1401 871 1446 nemo
887 1383 1069 1445 nominavit.
1102 1384 1273 1458 Postremo,
1296 1385 1397 1449 eiecto
1412 1384 1479 1448 sive
1495 1384 1612 1449 emisso

284 1476 348 1539 ism
369 1495 411 1539 ex
431 1474 511 1538 urbe
531 1474 686 1549 Catilina,
708 1473 763 1539 ille
784 1495 871 1539 arma
888 1475 990 1549 misit,
1013 1496 1146 1552 cornua,
1171 1477 1278 1552 tubas,
1298 1477 1418 1553 fasces,
1439 1478 1546 1561 signa,
1568 1478 1614 1542 le·

284 1571 411 1652 giones;
438 1569 492 1632 ille
514 1569 644 1633 rdictus
665 1569 769 1644 intus,
798 1576 1000 1653 exspectatus
1021 1568 1114 1643 foris,
1140 1570 1266 1633 Lentuli
1287 1591 1390 1655 poena
1412 1591 1613 1655 compressus

284 1661 441 1725 convertit
461 1682 496 1726 se
517 1661 689 1746 aliquando
711 1661 752 1727 ad
774 1664 934 1737 timorem,
958 1683 1129 1747 numquam
1151 1662 1193 1726 ad
1215 1665 1398 1728 sanitatem:
1428 1664 1482 1728 bic
1504 1674 1613 1728 contu

285 1755 329 1818 ita
351 1755 488 1837 quievit,
509 1764 545 1819 ut
567 1775 605 1819 eo
628 1764 770 1839 tempore
784 1757 870 1822 omni
885 1757 1017 1840 Neapoli
1032 1756 1145 1832 tuerit,
1167 1757 1220 1820 ubi
1237 1776 1341 1840 neque
1355 1758 1501 1822 homines
1514 1756 1638 1828 fuisses

284 1856 435 1931 putantur
455 1849 552 1913 huius
573 1847 684 1913 affines
706 1850 912 1934 suspicionis,
936 1858 969 1912 et
989 1849 1078 1914 locus
1101 1860 1149 1913 est
1169 1851 1237 1934 ipse
1257 1870 1323 1913 non
1343 1858 1407 1914 tam
1428 1852 1469 1915 ad
1490 1852 1614 1915 indam·

284 1942 417 2003 mandos
454 1943 708 2008 calamitosorum
744 1945 867 2008 animos
904 1966 998 2028 quam
1031 1944 1071 2007 ad
1104 1943 1315 2007 consolandos
1347 1946 1613 2009 accommodatus.

283 2034 336 2097 Vl.
360 2028 411 2097 l8.
432 2035 564 2119 Propter
582 2036 665 2100 banc
688 2038 784 2120 igitur
805 2045 923 2101 tantam
938 2037 1229 2101 dissimilitudinem
1249 2037 1413 2101 bominum
1427 2043 1524 2121 atque
1539 2058 1613 2102 cau-

283 2148 389 2192 sarum
411 2129 594 2194 dissimilem
617 2152 668 2195 me
691 2132 724 2194 in
743 2139 878 2215 utroque
894 2131 1037 2213 praebui.
1061 2129 1214 2194 Veniebat
1227 2131 1312 2194 enim
1326 2131 1368 2194 ad
1383 2150 1449 2206 me,
1471 2140 1504 2195 et
1517 2151 1613 2216 saepe

283 2222 432 2285 veniebat
451 2224 638 2299 Autronius,
672 2224 778 2288 multis
800 2245 872 2287 cum
894 2227 1028 2290 lacrimis
1050 2228 1202 2309 supplex,
1224 2234 1261 2290 ut
1283 2247 1318 2291 se
1340 2223 1559 2299 defenderem,
1581 2232 1652 2296 etro

283 2337 319 2380 se
341 2336 446 2379 meum
469 2315 720 2401 condiscipulum
734 2319 767 2380 in
781 2320 932 2401 pueritia,
955 2318 1142 2384 familiarem
1157 2320 1189 2382 in
1205 2318 1438 2393 adolescentia,
1459 2318 1612 2400 collegam

283 2412 317 2475 in
340 2419 511 2495 quaestura
533 2413 798 2476 commemorabat
817 2411 934 2488 fuisse3
957 2414 1055 2477 multa
1069 2433 1140 2477 mea
1154 2413 1187 2475 in
1202 2434 1255 2489 se,
1276 2414 1430 2478 nonnulla
1444 2413 1540 2477 etiam
1554 2430 1613 2475 sua

283 2508 317 2570 in
340 2525 391 2568 me
413 2505 594 2589 proferebat
614 2502 728 2569 officia.
766 2505 888 2582 Quibus
911 2528 970 2591 ego
992 2507 1104 2582 rebus,
1127 2507 1264 2582 iudices,
1286 2508 1331 2572 ita
1345 2509 1493 2573 flectebar
1506 2508 1612 2571 animo

283 2607 379 2683 atque
407 2597 592 2682 frangebar,
625 2607 662 2663 ut
692 2602 755 2665 iam
785 2620 825 2663 ex
846 2602 1015 2676 memoria,
1045 2621 1125 2685 quas
1147 2600 1225 2666 mibi
1245 2602 1308 2684 ipsi
1328 2601 1448 2667 lecerat
1467 2600 1611 2676 insidias,

284 2693 492 2777 deponerem,
521 2694 641 2757 utiam
663 2694 838 2758 immissum
860 2715 931 2758 esse
952 2695 992 2758 ab
1015 2715 1053 2758 eo
1077 2695 1110 2758 C.
1134 2695 1332 2771 Cornelium,
1357 2696 1413 2779 qui
1435 2717 1485 2760 me
1506 2695 1540 2758 in
1561 2715 1649 2767 sesso

283 2787 377 2850 dibus
399 2787 495 2860 meis,
517 2787 551 2849 in
573 2794 746 2872 conspectu
767 2788 878 2852 uxoris
900 2808 937 2851 ac
959 2789 1131 2853 liberorum
1153 2809 1296 2854 meorum
1319 2789 1504 2865 trucidaret,
1531 2788 1611 2853 obli-

283 2880 429 2945 riscerer.
471 2875 523 2941 49.
547 2880 637 2955 Quae
658 2882 685 2944 si
708 2882 748 2945 de
770 2902 835 2945 uno
857 2904 907 2947 me
930 2885 1116 2966 cogitasset,
1137 2904 1201 2969 qua
1222 2884 1356 2949 mollitia
1377 2905 1447 2949 sum
1461 2882 1559 2949 animi
1572 2902 1611 2946 ac

283 2974 428 3048 lenitate,
449 2995 623 3058 numquam
645 2976 836 3040 mehercule
854 2977 942 3041 illius
957 2978 1094 3041 lacrimis
1109 2998 1146 3041 ac
1159 2979 1307 3061 precibus
1321 2979 1521 3043 restitissem:
1543 2976 1610 3050 sed,

283 3090 352 3133 curn
375 3069 454 3132 mibi
476 3068 613 3151 patriae,
645 3090 716 3132 cum
739 3078 915 3146 vastrorum
937 3071 1168 3154 periculorum,
1196 3093 1268 3135 cum
1288 3071 1385 3136 buius
1406 3070 1510 3144 urbis,
1539 3090 1609 3133 curn

283 3163 410 3227 illorum
439 3163 643 3228 delubrorum
672 3172 768 3248 atquc
795 3164 999 3248 templorum,
1031 3184 1102 3227 cnm
1131 3184 1302 3247 puerorum
1323 3163 1507 3239 infantium,
1531 3183 1648 3236 cum„

286 3263 502 3321 matronarum
523 3276 561 3319 ac
575 3257 732 3339 virginum
750 3258 898 3321 veniebat
911 3259 943 3321 in
959 3267 1107 3333 mentem,
1129 3266 1246 3321 etcum
1267 3257 1342 3321 illae
1355 3257 1488 3322 infestae
1502 3277 1539 3320 ac
1560 3256 1610 3320 lu·

284 3358 393 3417 ncstae
415 3349 502 3414 iaces
524 3352 773 3436 universumque
795 3353 893 3415 totius
914 3351 1002 3415 urbis
1024 3350 1228 3425 incendium,
1248 3370 1320 3414 cum
1345 3352 1424 3425 tela,
1446 3371 1518 3415 cunr
1539 3370 1610 3414 cae·

285 3445 358 3518 des,
381 3464 454 3507 cum
476 3444 593 3508 civium
614 3465 724 3520 cruor,
747 3465 819 3509 cum
841 3446 921 3510 cinis
944 3446 1063 3528 patriae
1079 3445 1197 3508 versari
1219 3451 1292 3507 ante
1306 3444 1416 3509 oculos
1432 3452 1527 3529 atque
1541 3444 1610 3508 ani·

283 3558 368 3601 mum
390 3537 545 3602 memoria
565 3537 713 3602 refricare
735 3548 900 3622 coeperat,
922 3547 989 3601 tum
1010 3539 1149 3624 denique
1171 3540 1201 3603 ei
1218 3539 1417 3613 resistebam,
1437 3558 1545 3624 neque
1558 3557 1610 3602 so·

282 3632 348 3696 lum
369 3630 416 3695 illi
437 3630 524 3696 bosti
546 3652 584 3696 ac
605 3632 797 3718 parricidae,
831 3631 887 3697 sed
909 3632 960 3698 his
982 3634 1077 3698 etiam
1098 3634 1288 3719 propinquis
1308 3634 1412 3710 illius,
1442 3633 1646 3710 Marcelline

282 3726 361 3810 patri
385 3732 417 3790 et
437 3723 521 3801 lilio,
543 3747 681 3810 quorum
702 3727 783 3791 alter
804 3728 887 3812 apud
909 3748 960 3792 me
981 3729 1122 3813 parentis
1143 3730 1347 3811 gravitatem,
1367 3728 1447 3792 alter
1465 3724 1522 3791 filii
1537 3747 1611 3792 sua·

281 3821 408 3884 vitatem
431 3820 610 3886 obtinebat:
632 3843 736 3905 neque
759 3842 810 3884 me
824 3822 999 3886 arbitrabar
1019 3823 1090 3885 sine
1111 3841 1234 3884 summo
1255 3822 1375 3886 scelere
1389 3841 1500 3904 posse,
1522 3820 1610 3902 quod

282 3910 471 3977 maleficium
493 3914 526 3978 in
549 3915 621 3978 aliis
635 3913 863 3991 vindicassem,
886 3915 971 3980 idem
993 3916 1027 3979 in
1047 3915 1174 3979 illorum
1191 3916 1295 3991 socio,
1317 3915 1534 3990 cumscirem,
1556 3915 1611 3978 de·

281 4005 422 4069 laudere.
466 4003 517 4070 20.
539 4009 643 4091 Atque
665 4008 748 4071 idem
772 4028 831 4091 ego
854 4029 960 4093 neque
982 4010 1015 4070 P.
1038 4008 1159 4071 Sullam
1181 4009 1358 4092 supplicem
1381 4009 1478 4082 serre,
1504 4028 1610 4093 neque

283 4099 412 4162 eosdem
433 4100 599 4165 idarcellos
620 4122 678 4184 pro
699 4101 794 4165 buius
815 4103 966 4183 periculis
984 4102 1183 4166 lacrimantes
1197 4103 1372 4187 adspicere,
1396 4123 1501 4186 neque
1515 4103 1647 4175 buiusse

346 4483 371 4534 4.
388 4482 514 4534 soncos
529 4483 549 4533 B
568 4508 596 4520 -
615 4482 640 4533 2.
659 4483 764 4543 tubes'l,
783 4482 912 4533 44444-
929 4484 1009 4547 [mss
1024 4483 1085 4533 VS:
1102 4482 1179 4546 444444
1195 4483 1243 4533 ΤΒ
1261 4482 1379 4534 etcodd.
1393 4482 1526 4549 plerique:
1543 4485 1611 4549 loces

282 4556 360 4608 codd.
379 4556 422 4607 alii
439 4558 507 4609 teste
523 4557 660 4610 lambino.
690 4557 917 4620 Cl.or.catil.11,
937 4557 1006 4622 543,
1024 4559 1070 4622 qpi
1088 4558 1177 4608 umen
1193 4555 1269 4607 locus
1285 4570 1338 4608 non
1355 4556 1432 4622 plene
1450 4559 1609 4614 estsimilis.

285 4660 312 4670 -
329 4633 416 4697 apso,
434 4633 527 4697 licoisas
543 4633 603 4684 cod.
622 4634 798 4692 &novensim
820 4634 894 4697 siem
913 4633 1017 4698 baiocis
1037 4635 1098 4683 Ant.
1116 4633 1277 4696 Augustinus
1300 4635 1328 4682 et
1348 4631 1503 4695 Huldricus,
1529 4649 1610 4700 quam

282 4708 497 4760 emendationem
520 4708 638 4761 defendit
660 4709 807 4773 Seyffertus
828 4722 855 4773 p.
875 4710 915 4760 44.
946 4711 980 4759 At
995 4709 1048 4759 boc
1065 4709 1087 4759 si
1104 4707 1231 4758 voluisset
1247 4708 1356 4768 Cicero,
1383 4711 1428 4758 eut
1442 4710 1517 4773 siquo
1533 4711 1614 4775 lepto-

281 4796 342 4833 sess
357 4785 404 4833 not
418 4784 493 4847 siqoo
506 4782 647 4847 leptorrcrio
663 4784 821 4847 scripsisset.
835 4810 861 4820 -
881 4782 904 4834 3,
923 4788 1069 4846 metesa
1083 4784 1146 4847 foria
1161 4783 1229 4832 tentis
1242 4794 1326 4844 possa
1341 4782 1398 4832 Τ-
1418 4782 1442 4834 i.
1461 4785 1496 4834 od
1510 4786 1611 4836 444444-

281 4855 1611 4920 amcoscoomn-t.tsoom.n—o.pesonsv-aasossv-mpitiostsr;sctpicssv

284 4960 311 4970 -
330 4934 364 4981 nd
378 4933 546 4997 itomanam
561 4932 585 4982 V
603 4956 630 4968 -
649 4932 673 4982 7.
691 4931 912 4990 comsanensis,
930 4932 1123 4982 consolationes
1140 4932 1157 4980 S
1171 4957 1197 4967 -
1216 4931 1241 4980 8.
1258 4942 1319 4993 erqo
1334 4934 1389 4979 ism
1402 4931 1527 4982 4444444444
1542 4935 1562 4984 Β
1581 4961 1609 4972 —

282 5008 306 5058 9.
320 5009 484 5071 dominnm.
497 5007 555 5058 s'c’l·
567 5033 595 5042 —
614 5007 679 5057 miso
690 5019 743 5057 om.
756 5007 806 5057 ΑΒ
820 5033 847 5042 -
861 5019 916 5068 seps
928 5007 958 5068 Τ,
976 5009 1007 5056 ut
1021 5005 1194 5072 pierumque;
1212 5004 1311 5066 saepias
1326 5004 1346 5054 B
1366 5030 1393 5040 -
1413 5005 1453 5056 40.
1466 5009 1614 5059 cetorosirss

281 5084 302 5134 Τ
319 5108 346 5119 -
366 5084 407 5133 44.
424 5084 573 5146 dissipatam
588 5082 611 5131 V
625 5109 651 5119 -
671 5083 711 5132 44.
729 5095 776 5132 suo
792 5083 819 5131 is
834 5095 874 5131 mc
890 5083 966 5131 ctiam
983 5084 1003 5133 T
1021 5108 1048 5117 -
1068 5079 1108 5130 43.
1125 5077 1319 5144 4444444444-
1340 5078 1381 5130 44.
1398 5085 1427 5129 oi
1442 5081 1565 5143 iom'l'V,
1583 5085 1613 5134 ut

281 5155 435 5221 Spengelius
452 5157 582 5208 coniecit:
604 5161 632 5206 rst
648 5156 723 5206 444444
739 5156 788 5207 iio
808 5184 835 5192 -
858 5156 918 5206 mibi
935 5157 983 5219 ipsi
999 5156 1092 5207 viss:
1111 5154 1186 5204 michi
1202 5153 1253 5216 ipse
1269 5153 1289 5203 Τ
1307 5153 1366 5216 (sed
1381 5153 1488 5205 ridetur
1505 5155 1553 5218 ipsi
1569 5169 1611 5221 pr.

281 5243 318 5282 m.
331 5233 489 5295 correctum)
500 5247 505 5291 ;
523 5233 570 5295 ipsi
580 5231 641 5282 mbt
652 5229 751 5294 aliquot
762 5230 827 5280 dett.
844 5231 945 5293 (4444444
953 5243 988 5281 m.
1002 5230 1020 5278 i.
1032 5228 1060 5292 Β)
1075 5254 1102 5263 -
1122 5229 1163 5277 it.
1176 5227 1305 5276 4444444444
1315 5227 1365 5278 TV
1378 5252 1405 5264 -
1419 5241 1470 5279 esse
1481 5242 1535 5281 om.
1548 5231 1567 5282 B
1583 5257 1608 5270 -

280 5305 308 5354 ie
324 5305 383 5355 meis
392 5305 488 5357 sedibus
497 5307 520 5356 V
531 5306 612 5368 solus,
623 5306 694 5356 unde
705 5305 868 5370 probabilior
879 5305 946 5356 iacta
959 5307 1001 5356 est
1012 5299 1162 5354 emendatio
1173 5302 1304 5363 Lambini,
1319 5303 1365 5365 qui
1376 5303 1477 5354 nedibus
1487 5306 1610 5356 coniecit.

282 5377 321 5430 Cl.
334 5381 423 5430 minen
437 5393 476 5430 or.
490 5380 524 5431 de
542 5380 622 5432 domo
639 5393 687 5431 sua
699 5380 714 5444 5
726 5379 773 5433 446
784 5394 824 5431 me
836 5382 864 5431 io
874 5381 970 5432 sedibus
979 5380 1040 5430 meis
1053 5377 1174 5428 collocetis
1185 5379 1213 5428 44
1224 5379 1295 5428 liavii
1309 5378 1368 5428 Ver.
1380 5379 1456 5429 lectt.
1472 5381 1504 5440 ll,
1516 5392 1544 5445 p.
1553 5379 1610 5430 4344.

284 5477 311 5488 -
330 5453 371 5503 46.
386 5455 476 5504 asor&
492 5455 551 5505 TV:
568 5456 657 5505 acoris
672 5468 741 5506 mccc
758 5456 841 5505 iio-
859 5457 899 5507 48.
912 5454 1081 5506 4444444444-
1093 5453 1416 5505 ⁴9.tsmosstrorrsmliet
1429 5455 1470 5505 sic
1484 5454 1612 5520 deinceps

282 5529 376 5591 quater
392 5534 445 5579 torn
461 5542 509 5594 pro
525 5544 583 5581 cum
603 5557 628 5565 -
647 5531 689 5580 tl.
707 5531 734 5579 io
749 5531 861 5596 mentes]
880 5530 954 5581 addit
969 5530 988 5580 B
1007 5528 1139 5579 discrimen
1155 5554 1182 5564 ·-
1197 5528 1256 5578 illos
1271 5532 1389 5579 4444444444
1404 5528 1427 5578 V
1446 5554 1473 5565 —
1496 5529 1537 5579 it.
1555 5543 1613 5580 cars

281 5603 484 5654 ulnam.'l'-
504 5603 912 5667 23.crsmcissispratriosv-
931 5604 1374 5666 ai.cespsrasr,cepcroots-
1394 5605 1609 5667 isanJcamV—

280 5678 1613 5743 25.iltius]sissrB-ii.cptinsbctv-posruosv-iss.isntiosB-idemssttcrrsoscio

282 5755 304 5803 V
322 5781 350 5792 -
369 5754 411 5806 30.
429 5756 525 5806 eosdm
541 5755 599 5805 iis:
618 5755 701 5806 corten
718 5757 753 5818 V,
770 5755 842 5806 bos'l
858 5783 892 5792 -
906 5770 955 5818 pro
971 5755 1045 5806 buius
1057 5755 1177 5817 perieritis
1192 5754 1354 5805 444444444444
1369 5754 1480 5816 4444444444
1496 5752 1549 5806 Eri.
1562 5755 1613 5804 TV

281 5830 338 5894 (sed
355 5831 375 5882 Τ
392 5843 446 5882 om.
463 5831 560 5892 bausit
582 5844 632 5894 pro
651 5832 724 5882 buius
742 5831 823 5882 salsis
845 5837 945 5883 craows
968 5831 1031 5896 (om.
1050 5830 1169 5894 opem)
1187 5831 1220 5892 1³3
1248 5827 1346 5881 desunt
1364 5827 1448 5881 verba
1464 5829 1492 5882 in
1508 5829 1526 5879 S
1542 5829 1571 5880 et
1585 5829 1613 5881 in

281 5904 359 5958 codd.
378 5904 436 5958 rell.
456 5931 485 5944 —
503 5906 578 5962 baira
592 5908 655 5974 post
669 5918 748 5972 seqre
763 5919 818 5958 om.
836 5907 865 5958 B.
