<?xml version="1.0" encoding="UTF-8"?>
<!DOCTYPE html PUBLIC "-//W3C//DTD XHTML 1.0 Transitional//EN"
    "http://www.w3.org/TR/xhtml1/DTD/xhtml1-transitional.dtd">
<html xmlns="http://www.w3.org/1999/xhtml" xml:lang="en" lang="en">
 <head>
  <title>
</title>
<meta http-equiv="Content-Type" content="text/html;charset=utf-8" />
  <meta name='ocr-system' content='tesseract 3.04.00' />
  <meta name='ocr-capabilities' content='ocr_page ocr_carea ocr_par ocr_line ocrx_word'/>
</head>
<body>
  <div class='ocr_page' id='page_1' title='image "./operaquaesupers08halmgoog_0374.png"; bbox 0 0 3800 7350; ppageno 0'>
   <div class='ocr_carea' id='block_1_1' title="bbox 322 1179 1223 1249">
    <p class='ocr_par' dir='ltr' id='par_1_1' title="bbox 322 1179 1223 1249">
     <span class='ocr_line' id='line_1_1' title="bbox 322 1179 1223 1249; baseline -0.006 -1"><span class='ocrx_word' id='word_1_1' title='bbox 322 1180 404 1249; x_wconf 79' lang='grc' dir='ltr'>Ι1096</span> <span class='ocrx_word' id='word_1_2' title='bbox 752 1180 905 1247; x_wconf 79' lang='lat' dir='ltr'>ORATIO</span> <span class='ocrx_word' id='word_1_3' title='bbox 926 1182 968 1244; x_wconf 85' lang='lat' dir='ltr'>IN</span> <span class='ocrx_word' id='word_1_4' title='bbox 991 1181 1025 1243; x_wconf 84' lang='lat' dir='ltr'>L.</span> <span class='ocrx_word' id='word_1_5' title='bbox 1047 1179 1223 1245; x_wconf 82' lang='lat' dir='ltr'><strong>PISONEM</strong></span> 
     </span>
    </p>
   </div>
   <div class='ocr_carea' id='block_1_2' title="bbox 321 1333 1762 1440">
    <p class='ocr_par' dir='ltr' id='par_1_2' title="bbox 321 1333 1762 1440">
     <span class='ocr_line' id='line_1_2' title="bbox 321 1333 1762 1440; baseline -0.008 -21"><span class='ocrx_word' id='word_1_6' title='bbox 321 1354 522 1440; x_wconf 77' lang='lat' dir='ltr'><strong>praedatores</strong></span> <span class='ocrx_word' id='word_1_7' title='bbox 555 1352 697 1416; x_wconf 79' lang='lat' dir='ltr'>effecisti.</span> <span class='ocrx_word' id='word_1_8' title='bbox 755 1352 928 1435; x_wconf 78' lang='lat' dir='ltr'>Vectigalia</span> <span class='ocrx_word' id='word_1_9' title='bbox 958 1358 1065 1414; x_wconf 86' lang='lat' dir='ltr'>nostra</span> <span class='ocrx_word' id='word_1_10' title='bbox 1094 1348 1331 1431; x_wconf 79' lang='lat' dir='ltr'>perturbarunt,</span> <span class='ocrx_word' id='word_1_11' title='bbox 1365 1347 1458 1411; x_wconf 86' lang='lat' dir='ltr'>urbes</span> <span class='ocrx_word' id='word_1_12' title='bbox 1486 1333 1650 1430; x_wconf 78' lang='lat' dir='ltr'>ceperunt,</span> <span class='ocrx_word' id='word_1_13' title='bbox 1757 1415 1762 1423; x_wconf 53' lang='grc'>,</span> 
     </span>
    </p>
   </div>
   <div class='ocr_carea' id='block_1_3' title="bbox 286 1439 1729 3874">
    <p class='ocr_par' dir='ltr' id='par_1_3' title="bbox 301 1439 1729 2174">
     <span class='ocr_line' id='line_1_3' title="bbox 322 1439 1649 1529; baseline -0.008 -16"><span class='ocrx_word' id='word_1_14' title='bbox 322 1452 484 1513; x_wconf 88' lang='lat' dir='ltr'>vastarunt</span> <span class='ocrx_word' id='word_1_15' title='bbox 503 1464 612 1529; x_wconf 74' lang='lat' dir='ltr'>agros,</span> <span class='ocrx_word' id='word_1_16' title='bbox 645 1446 748 1509; x_wconf 90' lang='lat' dir='ltr'>socios</span> <span class='ocrx_word' id='word_1_17' title='bbox 776 1453 900 1509; x_wconf 88' lang='lat' dir='ltr'>nostros</span> <span class='ocrx_word' id='word_1_18' title='bbox 928 1443 961 1508; x_wconf 91' lang='lat' dir='ltr'>iu</span> <span class='ocrx_word' id='word_1_19' title='bbox 983 1444 1169 1508; x_wconf 88' lang='lat' dir='ltr'>servitutum</span> <span class='ocrx_word' id='word_1_20' title='bbox 1191 1441 1407 1515; x_wconf 83' lang='lat' dir='ltr'>abduxerunt,</span> <span class='ocrx_word' id='word_1_21' title='bbox 1437 1440 1572 1504; x_wconf 82' lang='lat' dir='ltr'>familias</span> <span class='ocrx_word' id='word_1_22' title='bbox 1594 1439 1649 1503; x_wconf 87' lang='lat' dir='ltr'>ab·</span> 
     </span>
     <span class='ocr_line' id='line_1_4' title="bbox 321 1534 1650 1626; baseline -0.009 -19"><span class='ocrx_word' id='word_1_23' title='bbox 321 1543 504 1626; x_wconf 89' lang='lat' dir='ltr'>ripuerunt,</span> <span class='ocrx_word' id='word_1_24' title='bbox 528 1560 626 1625; x_wconf 89' lang='lat' dir='ltr'>pecus</span> <span class='ocrx_word' id='word_1_25' title='bbox 641 1539 831 1623; x_wconf 76' lang='lat' dir='ltr'>abegerunt,</span> <span class='ocrx_word' id='word_1_26' title='bbox 853 1538 1172 1610; x_wconf 83' lang='lat' dir='ltr'>Thessalonicenses,</span> <span class='ocrx_word' id='word_1_27' title='bbox 1195 1557 1266 1599; x_wconf 92' lang='lat' dir='ltr'>cum</span> <span class='ocrx_word' id='word_1_28' title='bbox 1283 1535 1400 1618; x_wconf 92' lang='lat' dir='ltr'>oppido</span> <span class='ocrx_word' id='word_1_29' title='bbox 1416 1534 1650 1618; x_wconf 87' lang='lat' dir='ltr'>desperassent,</span> 
     </span>
     <span class='ocr_line' id='line_1_5' title="bbox 322 1626 1650 1716; baseline -0.008 -17"><span class='ocrx_word' id='word_1_30' title='bbox 322 1637 444 1700; x_wconf 91' lang='lat' dir='ltr'>munire</span> <span class='ocrx_word' id='word_1_31' title='bbox 466 1654 571 1698; x_wconf 87' lang='lat' dir='ltr'>arcem</span> <span class='ocrx_word' id='word_1_32' title='bbox 594 1640 774 1716; x_wconf 70' lang='lat' dir='ltr'>coegemnt.</span> <span class='ocrx_word' id='word_1_33' title='bbox 817 1634 947 1695; x_wconf 90' lang='lat' dir='ltr'>XXXV.</span> <span class='ocrx_word' id='word_1_34' title='bbox 982 1629 1032 1693; x_wconf 84' lang='lat'>85.</span> <span class='ocrx_word' id='word_1_35' title='bbox 1066 1632 1145 1693; x_wconf 86' lang='lat' dir='ltr'>hle</span> <span class='ocrx_word' id='word_1_36' title='bbox 1168 1631 1252 1692; x_wconf 85' lang='lat' dir='ltr'>lovis</span> <span class='ocrx_word' id='word_1_37' title='bbox 1275 1629 1341 1692; x_wconf 90' lang='lat' dir='ltr'>Urii</span> <span class='ocrx_word' id='word_1_38' title='bbox 1363 1627 1471 1690; x_wconf 88' lang='lat' dir='ltr'>fanum</span> <span class='ocrx_word' id='word_1_39' title='bbox 1493 1626 1650 1710; x_wconf 88' lang='lat' dir='ltr'>antiquis-</span> 
     </span>
     <span class='ocr_line' id='line_1_6' title="bbox 301 1719 1650 1810; baseline -0.009 -17"><span class='ocrx_word' id='word_1_40' title='bbox 301 1731 435 1793; x_wconf 77' lang='lat' dir='ltr'>⁵simum</span> <span class='ocrx_word' id='word_1_41' title='bbox 463 1727 668 1791; x_wconf 90' lang='lat' dir='ltr'>barbarorum</span> <span class='ocrx_word' id='word_1_42' title='bbox 697 1727 996 1810; x_wconf 86' lang='lat' dir='ltr'>sanctissimumque</span> <span class='ocrx_word' id='word_1_43' title='bbox 1026 1725 1182 1808; x_wconf 87' lang='lat' dir='ltr'>direptum</span> <span class='ocrx_word' id='word_1_44' title='bbox 1211 1733 1276 1785; x_wconf 86' lang='lat' dir='ltr'>est:</span> <span class='ocrx_word' id='word_1_45' title='bbox 1312 1731 1366 1784; x_wconf 89' lang='lat' dir='ltr'>tua</span> <span class='ocrx_word' id='word_1_46' title='bbox 1394 1721 1513 1784; x_wconf 90' lang='lat' dir='ltr'>scelera</span> <span class='ocrx_word' id='word_1_47' title='bbox 1535 1719 1567 1782; x_wconf 92' lang='lat' dir='ltr'>di</span> <span class='ocrx_word' id='word_1_48' title='bbox 1590 1720 1650 1781; x_wconf 93' lang='lat' dir='ltr'>im·</span> 
     </span>
     <span class='ocr_line' id='line_1_7' title="bbox 321 1814 1650 1903; baseline -0.008 -16"><span class='ocrx_word' id='word_1_49' title='bbox 321 1822 469 1887; x_wconf 79' lang='lat' dir='ltr'>mortales</span> <span class='ocrx_word' id='word_1_50' title='bbox 499 1822 533 1885; x_wconf 89' lang='lat' dir='ltr'>iu</span> <span class='ocrx_word' id='word_1_51' title='bbox 562 1828 688 1885; x_wconf 88' lang='lat' dir='ltr'>nostros</span> <span class='ocrx_word' id='word_1_52' title='bbox 717 1820 833 1883; x_wconf 87' lang='lat' dir='ltr'>milites</span> <span class='ocrx_word' id='word_1_53' title='bbox 863 1822 1089 1903; x_wconf 85' lang='lat' dir='ltr'>expiaverunt:</span> <span class='ocrx_word' id='word_1_54' title='bbox 1129 1818 1184 1899; x_wconf 92' lang='lat' dir='ltr'>qui</span> <span class='ocrx_word' id='word_1_55' title='bbox 1213 1838 1284 1880; x_wconf 91' lang='lat' dir='ltr'>cum</span> <span class='ocrx_word' id='word_1_56' title='bbox 1316 1835 1380 1877; x_wconf 93' lang='lat' dir='ltr'>uno</span> <span class='ocrx_word' id='word_1_57' title='bbox 1410 1834 1524 1896; x_wconf 80' lang='lat' dir='ltr'>genere</span> <span class='ocrx_word' id='word_1_58' title='bbox 1547 1814 1650 1879; x_wconf 89' lang='lat' dir='ltr'>morbi</span> 
     </span>
     <span class='ocr_line' id='line_1_8' title="bbox 321 1906 1649 1999; baseline -0.008 -19"><span class='ocrx_word' id='word_1_59' title='bbox 321 1916 535 1999; x_wconf 77' lang='lat' dir='ltr'>affligerentur</span> <span class='ocrx_word' id='word_1_60' title='bbox 561 1933 666 1999; x_wconf 87' lang='lat' dir='ltr'>neque</span> <span class='ocrx_word' id='word_1_61' title='bbox 695 1935 729 1978; x_wconf 90' lang='lat' dir='ltr'>se</span> <span class='ocrx_word' id='word_1_62' title='bbox 759 1933 901 1976; x_wconf 87' lang='lat' dir='ltr'>recreare</span> <span class='ocrx_word' id='word_1_63' title='bbox 924 1915 1094 1998; x_wconf 91' lang='lat' dir='ltr'>quisquam</span> <span class='ocrx_word' id='word_1_64' title='bbox 1117 1919 1241 1993; x_wconf 89' lang='lat' dir='ltr'>posset,</span> <span class='ocrx_word' id='word_1_65' title='bbox 1275 1910 1330 1993; x_wconf 90' lang='lat' dir='ltr'>qui</span> <span class='ocrx_word' id='word_1_66' title='bbox 1354 1909 1453 1972; x_wconf 90' lang='lat' dir='ltr'>semel</span> <span class='ocrx_word' id='word_1_67' title='bbox 1475 1906 1649 1981; x_wconf 88' lang='lat' dir='ltr'>incidisset,</span> 
     </span>
     <span class='ocr_line' id='line_1_9' title="bbox 322 2000 1729 2091; baseline -0.007 -19"><span class='ocrx_word' id='word_1_68' title='bbox 322 2010 485 2074; x_wconf 85' lang='lat' dir='ltr'>dubitabat</span> <span class='ocrx_word' id='word_1_69' title='bbox 505 2027 600 2072; x_wconf 89' lang='lat' dir='ltr'>nemo</span> <span class='ocrx_word' id='word_1_70' title='bbox 622 2008 701 2091; x_wconf 89' lang='lat' dir='ltr'>quin</span> <span class='ocrx_word' id='word_1_71' title='bbox 723 2008 831 2071; x_wconf 87' lang='lat' dir='ltr'>violati</span> <span class='ocrx_word' id='word_1_72' title='bbox 853 2007 1011 2091; x_wconf 85' lang='lat' dir='ltr'>hospites,</span> <span class='ocrx_word' id='word_1_73' title='bbox 1045 2006 1140 2087; x_wconf 83' lang='lat' dir='ltr'>legati</span> <span class='ocrx_word' id='word_1_74' title='bbox 1162 2005 1287 2078; x_wconf 92' lang='lat' dir='ltr'>necati,</span> <span class='ocrx_word' id='word_1_75' title='bbox 1322 2001 1424 2085; x_wconf 90' lang='lat' dir='ltr'>pacati</span> <span class='ocrx_word' id='word_1_76' title='bbox 1453 2009 1549 2084; x_wconf 90' lang='lat' dir='ltr'>alque</span> <span class='ocrx_word' id='word_1_77' title='bbox 1572 2000 1650 2063; x_wconf 90' lang='lat' dir='ltr'>socii</span> <span class='ocrx_word' id='word_1_78' title='bbox 1726 2028 1729 2033; x_wconf 59' lang='lat'><strong><em>¹</em></strong></span> 
     </span>
     <span class='ocr_line' id='line_1_10' title="bbox 323 2093 1649 2174; baseline -0.009 -7"><span class='ocrx_word' id='word_1_79' title='bbox 323 2103 444 2167; x_wconf 88' lang='lat' dir='ltr'>nelarie</span> <span class='ocrx_word' id='word_1_80' title='bbox 471 2103 558 2167; x_wconf 90' lang='lat' dir='ltr'>bello</span> <span class='ocrx_word' id='word_1_81' title='bbox 585 2101 741 2174; x_wconf 89' lang='lat' dir='ltr'>lacessiti,</span> <span class='ocrx_word' id='word_1_82' title='bbox 773 2101 845 2164; x_wconf 88' lang='lat' dir='ltr'>lana</span> <span class='ocrx_word' id='word_1_83' title='bbox 869 2108 980 2163; x_wconf 85' lang='lat' dir='ltr'>vexata</span> <span class='ocrx_word' id='word_1_84' title='bbox 1009 2100 1090 2162; x_wconf 90' lang='lat' dir='ltr'>banc</span> <span class='ocrx_word' id='word_1_85' title='bbox 1118 2106 1236 2161; x_wconf 71' lang='lat' dir='ltr'>mutam</span> <span class='ocrx_word' id='word_1_86' title='bbox 1270 2093 1431 2159; x_wconf 85' lang='lat' dir='ltr'>allicerent</span> <span class='ocrx_word' id='word_1_87' title='bbox 1459 2094 1649 2158; x_wconf 89' lang='lat' dir='ltr'>vastitatem.</span> 
     </span>
    </p>

    <p class='ocr_par' dir='ltr' id='par_1_4' title="bbox 291 2189 1650 2355">
     <span class='ocr_line' id='line_1_11' title="bbox 291 2189 1650 2282; baseline -0.008 -20"><span class='ocrx_word' id='word_1_88' title='bbox 291 2198 494 2282; x_wconf 74' lang='lat' dir='ltr'>¹⁰Coguoscis</span> <span class='ocrx_word' id='word_1_89' title='bbox 524 2216 564 2258; x_wconf 83' lang='lat' dir='ltr'>ex</span> <span class='ocrx_word' id='word_1_90' title='bbox 594 2195 749 2278; x_wconf 87' lang='lat' dir='ltr'>particula</span> <span class='ocrx_word' id='word_1_91' title='bbox 778 2215 874 2277; x_wconf 88' lang='lat' dir='ltr'>parva</span> <span class='ocrx_word' id='word_1_92' title='bbox 903 2192 1056 2256; x_wconf 87' lang='lat' dir='ltr'>scelerum</span> <span class='ocrx_word' id='word_1_93' title='bbox 1086 2200 1116 2255; x_wconf 89' lang='lat' dir='ltr'>et</span> <span class='ocrx_word' id='word_1_94' title='bbox 1143 2191 1338 2254; x_wconf 85' lang='lat' dir='ltr'>crudelitatis</span> <span class='ocrx_word' id='word_1_95' title='bbox 1361 2196 1434 2252; x_wconf 90' lang='lat' dir='ltr'>tuae</span> <span class='ocrx_word' id='word_1_96' title='bbox 1456 2207 1555 2271; x_wconf 77' lang='lat' dir='ltr'>genus</span> <span class='ocrx_word' id='word_1_97' title='bbox 1578 2189 1650 2251; x_wconf 89' lang='lat' dir='ltr'>uni·</span> 
     </span>
     <span class='ocr_line' id='line_1_12' title="bbox 324 2310 460 2355; baseline 0 -3"><span class='ocrx_word' id='word_1_98' title='bbox 324 2310 460 2355; x_wconf 87' lang='lat' dir='ltr'>versum.</span> 
     </span>
    </p>

    <p class='ocr_par' dir='ltr' id='par_1_5' title="bbox 324 2378 1650 2654">
     <span class='ocr_line' id='line_1_13' title="bbox 408 2378 1650 2467; baseline -0.006 -22"><span class='ocrx_word' id='word_1_99' title='bbox 408 2380 459 2447; x_wconf 89' lang='lat'>86.</span> <span class='ocrx_word' id='word_1_100' title='bbox 488 2384 572 2461; x_wconf 86' lang='lat' dir='ltr'>Quid</span> <span class='ocrx_word' id='word_1_101' title='bbox 595 2384 761 2457; x_wconf 91' lang='lat' dir='ltr'>avaritiae,</span> <span class='ocrx_word' id='word_1_102' title='bbox 793 2403 876 2467; x_wconf 90' lang='lat' dir='ltr'>quae</span> <span class='ocrx_word' id='word_1_103' title='bbox 898 2384 1081 2447; x_wconf 90' lang='lat' dir='ltr'>criminibus</span> <span class='ocrx_word' id='word_1_104' title='bbox 1109 2381 1241 2446; x_wconf 87' lang='lat' dir='ltr'>infinitis</span> <span class='ocrx_word' id='word_1_105' title='bbox 1271 2378 1431 2462; x_wconf 88' lang='lat' dir='ltr'>implicata</span> <span class='ocrx_word' id='word_1_106' title='bbox 1461 2385 1529 2450; x_wconf 88' lang='lat' dir='ltr'>est,</span> <span class='ocrx_word' id='word_1_107' title='bbox 1564 2396 1650 2440; x_wconf 90' lang='lat' dir='ltr'>sum-</span> 
     </span>
     <span class='ocr_line' id='line_1_14' title="bbox 324 2471 1649 2562; baseline -0.008 -20"><span class='ocrx_word' id='word_1_108' title='bbox 324 2497 406 2542; x_wconf 91' lang='lat' dir='ltr'>mam</span> <span class='ocrx_word' id='word_1_109' title='bbox 428 2499 512 2541; x_wconf 91' lang='lat' dir='ltr'>nunc</span> <span class='ocrx_word' id='word_1_110' title='bbox 534 2478 709 2562; x_wconf 68' lang='lat' dir='ltr'>explicem?</span> <span class='ocrx_word' id='word_1_111' title='bbox 742 2477 920 2540; x_wconf 88' lang='lat' dir='ltr'>Generatim</span> <span class='ocrx_word' id='word_1_112' title='bbox 943 2497 997 2550; x_wconf 88' lang='lat' dir='ltr'>ca,</span> <span class='ocrx_word' id='word_1_113' title='bbox 1030 2495 1111 2558; x_wconf 91' lang='lat' dir='ltr'>quae</span> <span class='ocrx_word' id='word_1_114' title='bbox 1140 2476 1276 2539; x_wconf 88' lang='lat' dir='ltr'>maxime</span> <span class='ocrx_word' id='word_1_115' title='bbox 1305 2481 1381 2538; x_wconf 87' lang='lat' dir='ltr'>nota</span> <span class='ocrx_word' id='word_1_116' title='bbox 1411 2479 1501 2547; x_wconf 91' lang='lat' dir='ltr'>sunt,</span> <span class='ocrx_word' id='word_1_117' title='bbox 1535 2471 1649 2535; x_wconf 91' lang='lat' dir='ltr'>dicam.</span> 
     </span>
     <span class='ocr_line' id='line_1_15' title="bbox 324 2567 1648 2654; baseline -0.005 -20"><span class='ocrx_word' id='word_1_118' title='bbox 324 2572 435 2636; x_wconf 85' lang='lat' dir='ltr'>Nauae</span> <span class='ocrx_word' id='word_1_119' title='bbox 457 2574 637 2636; x_wconf 83' lang='lat' dir='ltr'>sestertium</span> <span class='ocrx_word' id='word_1_120' title='bbox 659 2574 801 2637; x_wconf 89' lang='lat' dir='ltr'>centiens</span> <span class='ocrx_word' id='word_1_121' title='bbox 824 2579 855 2635; x_wconf 91' lang='lat' dir='ltr'>et</span> <span class='ocrx_word' id='word_1_122' title='bbox 876 2572 1057 2653; x_wconf 77' lang='lat' dir='ltr'>octogiens,</span> <span class='ocrx_word' id='word_1_123' title='bbox 1093 2571 1178 2654; x_wconf 93' lang='lat' dir='ltr'>quod</span> <span class='ocrx_word' id='word_1_124' title='bbox 1207 2570 1297 2652; x_wconf 87' lang='lat' dir='ltr'>quasi</span> <span class='ocrx_word' id='word_1_125' title='bbox 1328 2568 1441 2631; x_wconf 90' lang='lat' dir='ltr'>vasarii</span> <span class='ocrx_word' id='word_1_126' title='bbox 1464 2567 1592 2629; x_wconf 89' lang='lat' dir='ltr'>nomine</span> <span class='ocrx_word' id='word_1_127' title='bbox 1615 2568 1648 2629; x_wconf 94' lang='lat' dir='ltr'>in</span> 
     </span>
    </p>

    <p class='ocr_par' dir='ltr' id='par_1_6' title="bbox 286 2662 1652 3874">
     <span class='ocr_line' id='line_1_16' title="bbox 288 2662 1650 2750; baseline -0.004 -22"><span class='ocrx_word' id='word_1_128' title='bbox 288 2667 507 2730; x_wconf 67' lang='lat' dir='ltr'>revenditione</span> <span class='ocrx_word' id='word_1_129' title='bbox 538 2668 599 2729; x_wconf 89' lang='lat' dir='ltr'>mei</span> <span class='ocrx_word' id='word_1_130' title='bbox 629 2665 741 2750; x_wconf 87' lang='lat' dir='ltr'>capitis</span> <span class='ocrx_word' id='word_1_131' title='bbox 770 2664 999 2748; x_wconf 88' lang='lat' dir='ltr'>adscripseras,</span> <span class='ocrx_word' id='word_1_132' title='bbox 1032 2684 1072 2726; x_wconf 81' lang='lat' dir='ltr'>ex</span> <span class='ocrx_word' id='word_1_133' title='bbox 1102 2664 1224 2728; x_wconf 89' lang='lat' dir='ltr'>aerario</span> <span class='ocrx_word' id='word_1_134' title='bbox 1248 2663 1302 2725; x_wconf 91' lang='lat' dir='ltr'>tibi</span> <span class='ocrx_word' id='word_1_135' title='bbox 1323 2662 1505 2725; x_wconf 89' lang='lat' dir='ltr'>attributum</span> <span class='ocrx_word' id='word_1_136' title='bbox 1529 2662 1650 2724; x_wconf 83' lang='lat' dir='ltr'>Romae</span> 
     </span>
     <span class='ocr_line' id='line_1_17' title="bbox 325 2755 1650 2845; baseline -0.004 -23"><span class='ocrx_word' id='word_1_137' title='bbox 325 2760 358 2822; x_wconf 92' lang='lat' dir='ltr'>iu</span> <span class='ocrx_word' id='word_1_138' title='bbox 387 2769 523 2843; x_wconf 91' lang='lat' dir='ltr'>quaestu</span> <span class='ocrx_word' id='word_1_139' title='bbox 553 2760 737 2845; x_wconf 71' lang='lat' dir='ltr'>reliquisti?</span> <span class='ocrx_word' id='word_1_140' title='bbox 775 2761 887 2822; x_wconf 85' lang='lat' dir='ltr'>Nonne</span> <span class='ocrx_word' id='word_1_141' title='bbox 917 2779 989 2821; x_wconf 90' lang='lat' dir='ltr'>cum</span> <span class='ocrx_word' id='word_1_142' title='bbox 1019 2757 1178 2822; x_wconf 81' lang='lat' dir='ltr'>utulenta</span> <span class='ocrx_word' id='word_1_143' title='bbox 1209 2757 1265 2820; x_wconf 92' lang='lat' dir='ltr'>tibi</span> <span class='ocrx_word' id='word_1_144' title='bbox 1288 2755 1509 2839; x_wconf 81' lang='lat' dir='ltr'>Apolloniatae</span> <span class='ocrx_word' id='word_1_145' title='bbox 1531 2757 1650 2818; x_wconf 87' lang='lat' dir='ltr'>Romae</span> 
     </span>
     <span class='ocr_line' id='line_1_18' title="bbox 325 2849 1650 2938; baseline -0.003 -23"><span class='ocrx_word' id='word_1_146' title='bbox 325 2853 504 2926; x_wconf 90' lang='lat' dir='ltr'>dedissent,</span> <span class='ocrx_word' id='word_1_147' title='bbox 527 2874 567 2916; x_wconf 90' lang='lat' dir='ltr'>ne</span> <span class='ocrx_word' id='word_1_148' title='bbox 588 2854 738 2938; x_wconf 90' lang='lat' dir='ltr'>pecunias</span> <span class='ocrx_word' id='word_1_149' title='bbox 761 2853 895 2917; x_wconf 89' lang='lat' dir='ltr'>creditas</span> <span class='ocrx_word' id='word_1_150' title='bbox 917 2852 1094 2926; x_wconf 88' lang='lat' dir='ltr'>solverent,</span> <span class='ocrx_word' id='word_1_151' title='bbox 1124 2852 1206 2915; x_wconf 89' lang='lat' dir='ltr'>ultro</span> <span class='ocrx_word' id='word_1_152' title='bbox 1227 2849 1400 2922; x_wconf 78' lang='lat' dir='ltr'>Fufidium,</span> <span class='ocrx_word' id='word_1_153' title='bbox 1427 2849 1564 2932; x_wconf 88' lang='lat' dir='ltr'>equitem</span> <span class='ocrx_word' id='word_1_154' title='bbox 1587 2850 1650 2911; x_wconf 81' lang='lat' dir='ltr'>ao-</span> 
     </span>
     <span class='ocr_line' id='line_1_19' title="bbox 325 2941 1650 3021; baseline -0.005 -11"><span class='ocrx_word' id='word_1_155' title='bbox 325 2966 467 3020; x_wconf 87' lang='lat' dir='ltr'>mauum,</span> <span class='ocrx_word' id='word_1_156' title='bbox 496 2947 657 3011; x_wconf 92' lang='lat' dir='ltr'>bominem</span> <span class='ocrx_word' id='word_1_157' title='bbox 680 2947 932 3021; x_wconf 88' lang='lat' dir='ltr'>ornatissimum,</span> <span class='ocrx_word' id='word_1_158' title='bbox 962 2947 1146 3010; x_wconf 85' lang='lat' dir='ltr'>creditorem</span> <span class='ocrx_word' id='word_1_159' title='bbox 1170 2945 1363 3008; x_wconf 91' lang='lat' dir='ltr'>debitoribus</span> <span class='ocrx_word' id='word_1_160' title='bbox 1385 2943 1451 3005; x_wconf 91' lang='lat' dir='ltr'>suis</span> <span class='ocrx_word' id='word_1_161' title='bbox 1473 2941 1650 3006; x_wconf 77' lang='lat' dir='ltr'>addixisti?</span> 
     </span>
     <span class='ocr_line' id='line_1_20' title="bbox 323 3037 1650 3124; baseline -0.002 -22"><span class='ocrx_word' id='word_1_162' title='bbox 323 3040 453 3114; x_wconf 88' lang='lat' dir='ltr'>Nonne,</span> <span class='ocrx_word' id='word_1_163' title='bbox 475 3040 607 3105; x_wconf 91' lang='lat' dir='ltr'>hiberna</span> <span class='ocrx_word' id='word_1_164' title='bbox 629 3062 699 3104; x_wconf 90' lang='lat' dir='ltr'>cum</span> <span class='ocrx_word' id='word_1_165' title='bbox 723 3042 825 3124; x_wconf 79' lang='lat' dir='ltr'>legato</span> <span class='ocrx_word' id='word_1_166' title='bbox 847 3040 1070 3124; x_wconf 77' lang='lat' dir='ltr'>praefectoque</span> <span class='ocrx_word' id='word_1_167' title='bbox 1092 3048 1147 3101; x_wconf 88' lang='lat' dir='ltr'>tuo</span> <span class='ocrx_word' id='word_1_168' title='bbox 1171 3037 1372 3110; x_wconf 89' lang='lat' dir='ltr'>tradidisses,</span> <span class='ocrx_word' id='word_1_169' title='bbox 1396 3039 1536 3101; x_wconf 88' lang='lat' dir='ltr'>evertisti</span> <span class='ocrx_word' id='word_1_170' title='bbox 1558 3039 1650 3100; x_wconf 90' lang='lat' dir='ltr'>mise·</span> 
     </span>
     <span class='ocr_line' id='line_1_21' title="bbox 287 3129 1649 3220; baseline -0.001 -24"><span class='ocrx_word' id='word_1_171' title='bbox 287 3144 375 3197; x_wconf 71' lang='lat' dir='ltr'>toras</span> <span class='ocrx_word' id='word_1_172' title='bbox 395 3134 538 3198; x_wconf 82' lang='lat' dir='ltr'>funditus</span> <span class='ocrx_word' id='word_1_173' title='bbox 560 3136 719 3200; x_wconf 74' lang='lat' dir='ltr'>civitates?</span> <span class='ocrx_word' id='word_1_174' title='bbox 743 3154 824 3220; x_wconf 90' lang='lat' dir='ltr'>qnae</span> <span class='ocrx_word' id='word_1_175' title='bbox 845 3154 910 3197; x_wconf 88' lang='lat' dir='ltr'>nou</span> <span class='ocrx_word' id='word_1_176' title='bbox 933 3134 1036 3196; x_wconf 90' lang='lat' dir='ltr'>solum</span> <span class='ocrx_word' id='word_1_177' title='bbox 1059 3132 1151 3195; x_wconf 92' lang='lat' dir='ltr'>bonis</span> <span class='ocrx_word' id='word_1_178' title='bbox 1174 3139 1248 3195; x_wconf 90' lang='lat' dir='ltr'>sunt</span> <span class='ocrx_word' id='word_1_179' title='bbox 1268 3131 1459 3206; x_wconf 85' lang='lat' dir='ltr'>exhaustae,</span> <span class='ocrx_word' id='word_1_180' title='bbox 1481 3129 1649 3194; x_wconf 89' lang='lat' dir='ltr'>sedetiam</span> 
     </span>
     <span class='ocr_line' id='line_1_22' title="bbox 323 3223 1650 3310; baseline -0.002 -20"><span class='ocrx_word' id='word_1_181' title='bbox 323 3227 460 3291; x_wconf 86' lang='lat' dir='ltr'>nefarias</span> <span class='ocrx_word' id='word_1_182' title='bbox 489 3228 655 3293; x_wconf 89' lang='lat' dir='ltr'>libidinum</span> <span class='ocrx_word' id='word_1_183' title='bbox 685 3228 892 3292; x_wconf 88' lang='lat' dir='ltr'>contumelias</span> <span class='ocrx_word' id='word_1_184' title='bbox 920 3225 1198 3310; x_wconf 86' lang='lat' dir='ltr'>turpitudinesque</span> <span class='ocrx_word' id='word_1_185' title='bbox 1221 3226 1394 3290; x_wconf 88' lang='lat' dir='ltr'>subierunt.</span> <span class='ocrx_word' id='word_1_186' title='bbox 1439 3223 1502 3298; x_wconf 83' lang='lat' dir='ltr'>Qui</span> <span class='ocrx_word' id='word_1_187' title='bbox 1536 3223 1650 3287; x_wconf 91' lang='lat' dir='ltr'>modus</span> 
     </span>
     <span class='ocr_line' id='line_1_23' title="bbox 321 3318 1652 3405; baseline -0.002 -22"><span class='ocrx_word' id='word_1_188' title='bbox 321 3321 379 3383; x_wconf 91' lang='lat' dir='ltr'>-tibi</span> <span class='ocrx_word' id='word_1_189' title='bbox 400 3321 461 3385; x_wconf 88' lang='lat' dir='ltr'>luit</span> <span class='ocrx_word' id='word_1_190' title='bbox 480 3319 630 3385; x_wconf 82' lang='lat' dir='ltr'>frumeuti</span> <span class='ocrx_word' id='word_1_191' title='bbox 652 3322 860 3385; x_wconf 74' lang='lat' dir='ltr'>aestimandis</span> <span class='ocrx_word' id='word_1_192' title='bbox 897 3321 953 3405; x_wconf 91' lang='lat' dir='ltr'>qui</span> <span class='ocrx_word' id='word_1_193' title='bbox 982 3320 1168 3383; x_wconf 68' lang='lat' dir='ltr'>honorarii?</span> <span class='ocrx_word' id='word_1_194' title='bbox 1205 3321 1230 3380; x_wconf 92' lang='lat' dir='ltr'>si</span> <span class='ocrx_word' id='word_1_195' title='bbox 1265 3318 1393 3401; x_wconf 90' lang='lat' dir='ltr'>quidem</span> <span class='ocrx_word' id='word_1_196' title='bbox 1423 3325 1529 3400; x_wconf 91' lang='lat' dir='ltr'>potest</span> <span class='ocrx_word' id='word_1_197' title='bbox 1555 3318 1587 3380; x_wconf 90' lang='lat' dir='ltr'>vi</span> <span class='ocrx_word' id='word_1_198' title='bbox 1618 3325 1652 3381; x_wconf 92' lang='lat' dir='ltr'>et</span> 
     </span>
     <span class='ocr_line' id='line_1_24' title="bbox 323 3412 1648 3495; baseline -0.003 -16"><span class='ocrx_word' id='word_1_199' title='bbox 323 3421 410 3479; x_wconf 90' lang='lat' dir='ltr'>metu</span> <span class='ocrx_word' id='word_1_200' title='bbox 432 3422 588 3481; x_wconf 85' lang='lat' dir='ltr'>extortum</span> <span class='ocrx_word' id='word_1_201' title='bbox 610 3416 815 3479; x_wconf 90' lang='lat' dir='ltr'>honorarium</span> <span class='ocrx_word' id='word_1_202' title='bbox 836 3414 1003 3478; x_wconf 88' lang='lat' dir='ltr'>nominari.</span> <span class='ocrx_word' id='word_1_203' title='bbox 1048 3412 1140 3488; x_wconf 86' lang='lat' dir='ltr'>Quod</span> <span class='ocrx_word' id='word_1_204' title='bbox 1163 3433 1236 3475; x_wconf 90' lang='lat' dir='ltr'>cum</span> <span class='ocrx_word' id='word_1_205' title='bbox 1259 3431 1418 3495; x_wconf 90' lang='lat' dir='ltr'>peraeque</span> <span class='ocrx_word' id='word_1_206' title='bbox 1433 3431 1560 3485; x_wconf 89' lang='lat' dir='ltr'>omnes,</span> <span class='ocrx_word' id='word_1_207' title='bbox 1582 3418 1648 3475; x_wconf 90' lang='lat' dir='ltr'>tum</span> 
     </span>
     <span class='ocr_line' id='line_1_25' title="bbox 323 3504 1649 3592; baseline -0.003 -21"><span class='ocrx_word' id='word_1_208' title='bbox 323 3507 526 3572; x_wconf 87' lang='lat' dir='ltr'>acerbissime</span> <span class='ocrx_word' id='word_1_209' title='bbox 558 3509 681 3574; x_wconf 90' lang='lat' dir='ltr'>Boeotii</span> <span class='ocrx_word' id='word_1_210' title='bbox 712 3516 744 3572; x_wconf 88' lang='lat' dir='ltr'>et</span> <span class='ocrx_word' id='word_1_211' title='bbox 776 3508 937 3592; x_wconf 80' lang='lat' dir='ltr'>Byzantii,</span> <span class='ocrx_word' id='word_1_212' title='bbox 975 3506 1188 3569; x_wconf 86' lang='lat' dir='ltr'>Cherronesus</span> <span class='ocrx_word' id='word_1_213' title='bbox 1222 3514 1253 3568; x_wconf 92' lang='lat' dir='ltr'>et</span> <span class='ocrx_word' id='word_1_214' title='bbox 1283 3504 1508 3583; x_wconf 80' lang='lat' dir='ltr'>Thessalonica</span> <span class='ocrx_word' id='word_1_215' title='bbox 1538 3505 1649 3569; x_wconf 86' lang='lat' dir='ltr'>sensit.</span> 
     </span>
     <span class='ocr_line' id='line_1_26' title="bbox 286 3599 1649 3684; baseline -0.001 -19"><span class='ocrx_word' id='word_1_216' title='bbox 286 3601 411 3666; x_wconf 73' lang='lat' dir='ltr'>sonus</span> <span class='ocrx_word' id='word_1_217' title='bbox 439 3609 474 3664; x_wconf 90' lang='lat' dir='ltr'>tu</span> <span class='ocrx_word' id='word_1_218' title='bbox 505 3602 670 3675; x_wconf 88' lang='lat' dir='ltr'>domiuus,</span> <span class='ocrx_word' id='word_1_219' title='bbox 704 3622 787 3665; x_wconf 90' lang='lat' dir='ltr'>unus</span> <span class='ocrx_word' id='word_1_220' title='bbox 817 3602 1016 3673; x_wconf 88' lang='lat' dir='ltr'>aestimator,</span> <span class='ocrx_word' id='word_1_221' title='bbox 1050 3620 1132 3666; x_wconf 89' lang='lat' dir='ltr'>unus</span> <span class='ocrx_word' id='word_1_222' title='bbox 1164 3600 1309 3662; x_wconf 91' lang='lat' dir='ltr'>venditor</span> <span class='ocrx_word' id='word_1_223' title='bbox 1337 3607 1403 3662; x_wconf 88' lang='lat' dir='ltr'>tota</span> <span class='ocrx_word' id='word_1_224' title='bbox 1431 3599 1464 3662; x_wconf 93' lang='lat' dir='ltr'>iu</span> <span class='ocrx_word' id='word_1_225' title='bbox 1487 3601 1649 3684; x_wconf 87' lang='lat' dir='ltr'>provincia</span> 
     </span>
     <span class='ocr_line' id='line_1_27' title="bbox 324 3690 1646 3781; baseline -0.003 -21"><span class='ocrx_word' id='word_1_226' title='bbox 324 3717 382 3781; x_wconf 90' lang='lat' dir='ltr'>per</span> <span class='ocrx_word' id='word_1_227' title='bbox 408 3697 580 3761; x_wconf 88' lang='lat' dir='ltr'>triennium</span> <span class='ocrx_word' id='word_1_228' title='bbox 607 3697 756 3761; x_wconf 82' lang='lat' dir='ltr'>frumeuti</span> <span class='ocrx_word' id='word_1_229' title='bbox 791 3697 892 3759; x_wconf 88' lang='lat' dir='ltr'>omnis</span> <span class='ocrx_word' id='word_1_230' title='bbox 919 3695 1016 3758; x_wconf 84' lang='lat' dir='ltr'>inisti.</span> <span class='ocrx_word' id='word_1_231' title='bbox 1072 3695 1216 3756; x_wconf 86' lang='lat' dir='ltr'>XXXVI.</span> <span class='ocrx_word' id='word_1_232' title='bbox 1251 3690 1302 3756; x_wconf 87' lang='lat'>87.</span> <span class='ocrx_word' id='word_1_233' title='bbox 1338 3692 1424 3768; x_wconf 88' lang='lat' dir='ltr'>Quid</span> <span class='ocrx_word' id='word_1_234' title='bbox 1453 3713 1512 3776; x_wconf 82' lang='lat' dir='ltr'>ego</span> <span class='ocrx_word' id='word_1_235' title='bbox 1543 3713 1646 3756; x_wconf 91' lang='lat' dir='ltr'>rerum</span> 
     </span>
     <span class='ocr_line' id='line_1_28' title="bbox 324 3786 1647 3874; baseline -0.005 -20"><span class='ocrx_word' id='word_1_236' title='bbox 324 3790 503 3874; x_wconf 88' lang='lat' dir='ltr'>capitalium</span> <span class='ocrx_word' id='word_1_237' title='bbox 531 3789 751 3873; x_wconf 85' lang='lat' dir='ltr'>quaestiones,</span> <span class='ocrx_word' id='word_1_238' title='bbox 780 3810 907 3853; x_wconf 91' lang='lat' dir='ltr'>reorum</span> <span class='ocrx_word' id='word_1_239' title='bbox 935 3789 1112 3873; x_wconf 90' lang='lat' dir='ltr'>pactiones,</span> <span class='ocrx_word' id='word_1_240' title='bbox 1141 3787 1390 3872; x_wconf 85' lang='lat' dir='ltr'>redemptiones,</span> <span class='ocrx_word' id='word_1_241' title='bbox 1426 3786 1647 3850; x_wconf 90' lang='lat' dir='ltr'>acerbissimas</span> 
     </span>
    </p>
   </div>
   <div class='ocr_carea' id='block_1_4' title="bbox 324 3879 1756 3964">
    <p class='ocr_par' dir='ltr' id='par_1_7' title="bbox 324 3879 1756 3964">
     <span class='ocr_line' id='line_1_29' title="bbox 324 3879 1756 3964; baseline -0.004 -18"><span class='ocrx_word' id='word_1_242' title='bbox 324 3884 559 3959; x_wconf 89' lang='lat' dir='ltr'>damnationes,</span> <span class='ocrx_word' id='word_1_243' title='bbox 582 3884 856 3948; x_wconf 87' lang='lat' dir='ltr'>libidinosissimas</span> <span class='ocrx_word' id='word_1_244' title='bbox 878 3882 1083 3946; x_wconf 89' lang='lat' dir='ltr'>liberationes</span> <span class='ocrx_word' id='word_1_245' title='bbox 1105 3881 1284 3964; x_wconf 68' lang='lat' dir='ltr'>proteram?</span> <span class='ocrx_word' id='word_1_246' title='bbox 1320 3888 1440 3944; x_wconf 91' lang='lat' dir='ltr'>tantum</span> <span class='ocrx_word' id='word_1_247' title='bbox 1463 3880 1570 3943; x_wconf 91' lang='lat' dir='ltr'>locum</span> <span class='ocrx_word' id='word_1_248' title='bbox 1592 3879 1649 3941; x_wconf 90' lang='lat' dir='ltr'>ali·</span> <span class='ocrx_word' id='word_1_249' title='bbox 1751 3885 1756 3889; x_wconf 83' lang='grc'><strong>’</strong></span> 
     </span>
    </p>
   </div>
   <div class='ocr_carea' id='block_1_5' title="bbox 270 3974 1649 4622">
    <p class='ocr_par' dir='ltr' id='par_1_8' title="bbox 270 3974 1649 4622">
     <span class='ocr_line' id='line_1_30' title="bbox 270 3974 1649 4063; baseline -0.005 -18"><span class='ocrx_word' id='word_1_250' title='bbox 270 4004 284 4045; x_wconf 86' lang='grc'>.-·</span> <span class='ocrx_word' id='word_1_251' title='bbox 325 3999 420 4063; x_wconf 90' lang='lat' dir='ltr'>quem</span> <span class='ocrx_word' id='word_1_252' title='bbox 448 3999 518 4044; x_wconf 88' lang='lat' dir='ltr'>cum</span> <span class='ocrx_word' id='word_1_253' title='bbox 547 3978 624 4041; x_wconf 91' lang='lat' dir='ltr'>mihi</span> <span class='ocrx_word' id='word_1_254' title='bbox 653 3986 762 4041; x_wconf 92' lang='lat' dir='ltr'>notum</span> <span class='ocrx_word' id='word_1_255' title='bbox 792 3998 863 4041; x_wconf 91' lang='lat' dir='ltr'>esse</span> <span class='ocrx_word' id='word_1_256' title='bbox 886 3977 1038 4049; x_wconf 89' lang='lat' dir='ltr'>senseris,</span> <span class='ocrx_word' id='word_1_257' title='bbox 1076 3984 1178 4040; x_wconf 90' lang='lat' dir='ltr'>tecum</span> <span class='ocrx_word' id='word_1_258' title='bbox 1201 3977 1269 4059; x_wconf 89' lang='lat' dir='ltr'>ipse</span> <span class='ocrx_word' id='word_1_259' title='bbox 1292 3975 1416 4049; x_wconf 87' lang='lat' dir='ltr'>licebit,</span> <span class='ocrx_word' id='word_1_260' title='bbox 1454 3983 1532 4057; x_wconf 92' lang='lat' dir='ltr'>quot</span> <span class='ocrx_word' id='word_1_261' title='bbox 1554 3974 1587 4037; x_wconf 93' lang='lat' dir='ltr'>in</span> <span class='ocrx_word' id='word_1_262' title='bbox 1610 3996 1649 4038; x_wconf 93' lang='lat' dir='ltr'>eo</span> 
     </span>
     <span class='ocr_line' id='line_1_31' title="bbox 285 4068 1648 4156; baseline -0.002 -22"><span class='ocrx_word' id='word_1_263' title='bbox 285 4088 439 4156; x_wconf 74' lang='lat' dir='ltr'>acgenerc</span> <span class='ocrx_word' id='word_1_264' title='bbox 461 4081 493 4136; x_wconf 89' lang='lat' dir='ltr'>ct</span> <span class='ocrx_word' id='word_1_265' title='bbox 515 4080 637 4156; x_wconf 90' lang='lat' dir='ltr'>quauta</span> <span class='ocrx_word' id='word_1_266' title='bbox 657 4072 721 4135; x_wconf 88' lang='lat' dir='ltr'>sint</span> <span class='ocrx_word' id='word_1_267' title='bbox 742 4071 890 4144; x_wconf 89' lang='lat' dir='ltr'>crimina,</span> <span class='ocrx_word' id='word_1_268' title='bbox 913 4071 1087 4133; x_wconf 91' lang='lat' dir='ltr'>recordere.</span> <span class='ocrx_word' id='word_1_269' title='bbox 1132 4070 1242 4146; x_wconf 79' lang='lat' dir='ltr'>Quint</span> <span class='ocrx_word' id='word_1_270' title='bbox 1265 4070 1349 4132; x_wconf 91' lang='lat' dir='ltr'>illam</span> <span class='ocrx_word' id='word_1_271' title='bbox 1372 4089 1531 4131; x_wconf 88' lang='lat' dir='ltr'>armorum</span> <span class='ocrx_word' id='word_1_272' title='bbox 1550 4068 1648 4132; x_wconf 80' lang='lat' dir='ltr'>oflici-</span> 
     </span>
     <span class='ocr_line' id='line_1_32' title="bbox 324 4164 1648 4248; baseline -0.003 -20"><span class='ocrx_word' id='word_1_273' title='bbox 324 4185 395 4228; x_wconf 85' lang='lat' dir='ltr'>nam</span> <span class='ocrx_word' id='word_1_274' title='bbox 426 4165 541 4248; x_wconf 88' lang='lat' dir='ltr'>ecquid</span> <span class='ocrx_word' id='word_1_275' title='bbox 571 4167 763 4240; x_wconf 86' lang='lat' dir='ltr'>recordaris,</span> <span class='ocrx_word' id='word_1_276' title='bbox 795 4185 882 4237; x_wconf 90' lang='lat' dir='ltr'>cum,</span> <span class='ocrx_word' id='word_1_277' title='bbox 916 4165 1001 4228; x_wconf 89' lang='lat' dir='ltr'>omni</span> <span class='ocrx_word' id='word_1_278' title='bbox 1024 4165 1122 4227; x_wconf 88' lang='lat' dir='ltr'>totius</span> <span class='ocrx_word' id='word_1_279' title='bbox 1144 4164 1325 4247; x_wconf 86' lang='lat' dir='ltr'>provinciae</span> <span class='ocrx_word' id='word_1_280' title='bbox 1347 4183 1462 4247; x_wconf 88' lang='lat' dir='ltr'>pecore</span> <span class='ocrx_word' id='word_1_281' title='bbox 1485 4164 1648 4246; x_wconf 92' lang='lat' dir='ltr'>compulso</span> 
     </span>
     <span class='ocr_line' id='line_1_33' title="bbox 323 4257 1649 4346; baseline -0.003 -23"><span class='ocrx_word' id='word_1_282' title='bbox 323 4258 460 4346; x_wconf 90' lang='lat' dir='ltr'>pellium</span> <span class='ocrx_word' id='word_1_283' title='bbox 475 4260 621 4335; x_wconf 90' lang='lat' dir='ltr'>nomine,</span> <span class='ocrx_word' id='word_1_284' title='bbox 654 4279 779 4323; x_wconf 91' lang='lat' dir='ltr'>omnem</span> <span class='ocrx_word' id='word_1_285' title='bbox 811 4265 976 4344; x_wconf 89' lang='lat' dir='ltr'>quaestum</span> <span class='ocrx_word' id='word_1_286' title='bbox 1006 4257 1095 4321; x_wconf 91' lang='lat' dir='ltr'>illum</span> <span class='ocrx_word' id='word_1_287' title='bbox 1118 4258 1324 4321; x_wconf 91' lang='lat' dir='ltr'>domesticum</span> <span class='ocrx_word' id='word_1_288' title='bbox 1347 4264 1577 4340; x_wconf 89' lang='lat' dir='ltr'>paternumque</span> <span class='ocrx_word' id='word_1_289' title='bbox 1600 4277 1649 4319; x_wconf 88' lang='lat' dir='ltr'>re·</span> 
     </span>
     <span class='ocr_line' id='line_1_34' title="bbox 324 4350 1647 4436; baseline 0 -21"><span class='ocrx_word' id='word_1_290' title='bbox 324 4354 471 4416; x_wconf 81' lang='lat' dir='ltr'>novastil</span> <span class='ocrx_word' id='word_1_291' title='bbox 508 4353 639 4416; x_wconf 85' lang='lat' dir='ltr'>Videras</span> <span class='ocrx_word' id='word_1_292' title='bbox 672 4353 755 4416; x_wconf 91' lang='lat' dir='ltr'>enim</span> <span class='ocrx_word' id='word_1_293' title='bbox 784 4352 912 4436; x_wconf 77' lang='lat' dir='ltr'>grandis</span> <span class='ocrx_word' id='word_1_294' title='bbox 941 4353 1003 4414; x_wconf 90' lang='lat' dir='ltr'>iam</span> <span class='ocrx_word' id='word_1_295' title='bbox 1034 4372 1112 4433; x_wconf 90' lang='lat' dir='ltr'>puer</span> <span class='ocrx_word' id='word_1_296' title='bbox 1140 4352 1224 4415; x_wconf 89' lang='lat' dir='ltr'>bello</span> <span class='ocrx_word' id='word_1_297' title='bbox 1245 4351 1354 4414; x_wconf 91' lang='lat' dir='ltr'>ltalico</span> <span class='ocrx_word' id='word_1_298' title='bbox 1377 4350 1490 4434; x_wconf 89' lang='lat' dir='ltr'>repleri</span> <span class='ocrx_word' id='word_1_299' title='bbox 1514 4358 1647 4433; x_wconf 90' lang='lat' dir='ltr'>quaestu</span> 
     </span>
     <span class='ocr_line' id='line_1_35' title="bbox 325 4443 1648 4530; baseline -0.003 -21"><span class='ocrx_word' id='word_1_300' title='bbox 325 4454 460 4511; x_wconf 87' lang='lat' dir='ltr'>vestram</span> <span class='ocrx_word' id='word_1_301' title='bbox 489 4446 636 4521; x_wconf 90' lang='lat' dir='ltr'>domum,</span> <span class='ocrx_word' id='word_1_302' title='bbox 670 4468 742 4510; x_wconf 90' lang='lat' dir='ltr'>cum</span> <span class='ocrx_word' id='word_1_303' title='bbox 771 4453 862 4530; x_wconf 90' lang='lat' dir='ltr'>pater</span> <span class='ocrx_word' id='word_1_304' title='bbox 889 4448 985 4510; x_wconf 91' lang='lat' dir='ltr'>armis</span> <span class='ocrx_word' id='word_1_305' title='bbox 1014 4444 1165 4508; x_wconf 82' lang='lat' dir='ltr'>iaciendis</span> <span class='ocrx_word' id='word_1_306' title='bbox 1194 4454 1267 4508; x_wconf 93' lang='lat' dir='ltr'>tuus</span> <span class='ocrx_word' id='word_1_307' title='bbox 1298 4444 1499 4527; x_wconf 69' lang='lat' dir='ltr'>praefuisset,</span> <span class='ocrx_word' id='word_1_308' title='bbox 1537 4443 1648 4520; x_wconf 76' lang='lat' dir='ltr'>Quid?</span> 
     </span>
     <span class='ocr_line' id='line_1_36' title="bbox 286 4539 1648 4622; baseline -0.001 -20"><span class='ocrx_word' id='word_1_309' title='bbox 286 4540 512 4622; x_wconf 75' lang='lat' dir='ltr'>aevectiqalem</span> <span class='ocrx_word' id='word_1_310' title='bbox 528 4541 738 4622; x_wconf 91' lang='lat' dir='ltr'>provinciam,</span> <span class='ocrx_word' id='word_1_311' title='bbox 760 4539 893 4622; x_wconf 81' lang='lat' dir='ltr'>singulis</span> <span class='ocrx_word' id='word_1_312' title='bbox 915 4539 1027 4611; x_wconf 93' lang='lat' dir='ltr'>rebus,</span> <span class='ocrx_word' id='word_1_313' title='bbox 1049 4558 1269 4622; x_wconf 87' lang='lat' dir='ltr'>quaecumque</span> <span class='ocrx_word' id='word_1_314' title='bbox 1291 4539 1446 4612; x_wconf 91' lang='lat' dir='ltr'>venirent,</span> <span class='ocrx_word' id='word_1_315' title='bbox 1469 4547 1555 4601; x_wconf 89' lang='lat' dir='ltr'>certo</span> <span class='ocrx_word' id='word_1_316' title='bbox 1577 4559 1648 4622; x_wconf 92' lang='lat' dir='ltr'>por-</span> 
     </span>
    </p>
   </div>
   <div class='ocr_carea' id='block_1_6' title="bbox 325 4816 1649 5107">
    <p class='ocr_par' dir='ltr' id='par_1_9' title="bbox 325 4816 1649 5107">
     <span class='ocr_line' id='line_1_37' title="bbox 392 4816 1649 4882; baseline -0.002 -13"><span class='ocrx_word' id='word_1_317' title='bbox 392 4822 415 4869; x_wconf 90' lang='lat' dir='ltr'>t.</span> <span class='ocrx_word' id='word_1_318' title='bbox 431 4819 594 4881; x_wconf 67' lang='lat' dir='ltr'>pradatores</span> <span class='ocrx_word' id='word_1_319' title='bbox 610 4820 644 4868; x_wconf 85' lang='lat' dir='ltr'>E:</span> <span class='ocrx_word' id='word_1_320' title='bbox 661 4819 798 4882; x_wconf 80' lang='lat' dir='ltr'>preditores</span> <span class='ocrx_word' id='word_1_321' title='bbox 815 4822 852 4878; x_wconf 76' lang='lat' dir='ltr'>G,</span> <span class='ocrx_word' id='word_1_322' title='bbox 868 4819 1007 4881; x_wconf 79' lang='lat' dir='ltr'>perditores</span> <span class='ocrx_word' id='word_1_323' title='bbox 1024 4819 1095 4868; x_wconf 91' lang='lat' dir='ltr'>FSO</span> <span class='ocrx_word' id='word_1_324' title='bbox 1114 4845 1139 4852; x_wconf 87' lang='lat'><em>-</em></span> <span class='ocrx_word' id='word_1_325' title='bbox 1159 4818 1183 4867; x_wconf 65' lang='grc' dir='ltr'>Ξ.</span> <span class='ocrx_word' id='word_1_326' title='bbox 1202 4818 1362 4867; x_wconf 71' lang='lat' dir='ltr'>adduxerant</span> <span class='ocrx_word' id='word_1_327' title='bbox 1378 4818 1427 4868; x_wconf 79' lang='lat' dir='ltr'>als</span> <span class='ocrx_word' id='word_1_328' title='bbox 1441 4845 1467 4854; x_wconf 90' lang='lat'><em>-</em></span> <span class='ocrx_word' id='word_1_329' title='bbox 1486 4816 1649 4881; x_wconf 77' lang='lat' dir='ltr'>abripuerunt</span> 
     </span>
     <span class='ocr_line' id='line_1_38' title="bbox 326 4891 1649 4958; baseline 0.001 -15"><span class='ocrx_word' id='word_1_330' title='bbox 326 4895 505 4944; x_wconf 84' lang='lat' dir='ltr'>Hotomanus:</span> <span class='ocrx_word' id='word_1_331' title='bbox 523 4895 685 4955; x_wconf 74' lang='lat' dir='ltr'>arripuerunt</span> <span class='ocrx_word' id='word_1_332' title='bbox 703 4895 733 4944; x_wconf 89' lang='lat' dir='ltr'>C.</span> <span class='ocrx_word' id='word_1_333' title='bbox 759 4893 857 4945; x_wconf 86' lang='lat' dir='ltr'>Eadem</span> <span class='ocrx_word' id='word_1_334' title='bbox 875 4894 1028 4958; x_wconf 85' lang='lat' dir='ltr'>depravatio</span> <span class='ocrx_word' id='word_1_335' title='bbox 1047 4896 1087 4942; x_wconf 84' lang='lat' dir='ltr'>est</span> <span class='ocrx_word' id='word_1_336' title='bbox 1103 4893 1129 4942; x_wconf 93' lang='lat' dir='ltr'>in</span> <span class='ocrx_word' id='word_1_337' title='bbox 1146 4894 1207 4943; x_wconf 87' lang='lat' dir='ltr'>Tac.</span> <span class='ocrx_word' id='word_1_338' title='bbox 1226 4894 1292 4942; x_wconf 82' lang='lat' dir='ltr'>hun.</span> <span class='ocrx_word' id='word_1_339' title='bbox 1310 4892 1368 4952; x_wconf 78' lang='grc' dir='ltr'>ΧΠ,</span> <span class='ocrx_word' id='word_1_340' title='bbox 1388 4893 1411 4941; x_wconf 86' lang='grc'>6.</span> <span class='ocrx_word' id='word_1_341' title='bbox 1426 4919 1453 4929; x_wconf 89' lang='lat'>-—</span> <span class='ocrx_word' id='word_1_342' title='bbox 1472 4891 1496 4943; x_wconf 89' lang='lat' dir='ltr'>l.</span> <span class='ocrx_word' id='word_1_343' title='bbox 1517 4895 1570 4944; x_wconf 85' lang='lat' dir='ltr'>Urii</span> <span class='ocrx_word' id='word_1_344' title='bbox 1585 4896 1649 4945; x_wconf 75' lang='lat' dir='ltr'>lur-</span> 
     </span>
     <span class='ocr_line' id='line_1_39' title="bbox 326 4966 1646 5034; baseline 0.002 -16"><span class='ocrx_word' id='word_1_345' title='bbox 326 4966 426 5018; x_wconf 87' lang='lat' dir='ltr'>nebus:</span> <span class='ocrx_word' id='word_1_346' title='bbox 445 4968 539 5018; x_wconf 61' lang='lat' dir='ltr'>aeuus·</span> <span class='ocrx_word' id='word_1_347' title='bbox 555 4973 600 5020; x_wconf 89' lang='lat' dir='ltr'>aut</span> <span class='ocrx_word' id='word_1_348' title='bbox 616 4970 656 5019; x_wconf 80' lang='lat' dir='ltr'>ael</span> <span class='ocrx_word' id='word_1_349' title='bbox 672 4970 725 5020; x_wconf 79' lang='lat' dir='ltr'>satri</span> <span class='ocrx_word' id='word_1_350' title='bbox 743 4970 772 5020; x_wconf 86' lang='lat' dir='ltr'>C.</span> <span class='ocrx_word' id='word_1_351' title='bbox 797 4968 834 5020; x_wconf 89' lang='lat' dir='ltr'>Cl.</span> <span class='ocrx_word' id='word_1_352' title='bbox 853 4971 962 5034; x_wconf 88' lang='lat' dir='ltr'>interpr.</span> <span class='ocrx_word' id='word_1_353' title='bbox 982 4968 1015 5019; x_wconf 87' lang='lat' dir='ltr'>ad</span> <span class='ocrx_word' id='word_1_354' title='bbox 1033 4970 1108 5019; x_wconf 85' lang='lat' dir='ltr'>Verr.</span> <span class='ocrx_word' id='word_1_355' title='bbox 1126 4969 1168 5027; x_wconf 89' lang='lat' dir='ltr'>IV,</span> <span class='ocrx_word' id='word_1_356' title='bbox 1187 4968 1202 5032; x_wconf 62' lang='grc' dir='ltr'><strong>ξ</strong></span> <span class='ocrx_word' id='word_1_357' title='bbox 1221 4969 1267 5019; x_wconf 71' lang='lat'>⁴28</span> <span class='ocrx_word' id='word_1_358' title='bbox 1285 4972 1312 5019; x_wconf 86' lang='lat' dir='ltr'>et</span> <span class='ocrx_word' id='word_1_359' title='bbox 1328 4969 1357 5018; x_wconf 91' lang='lat' dir='ltr'>O.</span> <span class='ocrx_word' id='word_1_360' title='bbox 1371 4970 1441 5019; x_wconf 90' lang='lat' dir='ltr'>lehn.</span> <span class='ocrx_word' id='word_1_361' title='bbox 1460 4969 1485 5019; x_wconf 91' lang='lat' dir='ltr'>in</span> <span class='ocrx_word' id='word_1_362' title='bbox 1502 4971 1615 5020; x_wconf 84' lang='lat' dir='ltr'>Zeitschr.</span> <span class='ocrx_word' id='word_1_363' title='bbox 1626 4971 1646 5034; x_wconf 71' lang='lat' dir='ltr'>f.</span> 
     </span>
     <span class='ocr_line' id='line_1_40' title="bbox 325 5042 1645 5107; baseline 0.002 -15"><span class='ocrx_word' id='word_1_364' title='bbox 325 5043 349 5093; x_wconf 91' lang='lat' dir='ltr'>d.</span> <span class='ocrx_word' id='word_1_365' title='bbox 367 5043 580 5093; x_wconf 69' lang='lat' dir='ltr'>Atterthumswiss.</span> <span class='ocrx_word' id='word_1_366' title='bbox 599 5042 675 5103; x_wconf 76' lang='lat' dir='ltr'>salt,</span> <span class='ocrx_word' id='word_1_367' title='bbox 699 5058 723 5107; x_wconf 89' lang='lat' dir='ltr'>p.</span> <span class='ocrx_word' id='word_1_368' title='bbox 745 5044 801 5094; x_wconf 78' lang='lat'>958.</span> <span class='ocrx_word' id='word_1_369' title='bbox 822 5070 849 5080; x_wconf 94' lang='lat'><em>-</em></span> <span class='ocrx_word' id='word_1_370' title='bbox 873 5047 898 5096; x_wconf 84' lang='grc'>6.</span> <span class='ocrx_word' id='word_1_371' title='bbox 916 5046 1087 5107; x_wconf 60' lang='lat' dir='ltr'>mollescant</span> <span class='ocrx_word' id='word_1_372' title='bbox 1108 5045 1176 5093; x_wconf 92' lang='lat' dir='ltr'>coni.</span> <span class='ocrx_word' id='word_1_373' title='bbox 1197 5044 1307 5094; x_wconf 86' lang='lat' dir='ltr'>Ernesti.</span> <span class='ocrx_word' id='word_1_374' title='bbox 1331 5070 1358 5080; x_wconf 93' lang='lat'>-</span> <span class='ocrx_word' id='word_1_375' title='bbox 1384 5045 1408 5092; x_wconf 83' lang='lat'>7.</span> <span class='ocrx_word' id='word_1_376' title='bbox 1427 5046 1470 5106; x_wconf 82' lang='lat' dir='ltr'>qui</span> <span class='ocrx_word' id='word_1_377' title='bbox 1490 5045 1563 5094; x_wconf 71' lang='lat' dir='ltr'>senml</span> <span class='ocrx_word' id='word_1_378' title='bbox 1583 5047 1645 5096; x_wconf 87' lang='lat' dir='ltr'>blS:</span> 
     </span>
    </p>
   </div>
   <div class='ocr_carea' id='block_1_7' title="bbox 324 5118 1744 5187">
    <p class='ocr_par' dir='ltr' id='par_1_10' title="bbox 324 5118 1744 5187">
     <span class='ocr_line' id='line_1_41' title="bbox 324 5118 1744 5187; baseline 0.001 -18"><span class='ocrx_word' id='word_1_379' title='bbox 324 5119 398 5170; x_wconf 80' lang='lat' dir='ltr'>sesnel</span> <span class='ocrx_word' id='word_1_380' title='bbox 414 5120 457 5181; x_wconf 82' lang='lat' dir='ltr'>qai</span> <span class='ocrx_word' id='word_1_381' title='bbox 474 5120 507 5179; x_wconf 71' lang='lat' dir='ltr'>F,</span> <span class='ocrx_word' id='word_1_382' title='bbox 531 5119 575 5181; x_wconf 83' lang='lat' dir='ltr'>qui</span> <span class='ocrx_word' id='word_1_383' title='bbox 596 5118 671 5168; x_wconf 79' lang='lat' dir='ltr'>simul</span> <span class='ocrx_word' id='word_1_384' title='bbox 693 5118 712 5169; x_wconf 82' lang='lat' dir='ltr'>li</span> <span class='ocrx_word' id='word_1_385' title='bbox 722 5120 741 5167; x_wconf 90' lang='lat' dir='ltr'>G</span> <span class='ocrx_word' id='word_1_386' title='bbox 751 5121 770 5167; x_wconf 84' lang='grc' dir='ltr'><strong>Ρ</strong></span> <span class='ocrx_word' id='word_1_387' title='bbox 794 5120 838 5178; x_wconf 80' lang='lat' dir='ltr'>(ex</span> <span class='ocrx_word' id='word_1_388' title='bbox 860 5121 955 5170; x_wconf 64' lang='lat' dir='ltr'>emuli</span> <span class='ocrx_word' id='word_1_389' title='bbox 979 5133 1003 5168; x_wconf 91' lang='lat' dir='ltr'>v.</span> <span class='ocrx_word' id='word_1_390' title='bbox 1022 5118 1154 5170; x_wconf 87' lang='lat' dir='ltr'>ltitschelii</span> <span class='ocrx_word' id='word_1_391' title='bbox 1170 5119 1281 5183; x_wconf 75' lang='lat' dir='ltr'>Prolqu.</span> <span class='ocrx_word' id='word_1_392' title='bbox 1300 5119 1334 5169; x_wconf 90' lang='lat' dir='ltr'>od</span> <span class='ocrx_word' id='word_1_393' title='bbox 1349 5120 1429 5169; x_wconf 84' lang='lat' dir='ltr'>Plaut.</span> <span class='ocrx_word' id='word_1_394' title='bbox 1448 5133 1473 5179; x_wconf 88' lang='lat' dir='ltr'>p.</span> <span class='ocrx_word' id='word_1_395' title='bbox 1491 5119 1600 5178; x_wconf 69' lang='lat' dir='ltr'>XCVII.)</span> <span class='ocrx_word' id='word_1_396' title='bbox 1620 5147 1646 5155; x_wconf 95' lang='lat'>-</span> <span class='ocrx_word' id='word_1_397' title='bbox 1742 5182 1744 5187; x_wconf 26' lang='grc' dir='ltr'>Ι</span> 
     </span>
    </p>
   </div>
   <div class='ocr_carea' id='block_1_8' title="bbox 320 5192 1650 5930">
    <p class='ocr_par' dir='ltr' id='par_1_11' title="bbox 320 5192 1650 5930">
     <span class='ocr_line' id='line_1_42' title="bbox 327 5192 1650 5258; baseline 0.002 -15"><span class='ocrx_word' id='word_1_398' title='bbox 327 5196 367 5246; x_wconf 81' lang='lat' dir='ltr'>to.</span> <span class='ocrx_word' id='word_1_399' title='bbox 383 5208 467 5257; x_wconf 71' lang='lat' dir='ltr'>panio</span> <span class='ocrx_word' id='word_1_400' title='bbox 484 5194 517 5243; x_wconf 90' lang='lat' dir='ltr'>C:</span> <span class='ocrx_word' id='word_1_401' title='bbox 534 5206 664 5256; x_wconf 71' lang='lat' dir='ltr'>perper-ou</span> <span class='ocrx_word' id='word_1_402' title='bbox 681 5194 711 5243; x_wconf 93' lang='lat'>0.</span> <span class='ocrx_word' id='word_1_403' title='bbox 734 5193 773 5243; x_wconf 88' lang='lat' dir='ltr'>Cl.</span> <span class='ocrx_word' id='word_1_404' title='bbox 791 5194 878 5243; x_wconf 89' lang='lat' dir='ltr'>Garat.</span> <span class='ocrx_word' id='word_1_405' title='bbox 897 5193 987 5244; x_wconf 87' lang='lat' dir='ltr'>adnot.</span> <span class='ocrx_word' id='word_1_406' title='bbox 1003 5193 1156 5244; x_wconf 88' lang='lat' dir='ltr'>eruditionis</span> <span class='ocrx_word' id='word_1_407' title='bbox 1174 5192 1287 5257; x_wconf 89' lang='lat' dir='ltr'>plenam.</span> <span class='ocrx_word' id='word_1_408' title='bbox 1302 5220 1329 5229; x_wconf 90' lang='lat'><em>-</em></span> <span class='ocrx_word' id='word_1_409' title='bbox 1350 5195 1389 5243; x_wconf 82' lang='lat' dir='ltr'>ta.</span> <span class='ocrx_word' id='word_1_410' title='bbox 1410 5196 1650 5258; x_wconf 55' lang='lat' dir='ltr'>Quid-wamiam</span> 
     </span>
     <span class='ocr_line' id='line_1_43' title="bbox 325 5267 1648 5330; baseline 0.002 -11"><span class='ocrx_word' id='word_1_411' title='bbox 325 5269 402 5320; x_wconf 83' lang='lat' dir='ltr'>atierl</span> <span class='ocrx_word' id='word_1_412' title='bbox 417 5269 565 5321; x_wconf 88' lang='lat' dir='ltr'>Priscianus</span> <span class='ocrx_word' id='word_1_413' title='bbox 582 5267 628 5328; x_wconf 82' lang='lat' dir='ltr'>lx,</span> <span class='ocrx_word' id='word_1_414' title='bbox 647 5268 671 5327; x_wconf 82' lang='lat'>7,</span> <span class='ocrx_word' id='word_1_415' title='bbox 689 5268 729 5316; x_wconf 79' lang='lat'>37.</span> <span class='ocrx_word' id='word_1_416' title='bbox 744 5293 772 5302; x_wconf 93' lang='lat'><em>-</em></span> <span class='ocrx_word' id='word_1_417' title='bbox 792 5268 922 5330; x_wconf 78' lang='lat' dir='ltr'>implicata</span> <span class='ocrx_word' id='word_1_418' title='bbox 939 5270 975 5320; x_wconf 86' lang='lat' dir='ltr'>C:</span> <span class='ocrx_word' id='word_1_419' title='bbox 994 5269 1114 5330; x_wconf 72' lang='lat' dir='ltr'>inplicito</span> <span class='ocrx_word' id='word_1_420' title='bbox 1131 5269 1212 5318; x_wconf 84' lang='lat' dir='ltr'>Prisc.</span> <span class='ocrx_word' id='word_1_421' title='bbox 1227 5294 1255 5303; x_wconf 96' lang='lat'>-</span> <span class='ocrx_word' id='word_1_422' title='bbox 1275 5268 1314 5317; x_wconf 81' lang='grc'>45,</span> <span class='ocrx_word' id='word_1_423' title='bbox 1333 5270 1485 5330; x_wconf 72' lang='lat' dir='ltr'>rescripseras</span> <span class='ocrx_word' id='word_1_424' title='bbox 1495 5268 1535 5318; x_wconf 92' lang='lat' dir='ltr'>vel</span> <span class='ocrx_word' id='word_1_425' title='bbox 1552 5272 1648 5320; x_wconf 72' lang='lat' dir='ltr'>essct)</span> 
     </span>
     <span class='ocr_line' id='line_1_44' title="bbox 327 5340 1648 5408; baseline 0 -15"><span class='ocrx_word' id='word_1_426' title='bbox 327 5370 353 5380; x_wconf 86' lang='lat'><em>-</em></span> <span class='ocrx_word' id='word_1_427' title='bbox 374 5343 563 5393; x_wconf 78' lang='lat' dir='ltr'>adtributamti</span> <span class='ocrx_word' id='word_1_428' title='bbox 584 5368 611 5377; x_wconf 93' lang='lat'><em>-</em></span> <span class='ocrx_word' id='word_1_429' title='bbox 631 5342 671 5391; x_wconf 80' lang='lat' dir='ltr'>ts.</span> <span class='ocrx_word' id='word_1_430' title='bbox 690 5341 816 5392; x_wconf 81' lang='lat' dir='ltr'>CEGP:</span> <span class='ocrx_word' id='word_1_431' title='bbox 835 5343 874 5393; x_wconf 84' lang='lat' dir='ltr'>CC</span> <span class='ocrx_word' id='word_1_432' title='bbox 891 5344 997 5393; x_wconf 82' lang='lat' dir='ltr'>l&#39;blSO</span> <span class='ocrx_word' id='word_1_433' title='bbox 1017 5370 1043 5379; x_wconf 89' lang='lat'><em>-</em></span> <span class='ocrx_word' id='word_1_434' title='bbox 1062 5342 1196 5403; x_wconf 82' lang='lat' dir='ltr'>apollinate</span> <span class='ocrx_word' id='word_1_435' title='bbox 1213 5342 1291 5391; x_wconf 74' lang='lat' dir='ltr'>Ftts</span> <span class='ocrx_word' id='word_1_436' title='bbox 1305 5340 1449 5405; x_wconf 76' lang='lat' dir='ltr'>(velupp.);</span> <span class='ocrx_word' id='word_1_437' title='bbox 1467 5344 1648 5408; x_wconf 27' lang='lat' dir='ltr'>appolinioteyG</span> 
     </span>
     <span class='ocr_line' id='line_1_45' title="bbox 327 5415 1649 5480; baseline 0.001 -13"><span class='ocrx_word' id='word_1_438' title='bbox 327 5444 354 5455; x_wconf 91' lang='lat'><em>-</em></span> <span class='ocrx_word' id='word_1_439' title='bbox 379 5418 414 5467; x_wconf 72' lang='lat' dir='ltr'>ti.</span> <span class='ocrx_word' id='word_1_440' title='bbox 433 5417 551 5480; x_wconf 65' lang='lat' dir='ltr'>(andium</span> <span class='ocrx_word' id='word_1_441' title='bbox 568 5420 587 5467; x_wconf 86' lang='lat' dir='ltr'>G</span> <span class='ocrx_word' id='word_1_442' title='bbox 607 5443 634 5453; x_wconf 89' lang='lat'><em>-</em></span> <span class='ocrx_word' id='word_1_443' title='bbox 655 5418 695 5467; x_wconf 72' lang='lat' dir='ltr'>te.</span> <span class='ocrx_word' id='word_1_444' title='bbox 713 5422 755 5467; x_wconf 82' lang='lat' dir='ltr'>tuo</span> <span class='ocrx_word' id='word_1_445' title='bbox 772 5431 825 5468; x_wconf 94' lang='lat' dir='ltr'>om.</span> <span class='ocrx_word' id='word_1_446' title='bbox 845 5419 888 5469; x_wconf 85' lang='lat' dir='ltr'>FS</span> <span class='ocrx_word' id='word_1_447' title='bbox 907 5446 934 5455; x_wconf 93' lang='lat'><em>-</em></span> <span class='ocrx_word' id='word_1_448' title='bbox 954 5417 994 5468; x_wconf 69' lang='lat' dir='ltr'>il.</span> <span class='ocrx_word' id='word_1_449' title='bbox 1013 5418 1084 5467; x_wconf 84' lang='lat' dir='ltr'>boetii</span> <span class='ocrx_word' id='word_1_450' title='bbox 1101 5418 1120 5466; x_wconf 87' lang='lat' dir='ltr'>C</span> <span class='ocrx_word' id='word_1_451' title='bbox 1142 5443 1167 5451; x_wconf 93' lang='lat'><em>-</em></span> <span class='ocrx_word' id='word_1_452' title='bbox 1187 5415 1290 5465; x_wconf 67' lang='lat' dir='ltr'>asanaa</span> <span class='ocrx_word' id='word_1_453' title='bbox 1307 5419 1336 5476; x_wconf 88' lang='lat' dir='ltr'>S,</span> <span class='ocrx_word' id='word_1_454' title='bbox 1359 5418 1473 5467; x_wconf 69' lang='lat' dir='ltr'>wzoacii</span> <span class='ocrx_word' id='word_1_455' title='bbox 1491 5419 1508 5468; x_wconf 80' lang='lat' dir='ltr'>t·</span> <span class='ocrx_word' id='word_1_456' title='bbox 1527 5445 1552 5454; x_wconf 93' lang='lat'><em>-</em></span> <span class='ocrx_word' id='word_1_457' title='bbox 1573 5419 1649 5470; x_wconf 83' lang='lat' dir='ltr'>Char-</span> 
     </span>
     <span class='ocr_line' id='line_1_46' title="bbox 324 5490 1648 5557; baseline 0.002 -15"><span class='ocrx_word' id='word_1_458' title='bbox 324 5506 426 5543; x_wconf 81' lang='lat' dir='ltr'>ronssas</span> <span class='ocrx_word' id='word_1_459' title='bbox 447 5497 470 5542; x_wconf 89' lang='lat' dir='ltr'>et</span> <span class='ocrx_word' id='word_1_460' title='bbox 491 5494 602 5557; x_wconf 88' lang='lat' dir='ltr'>scripsi:</span> <span class='ocrx_word' id='word_1_461' title='bbox 628 5493 804 5544; x_wconf 67' lang='lat' dir='ltr'>Cherronesus</span> <span class='ocrx_word' id='word_1_462' title='bbox 827 5494 890 5552; x_wconf 75' lang='lat' dir='ltr'>CO,</span> <span class='ocrx_word' id='word_1_463' title='bbox 915 5493 1118 5543; x_wconf 73' lang='lat' dir='ltr'>damnassemus</span> <span class='ocrx_word' id='word_1_464' title='bbox 1139 5490 1230 5541; x_wconf 79' lang='lat' dir='ltr'>lamb.</span> <span class='ocrx_word' id='word_1_465' title='bbox 1249 5493 1275 5542; x_wconf 92' lang='lat' dir='ltr'>in</span> <span class='ocrx_word' id='word_1_466' title='bbox 1298 5491 1340 5541; x_wconf 91' lang='lat' dir='ltr'>ed.</span> <span class='ocrx_word' id='word_1_467' title='bbox 1361 5493 1435 5551; x_wconf 76' lang='lat' dir='ltr'>teos,</span> <span class='ocrx_word' id='word_1_468' title='bbox 1463 5496 1554 5555; x_wconf 89' lang='lat' dir='ltr'>postea</span> <span class='ocrx_word' id='word_1_469' title='bbox 1577 5493 1648 5544; x_wconf 92' lang='lat' dir='ltr'>idem</span> 
     </span>
     <span class='ocr_line' id='line_1_47' title="bbox 324 5565 1649 5632; baseline -0.001 -13"><span class='ocrx_word' id='word_1_470' title='bbox 324 5567 482 5619; x_wconf 64' lang='lat' dir='ltr'>camurae.</span> <span class='ocrx_word' id='word_1_471' title='bbox 500 5565 552 5619; x_wconf 88' lang='lat' dir='ltr'>Sed</span> <span class='ocrx_word' id='word_1_472' title='bbox 564 5568 603 5618; x_wconf 91' lang='lat' dir='ltr'>sic</span> <span class='ocrx_word' id='word_1_473' title='bbox 614 5580 722 5632; x_wconf 87' lang='lat' dir='ltr'>quoque</span> <span class='ocrx_word' id='word_1_474' title='bbox 734 5566 791 5620; x_wconf 86' lang='lat' dir='ltr'>talis</span> <span class='ocrx_word' id='word_1_475' title='bbox 803 5569 887 5618; x_wconf 90' lang='lat' dir='ltr'>oratio</span> <span class='ocrx_word' id='word_1_476' title='bbox 905 5566 1014 5617; x_wconf 71' lang='lat' dir='ltr'>«Boeotii</span> <span class='ocrx_word' id='word_1_477' title='bbox 1030 5572 1058 5616; x_wconf 86' lang='lat' dir='ltr'>et</span> <span class='ocrx_word' id='word_1_478' title='bbox 1076 5566 1201 5626; x_wconf 69' lang='lat' dir='ltr'>Byzantii,</span> <span class='ocrx_word' id='word_1_479' title='bbox 1219 5566 1380 5625; x_wconf 82' lang='lat' dir='ltr'>Cherronesii,</span> <span class='ocrx_word' id='word_1_480' title='bbox 1400 5567 1569 5617; x_wconf 79' lang='lat' dir='ltr'>Thessalonica</span> <span class='ocrx_word' id='word_1_481' title='bbox 1584 5583 1649 5619; x_wconf 80' lang='lat' dir='ltr'>sen·</span> 
     </span>
     <span class='ocr_line' id='line_1_48' title="bbox 323 5641 1646 5704; baseline 0.004 -15"><span class='ocrx_word' id='word_1_482' title='bbox 323 5641 383 5690; x_wconf 80' lang='lat' dir='ltr'>rit·</span> <span class='ocrx_word' id='word_1_483' title='bbox 401 5642 493 5693; x_wconf 87' lang='lat' dir='ltr'>vitiosa</span> <span class='ocrx_word' id='word_1_484' title='bbox 511 5643 586 5694; x_wconf 85' lang='lat' dir='ltr'>toret.</span> <span class='ocrx_word' id='word_1_485' title='bbox 608 5669 635 5680; x_wconf 94' lang='lat'><em>-</em></span> <span class='ocrx_word' id='word_1_486' title='bbox 653 5641 696 5692; x_wconf 74' lang='lat'>25.</span> <span class='ocrx_word' id='word_1_487' title='bbox 714 5643 850 5692; x_wconf 72' lang='lat' dir='ltr'>estimatur</span> <span class='ocrx_word' id='word_1_488' title='bbox 866 5644 896 5701; x_wconf 71' lang='lat' dir='ltr'>S,</span> <span class='ocrx_word' id='word_1_489' title='bbox 915 5643 1071 5691; x_wconf 79' lang='lat' dir='ltr'>eclstimctor</span> <span class='ocrx_word' id='word_1_490' title='bbox 1088 5643 1148 5689; x_wconf 83' lang='lat' dir='ltr'>G-</span> <span class='ocrx_word' id='word_1_491' title='bbox 1168 5641 1209 5689; x_wconf 80' lang='lat'>27.</span> <span class='ocrx_word' id='word_1_492' title='bbox 1228 5655 1314 5691; x_wconf 78' lang='lat' dir='ltr'>reram</span> <span class='ocrx_word' id='word_1_493' title='bbox 1328 5642 1454 5703; x_wconf 84' lang='lat' dir='ltr'>pactiones</span> <span class='ocrx_word' id='word_1_494' title='bbox 1470 5643 1489 5692; x_wconf 80' lang='lat' dir='ltr'>li</span> <span class='ocrx_word' id='word_1_495' title='bbox 1503 5643 1563 5704; x_wconf 81' lang='lat' dir='ltr'>(non</span> <span class='ocrx_word' id='word_1_496' title='bbox 1576 5647 1604 5703; x_wconf 78' lang='lat' dir='ltr'>Gt</span> <span class='ocrx_word' id='word_1_497' title='bbox 1618 5672 1646 5681; x_wconf 98' lang='lat'>-</span> 
     </span>
     <span class='ocr_line' id='line_1_49' title="bbox 322 5715 1648 5775; baseline 0.004 -10"><span class='ocrx_word' id='word_1_498' title='bbox 322 5716 363 5766; x_wconf 74' lang='lat'>29.</span> <span class='ocrx_word' id='word_1_499' title='bbox 381 5729 431 5767; x_wconf 79' lang='lat' dir='ltr'>esse</span> <span class='ocrx_word' id='word_1_500' title='bbox 447 5717 490 5768; x_wconf 89' lang='lat' dir='ltr'>ed.</span> <span class='ocrx_word' id='word_1_501' title='bbox 510 5716 586 5768; x_wconf 74' lang='lat' dir='ltr'>lili:</span> <span class='ocrx_word' id='word_1_502' title='bbox 614 5720 648 5766; x_wconf 85' lang='lat' dir='ltr'>est</span> <span class='ocrx_word' id='word_1_503' title='bbox 669 5716 755 5775; x_wconf 72' lang='lat' dir='ltr'>Eis,</span> <span class='ocrx_word' id='word_1_504' title='bbox 782 5719 876 5768; x_wconf 72' lang='lat' dir='ltr'>omli</span> <span class='ocrx_word' id='word_1_505' title='bbox 899 5743 926 5754; x_wconf 94' lang='lat'><em>-</em></span> <span class='ocrx_word' id='word_1_506' title='bbox 955 5717 995 5768; x_wconf 81' lang='grc'>30.</span> <span class='ocrx_word' id='word_1_507' title='bbox 1017 5716 1146 5766; x_wconf 78' lang='lat' dir='ltr'>recordm</span> <span class='ocrx_word' id='word_1_508' title='bbox 1168 5715 1211 5765; x_wconf 87' lang='lat' dir='ltr'>ed.</span> <span class='ocrx_word' id='word_1_509' title='bbox 1231 5718 1315 5768; x_wconf 83' lang='lat' dir='ltr'>Crat:</span> <span class='ocrx_word' id='word_1_510' title='bbox 1340 5718 1511 5768; x_wconf 70' lang='lat' dir='ltr'>recordasse</span> <span class='ocrx_word' id='word_1_511' title='bbox 1532 5744 1558 5756; x_wconf 93' lang='lat'><em>-</em></span> <span class='ocrx_word' id='word_1_512' title='bbox 1578 5720 1648 5770; x_wconf 66' lang='lat' dir='ltr'>mom</span> 
     </span>
     <span class='ocr_line' id='line_1_50' title="bbox 321 5791 1643 5860; baseline 0.004 -21"><span class='ocrx_word' id='word_1_513' title='bbox 321 5804 478 5842; x_wconf 74' lang='lat' dir='ltr'>memnones</span> <span class='ocrx_word' id='word_1_514' title='bbox 501 5792 520 5843; x_wconf 88' lang='lat' dir='ltr'>C</span> <span class='ocrx_word' id='word_1_515' title='bbox 543 5792 605 5856; x_wconf 83' lang='lat' dir='ltr'>(sed</span> <span class='ocrx_word' id='word_1_516' title='bbox 621 5792 641 5842; x_wconf 86' lang='lat' dir='ltr'>E</span> <span class='ocrx_word' id='word_1_517' title='bbox 657 5791 728 5842; x_wconf 76' lang='lat' dir='ltr'>idam</span> <span class='ocrx_word' id='word_1_518' title='bbox 747 5791 774 5840; x_wconf 80' lang='lat' dir='ltr'>ts</span> <span class='ocrx_word' id='word_1_519' title='bbox 796 5794 938 5856; x_wconf 74' lang='lat' dir='ltr'>armenon)</span> <span class='ocrx_word' id='word_1_520' title='bbox 963 5819 989 5833; x_wconf 88' lang='lat'>-·</span> <span class='ocrx_word' id='word_1_521' title='bbox 1014 5793 1054 5850; x_wconf 77' lang='grc'>34.</span> <span class='ocrx_word' id='word_1_522' title='bbox 1072 5799 1096 5842; x_wconf 84' lang='lat' dir='ltr'>et</span> <span class='ocrx_word' id='word_1_523' title='bbox 1115 5791 1175 5860; x_wconf 76' lang='lat' dir='ltr'>qaid</span> <span class='ocrx_word' id='word_1_524' title='bbox 1195 5791 1269 5843; x_wconf 80' lang='lat' dir='ltr'>FGS</span> <span class='ocrx_word' id='word_1_525' title='bbox 1288 5819 1315 5830; x_wconf 93' lang='lat'><em>-</em></span> <span class='ocrx_word' id='word_1_526' title='bbox 1334 5792 1374 5846; x_wconf 83' lang='lat'>3³.</span> <span class='ocrx_word' id='word_1_527' title='bbox 1391 5792 1444 5844; x_wconf 63' lang='lat' dir='ltr'>hm</span> <span class='ocrx_word' id='word_1_528' title='bbox 1459 5793 1565 5859; x_wconf 51' lang='lat' dir='ltr'>prora&amp;</span> <span class='ocrx_word' id='word_1_529' title='bbox 1581 5796 1643 5857; x_wconf 85' lang='lat' dir='ltr'>tom.</span> 
     </span>
     <span class='ocr_line' id='line_1_51' title="bbox 320 5865 761 5930; baseline 0.007 -16"><span class='ocrx_word' id='word_1_530' title='bbox 320 5866 394 5930; x_wconf 78' lang='lat' dir='ltr'>puer)</span> <span class='ocrx_word' id='word_1_531' title='bbox 413 5865 440 5917; x_wconf 80' lang='lat' dir='ltr'>F.</span> <span class='ocrx_word' id='word_1_532' title='bbox 757 5874 761 5882; x_wconf 92' lang='grc'><strong><em>·</em></strong></span> 
     </span>
    </p>
   </div>
   <div class='ocr_carea' id='block_1_9' title="bbox 0 0 1904 7350">
    <p class='ocr_par' dir='ltr' id='par_1_12' title="bbox 0 0 1904 7350">
     <span class='ocr_line' id='line_1_52' title="bbox 0 0 1904 7350; baseline 0 0"><span class='ocrx_word' id='word_1_533' title='bbox 0 0 1904 7350; x_wconf 95' lang='lat' dir='ltr'> </span> 
     </span>
    </p>
   </div>
  </div>
 </body>
</html>
