3800 7350
706 1220 779 1286 cn.
801 1219 920 1286 xxrrc
947 1217 1005 1303 55.
1027 1215 1175 1283 rs-sa.
1541 1210 1599 1279 aas

280 1389 358 1453 baec
387 1390 559 1453 auotoritas
586 1396 713 1463 nosue,
745 1391 800 1473 qui
829 1411 848 1454 a
874 1391 987 1454 ceteris
1007 1389 1237 1453 coniurationis
1258 1388 1361 1451 causis
1382 1385 1605 1459 abstinuimus,

281 1484 314 1544 P.
337 1480 458 1545 Sullam
480 1482 695 1559 defendimus,
717 1483 796 1547 nibil
817 1485 901 1548 bunc
919 1485 1047 1547 tandem
1061 1483 1202 1546 iurabit?
1234 1482 1336 1545 Grave
1351 1479 1474 1544 estboc
1488 1478 1606 1542 dictum

280 1576 429 1650 tonasee,
456 1577 596 1653 iudicem
625 1598 734 1659 marc,
756 1578 783 1640 si
805 1578 984 1660 appetimus
1006 1576 1144 1660 aliquid3
1172 1576 1215 1650 si,
1244 1596 1314 1639 cum
1336 1576 1432 1639 ceteri
1454 1574 1494 1637 de
1516 1573 1607 1638 nobis

282 1672 394 1746 silent,
416 1692 481 1736 non
503 1671 597 1735 etiam
619 1672 817 1754 nosmetipsi
833 1679 988 1744 tacemus,
1010 1690 1121 1753 gravet
1143 1670 1218 1745 sed,
1240 1670 1267 1734 si
1281 1670 1452 1743 laedimur,
1474 1669 1502 1733 si
1515 1688 1608 1731 accu-

281 1783 406 1839 samur,
434 1766 461 1828 si
483 1767 516 1828 in
536 1766 688 1829 invidiam
709 1784 877 1838 vocamur,
906 1764 1049 1848 proiecto
1071 1763 1263 1837 conceditis,
1291 1762 1429 1837 iudices,
1458 1772 1494 1826 ut
1515 1759 1631 1825 nobis⁵

280 1858 457 1921 libertatern
478 1860 616 1923 retinere
637 1858 745 1933 liccat',
768 1861 794 1921 si
817 1860 920 1921 minus
942 1859 1035 1920 liceat
1056 1856 1250 1940 dignitatem.
1294 1853 1345 1919 8t.
1367 1857 1513 1920 accusati
1534 1864 1608 1918 sunt

280 1971 345 2014 uno
366 1954 494 2016 nomine
515 1954 716 2026 consulares,
737 1962 773 2015 ut
794 1954 856 2015 iam
877 1953 1023 2015 videatur
1043 1951 1174 2015 bonoria
1193 1951 1378 2034 amplissimi
1400 1968 1515 2013 nomen
1536 1949 1607 2032 plns

281 2045 420 2108 invidiae
442 2067 536 2129 quam
559 2047 722 2130 dignitatis
744 2048 866 2110 afferre.
902 2044 1099 2119 Adiacrunt,
1120 2045 1241 2127 inquit,
1265 2044 1432 2118 Catilinae,
1453 2044 1608 2127 illumque

281 2138 461 2203 laudarunt.
487 2140 586 2204 tlulla
607 2147 674 2203 tum
695 2140 837 2224 patebat,
859 2138 947 2202 nulla
962 2146 1030 2202 erat
1043 2138 1168 2220 cognita
1184 2137 1376 2212 coniuratio;
1398 2135 1610 2200 detondebant

282 2234 437 2310 amicum,
459 2236 591 2299 aderant
613 2234 766 2317 supplici,
788 2234 873 2297 vitae
894 2233 963 2296 eins
986 2231 1214 2315 turpitudinem
1236 2232 1269 2295 in
1292 2231 1506 2295 summissius
1527 2231 1646 2315 peri-1⁰

282 2329 364 2393 culis
386 2349 451 2393 non
471 2328 728 2413 insequebantur.
762 2327 847 2404 Quin
869 2328 963 2389 etiam
986 2344 1100 2408 parens
1115 2333 1207 2399 tuus,
1228 2326 1406 2408 Torquate,
1428 2325 1540 2390 consul
1553 2343 1609 2387 reo

282 2421 323 2485 de
345 2424 489 2506 pecuniis
510 2421 696 2505 repetundis
713 2421 865 2484 Catilinae
883 2419 943 2482 tuit
957 2419 1147 2494 advocatas,
1169 2418 1313 2501 improbo
1326 2418 1466 2494 bomini,
1487 2427 1522 2483 et
1536 2438 1610 2502 sup-

283 2516 376 2599 plici,
398 2515 533 2581 tortasse
554 2516 686 2589 audaci,
708 2512 934 2598 utaliquando
957 2514 1069 2576 amico.
1106 2512 1164 2575 Cui
1184 2532 1255 2575 cum
1271 2511 1373 2575 adfuit
1387 2519 1460 2595 post
1473 2513 1610 2577 delatam

285 2610 326 2674 ad
349 2630 422 2674 eum
444 2610 577 2693 primam
599 2607 685 2670 illam
709 2608 974 2679 coniurationem,
1005 2606 1157 2669 indicavit
1178 2626 1212 2669 se
1233 2606 1362 2669 audisse
1382 2606 1522 2689 aliquid,
1544 2626 1609 2670 non

281 2805 396 2881 postca
417 2803 569 2879 cognorat
589 2796 661 2878 ipse
675 2795 813 2879 aliquid,
836 2793 922 2878 quod
936 2795 970 2856 in
985 2793 1151 2855 consulatu
1166 2792 1360 2876 ignorasset,
1382 2792 1609 2875 ignoscendum

283 2891 407 2966 estiis,
429 2891 485 2974 qui
508 2896 620 2972 postea
642 2888 722 2951 nibil
744 2888 930 2951 audierunt:
952 2887 1002 2949 siu
1023 2886 1078 2950 illa
1098 2907 1149 2950 res
1171 2887 1273 2969 prime
1285 2885 1402 2968 valuit,
1423 2905 1500 2949 num
1522 2888 1609 2950 inve-

282 2993 384 3048 terata
413 3004 510 3067 quam
540 3002 651 3046 recens
682 2981 791 3045 debuit
812 3001 882 3044 esse
904 2980 1054 3062 graviorr
1092 2980 1154 3042 Sed
1176 2980 1204 3043 si
1226 2985 1300 3044 tuus
1320 2998 1436 3061 parens
1458 2980 1553 3042 otiam
1575 2980 1609 3042 in

281 3079 353 3161 ipsa
382 3076 565 3160 suspicione
597 3075 730 3159 periculi
759 3074 808 3137 sui
837 3082 942 3136 tamen
970 3072 1167 3136 humanitate
1194 3072 1350 3137 adductus
1371 3073 1610 3137 advocationem

281 3170 419 3235 bominis
440 3169 668 3252 improbissimi
691 3167 768 3230 sella
789 3165 892 3245 curuli
912 3174 1009 3249 etque
1031 3167 1226 3230 ornamentis
1248 3175 1279 3230 44
1301 3166 1368 3230 suis
1382 3166 1648 3231 etconsulatusao

281 3263 478 3337 honestavit,
502 3263 582 3347 quid
605 3268 671 3336 est,
693 3280 787 3345 44444444
811 3261 851 3323 ob
874 3280 940 3322 rem
962 3260 1160 3335 consulares,
1183 3260 1238 3343 qui
1256 3259 1410 3323 Catilinae
1432 3257 1611 3334 adfuerunt,

282 3356 577 3440 reprehendantur?
614 3352 665 3417 82.
688 3357 730 3417 m
748 3356 834 3417 tdem
855 3354 913 3427 iis,
935 3354 991 3437 qui
1006 3359 1080 3418 ante
1093 3353 1179 3416 bunc
1194 3372 1322 3417 causam
1336 3350 1377 3414 de
1391 3353 1611 3416 coniuratione

282 3450 450 3526 dixerunt,
478 3470 542 3513 non
563 3448 741 3513 adluenrnt
779 3450 881 3511 Tanto
911 3448 1030 3510 scelere
1050 3446 1209 3528 adstrictis
1229 3445 1413 3509 hominibus
1434 3451 1612 3509 statuerunt

281 3542 364 3606 nibil
385 3560 404 3606 a
426 3563 460 3606 se
482 3543 673 3617 adiumenti,
701 3542 781 3606 nibil
804 3544 892 3625 opis,
920 3541 1000 3604 nibil
1030 3540 1141 3604 auxilii
1164 3539 1239 3603 ferri
1262 3546 1417 3623 oportere.
1449 3541 1554 3624 Atque
1574 3547 1612 3603 ut

283 3636 323 3702 de
345 3656 456 3703 eorum
478 3638 657 3702 constantia
678 3644 773 3722 atque
794 3637 900 3700 animo
922 3635 957 3698 in
972 3655 1037 3698 rem
1052 3633 1211 3718 publicam
1225 3632 1343 3709 dicam,
1367 3652 1502 3718 quorum
1515 3636 1648 3700 tacitast

283 3733 420 3816 gravitas
449 3739 480 3796 st
511 3729 589 3794 fides
617 3731 658 3795 de
685 3750 752 3794 uno
774 3749 904 3814 quoque
925 3729 1069 3813 loquitur
1088 3747 1195 3812 neque
1217 3726 1406 3812 cuiusquam
1427 3737 1611 3794 ornamenta

283 3827 435 3890 orationis
456 3824 631 3898 desiderat,
654 3832 759 3908 potest
779 3825 949 3907 quisquam
971 3824 1076 3886 dicere
1097 3841 1247 3905 umquam
1266 3822 1431 3897 meliores,
1452 3813 1621 3900 tortiores,

284 3920 513 3982 constantiores
535 3919 720 3982 consulares
740 3917 855 3992 fuisse,
877 3937 973 4002 quam
995 3916 1034 3980 iis
1051 3916 1245 4000 temporibus
1259 3923 1292 3979 et
1305 3915 1473 4000 periculis,
1495 3917 1611 4001 quibus

283 4032 385 4096 paene
414 4032 567 4097 oppressa
594 4021 643 4077 est
669 4013 893 4095 respublica?
926 4010 1006 4087 Quis
1029 4030 1094 4073 non
1116 4010 1156 4074 de
1179 4011 1337 4074 communi
1359 4011 1461 4074 salute
1483 4013 1610 4096 optime,

284 4107 356 4189 quis
377 4126 443 4170 non
463 4107 652 4182 fortissime,
674 4107 747 4190 quis
770 4125 835 4169 non
857 4106 1111 4170 constantissime
1133 4106 1254 4168 sensit?
1274 4106 1387 4189 Neque
1409 4124 1468 4188 ego
1489 4107 1648 4188 praeci-st

348 4406 556 4458 4444444414-
575 4404 1040 4471 2.bunctundem]toecioquoenii
1060 4401 1609 4467 -mmeeuaeedetmstoretudart

282 4477 369 4533 solus:
388 4494 442 4532 om.
461 4481 539 4533 codd.
559 4480 626 4540 reti,
644 4482 724 4531 etiam
742 4482 761 4531 Τ
781 4507 807 4516 -
827 4481 851 4531 l.
870 4481 1024 4530 eunomii
1043 4504 1070 4513 -
1089 4478 1137 4541 ipa·
1153 4478 1183 4527 de
1198 4475 1268 4526 sodis
1284 4481 1395 4529 44444444
1411 4480 1431 4530 Β
1451 4506 1478 4514 -
1496 4481 1539 4530 ssd
1555 4493 1609 4531 om.

282 4557 302 4606 B
321 4584 349 4593 -
373 4559 398 4608 44.
416 4556 549 4608 conceditis
571 4555 659 4614 TliS,
686 4553 765 4605 codd.
788 4554 922 4618 plerique:
949 4554 1084 4604 concedetis
1104 4554 1165 4605 cod.
1184 4556 1253 4606 lton.
1276 4552 1437 4618 electoralis,
1463 4558 1609 4618 TOxoaa,

283 4631 375 4681 irene.
394 4631 420 4691 i,
438 4633 468 4682 0.
492 4630 531 4682 Ct.
550 4630 577 4680 in
595 4631 669 4681 verr.
688 4629 730 4691 lV,
748 4628 763 4691 5
781 4629 806 4679 3.
826 4656 854 4666 -
872 4629 897 4679 Τ.
914 4643 965 4679 uno
981 4631 1080 4680 nomine
1097 4630 1217 4681 codices:
1236 4642 1320 4680 44444444
1334 4644 1385 4681 uno
1401 4632 1500 4681 nomine
1516 4631 1609 4683 Lamb.

283 4708 310 4754 44
326 4707 356 4756 0.
379 4708 412 4756 itt
428 4720 454 4757 v.
473 4704 553 4768 aeya.
571 4720 598 4771 p.
616 4703 657 4756 44.
678 4728 705 4740 -
729 4705 754 4755 8.
772 4705 962 4768 attteenmtTS
979 4730 1006 4739 -
1030 4703 1118 4764 inquid
1134 4705 1154 4753 T
1173 4729 1201 4740 -
1228 4702 1253 4754 9.
1271 4704 1612 4757 lmsdoncnsetll-nulla

282 4786 336 4829 tum
352 4781 383 4840 T,
402 4779 445 4830 ed.
459 4780 536 4832 ists:
553 4781 625 4830 eada
641 4786 724 4832 tames
740 4782 772 4840 S,
790 4780 852 4829 44444
866 4780 981 4830 tomenti
993 4805 1019 4814 -
1040 4779 1080 4828 ta.
1098 4779 1248 4844 repeamdisl
1266 4779 1310 4830 bic
1321 4780 1411 4844 incipit
1422 4780 1610 4844 fragmentum,

283 4853 355 4916 quod
373 4853 452 4904 hodie
469 4855 495 4904 in
513 4854 573 4904 cod.
585 4854 731 4905 Erturtensi
743 4855 778 4916 (³
792 4853 821 4914 E)
833 4857 927 4904 exstat.
941 4879 969 4891 -
988 4853 1024 4917 ct]
1041 4854 1101 4902 ooS
1115 4879 1143 4890 -
1162 4853 1202 4904 43.
1221 4854 1295 4917 anteit
1310 4854 1394 4914 ETS,
1413 4858 1441 4905 44
1452 4856 1491 4906 sic
1502 4854 1609 4907 deinde.

285 4953 313 4964 ·-
332 4926 457 4979 44444444
470 4929 612 4992 primatnll
626 4955 654 4966 -
671 4930 825 4979 iudicauitT
838 4956 865 4965 -
879 4930 919 4979 44.
932 4929 1001 4978 Sis:
1020 4929 1062 4977 aed
1077 4928 1165 4990 ETB,
1184 4929 1228 4979 ed.
1242 4927 1314 4981 tiss.
1328 4954 1355 4966 -
1375 4930 1609 4994 idcogoooeroffl

286 5031 313 5039 —
326 5004 472 5068 igerorosaet]
488 5017 539 5054 noo
554 5005 654 5066 maelii,
668 5017 701 5054 ex
717 5017 767 5054 eon
777 5008 865 5064 nosset,
878 5006 908 5053 ut
919 5006 960 5054 est
970 5005 996 5052 in
1007 5004 1130 5054 Parcensi
1142 5003 1280 5054 Torrentii.
1295 5028 1320 5039 ·-
1344 5003 1384 5053 47.
1395 5003 1434 5054 lete
1444 5006 1464 5055 T
1476 5031 1504 5042 -
1517 5007 1556 5056 sin
1565 5007 1612 5057 illc

281 5078 511 5141 metanaeas,
529 5077 585 5129 alil:
604 5080 625 5128 44
641 5079 713 5129 nmio
728 5092 768 5129 res
782 5078 925 5141 pambo&
943 5078 982 5127 4444
999 5078 1043 5126 iila
1058 5079 1140 5129 reede
1153 5078 1418 5141 pecmitermetmsdie
1431 5079 1607 5142 primaoodd.

283 5153 384 5217 aliquot
399 5153 557 5205 deteriores.
579 5182 606 5192 -
624 5168 685 5204 num
701 5155 765 5204 ET:
783 5167 833 5204 eon
849 5154 899 5203 RO
913 5179 940 5190 -
961 5152 1000 5202 48.
1017 5153 1045 5202 in
1061 5153 1119 5216 ipsa
1135 5153 1201 5203 ET:
1219 5153 1247 5202 444
1262 5153 1309 5202 illu
1324 5153 1374 5204 440
1393 5179 1421 5188 -
1441 5153 1481 5203 49.
1500 5155 1537 5204 tui
1552 5155 1608 5205 S·-

283 5227 1144 5293 mm1mma-ao.mrssr-at.eususquea-
1168 5227 1341 5278 asidona:
1366 5227 1613 5280 sumno-ate

283 5304 424 5365 T133bis
442 5329 469 5341 -
492 5305 557 5356 tnnc
573 5307 594 5356 Τ
611 5331 638 5342 -
661 5305 702 5356 43.
722 5305 831 5354 astrictis
846 5303 904 5361 TS;
928 5304 1050 5354 4444444444
1065 5304 1086 5353 E
1105 5330 1132 5339 —
1155 5301 1196 5353 il.
1213 5303 1281 5367 [erre
1297 5303 1346 5353 ET
1362 5302 1416 5353 444
1438 5302 1535 5363 oxon.;
1558 5303 1614 5365 sote

283 5380 319 5440 B,
337 5377 387 5429 sed
402 5379 458 5442 4444
474 5380 607 5446 soptim:
626 5379 759 5432 4444444444
774 5392 800 5430 ee
816 5379 1079 5443 adiuuantium
1093 5382 1216 5441 oportere.
1229 5402 1257 5414 -
1276 5379 1318 5428 44.
1330 5377 1358 5427 ie
1373 5389 1426 5440 rep.
1441 5377 1503 5427 T-
1520 5377 1562 5428 27.
1576 5378 1613 5428 dt·

282 5455 623 5517 caedendoseaedendos.
641 5482 666 5493 -·
685 5455 795 5507 mellotis
809 5455 923 5519 fortioris
937 5454 1114 5505 comtemtoris
1129 5453 1420 5516 consimillima
1435 5453 1614 5504 manasse

283 5528 313 5590 a)
325 5552 353 5564 —
372 5529 412 5580 28.
432 5532 612 5593 quaestus,
632 5530 693 5582 tort.
709 5531 799 5592 recte,
817 5527 874 5581 scil.
892 5528 1059 5595 temporibus
1075 5541 1144 5592 quae
1161 5541 1248 5593 nuper
1264 5527 1379 5580 luerunt.
1401 5553 1428 5565 -
1446 5527 1487 5578 49.
1502 5528 1613 5590 poeseT

284 5630 313 5642 -
331 5605 422 5668 optim
438 5604 594 5671 Spengelius
611 5606 646 5669 (in
663 5606 815 5656 8444444444.
827 5604 913 5656 Paitoi.
932 5605 968 5666 li,
986 5617 1013 5669 p.
1026 5605 1096 5667 ²⁹7l²
1121 5605 1276 5668 apetiam
1291 5602 1370 5655 codd.
1388 5604 1524 5668 (4444444444
1540 5604 1610 5655 Mon.

282 5680 392 5731 elector.
411 5681 591 5744 cloacali).
619 5681 706 5731 «Dicit
722 5681 812 5731 orator
827 5680 954 5741 meliores,
970 5679 1101 5742 fortiores,
1118 5681 1312 5737 auctenticum
1330 5680 1384 5728 iam
1399 5679 1497 5742 repetit
1512 5690 1612 5730 secuu-

282 5755 349 5805 dum
365 5758 393 5806 et
409 5757 526 5815 tertium
542 5756 690 5821 4444444444,
707 5756 910 5817 constcndmtme,
929 5755 1044 5819 primum
1055 5757 1272 5818 opetiumnon
1282 5753 1431 5805 convenit.»
1448 5753 1533 5817 Supra
1544 5765 1613 5816 quo-

282 5842 337 5894 que
362 5829 427 5894 934
449 5829 546 5881 eadem
568 5831 618 5881 tria
642 5829 771 5881 adteottva
796 5831 937 5880 coniuncta
961 5826 1098 5893 leguntur,
1123 5830 1242 5894 itemque
1264 5827 1428 5895 paulopost
1449 5827 1545 5879 eadem
1561 5829 1612 5879 trie

283 5904 407 5958 membra
423 5905 552 5969 redeunt,
570 5906 620 5959 sed
636 5907 738 5958 moute
755 5903 865 5958 ordine:
881 5905 1061 5969 emesena,
1076 5905 1386 5968 obumbratum,
1401 5903 1610 5970 meracitatis.
