3800 7350
720 1213 793 1280 cn.
814 1217 967 1282 ιιι-ιν.
994 1215 1040 1302 §3
1063 1215 1169 1282 r-s.
1545 1212 1608 1281 833

284 1383 416 1458 virurte,
446 1381 563 1466 gloria,
593 1384 687 1448 rebus
708 1387 805 1467 gestis
829 1386 884 1450 Cn.
906 1389 1093 1470 Pompeius,
1121 1390 1260 1451 omnium
1282 1391 1439 1473 gentium,
1469 1393 1608 1454 omnium

284 1477 501 1553 saeculnm,
524 1481 625 1542 omnis
648 1481 818 1542 memoriae
840 1479 931 1543 facile
954 1483 1117 1563 princeps,
1139 1490 1208 1545 tuto
1231 1504 1266 1549 se
1286 1486 1395 1548 venire
1416 1486 1449 1548 in
1465 1491 1608 1547 senatum

283 1570 503 1635 arbitraretur:
537 1579 642 1635 tantus
665 1580 769 1636 vester
790 1592 964 1639 consensus
986 1574 1026 1637 de
1049 1575 1150 1639 salute
1172 1596 1242 1639 mea
1263 1577 1339 1652 fuit,
1361 1585 1397 1640 ut
1418 1598 1532 1662 corpus
1554 1578 1609 1641 alr·

283 1670 371 1728 esset
390 1685 508 1740 meum,
531 1666 668 1749 dignitas
690 1668 752 1729 iam
774 1668 807 1730 in
830 1669 964 1749 patriam
986 1670 1177 1732 revertisset.
1210 1667 1240 1732 6.
1257 1670 1329 1746 Quo
1344 1672 1475 1755 quidem
1490 1690 1608 1744 mense,

283 1756 362 1842 quid
390 1758 474 1822 inter
501 1780 551 1822 me
580 1767 612 1823 et
634 1780 722 1823 meos
743 1761 888 1824 inimicos
910 1762 1097 1835 interesset,
1126 1763 1308 1827 existimare
1339 1764 1497 1847 potuistis.
1540 1764 1633 1847 ugos
1712 1837 1716 1843 ¹

282 1869 386 1915 meam
401 1853 551 1917 'salutem
580 1853 723 1929 deserui,
755 1875 796 1917 ne
825 1862 955 1938 propter
982 1876 1033 1918 me
1062 1856 1177 1920 civium
1198 1858 1381 1921 vulneribus
1403 1877 1454 1919 res
1482 1856 1609 1938 publica

282 1951 521 2012 cruentaretur:
547 1948 595 2011 illi
617 1968 722 2011 meum
744 1947 880 2012 reditum
903 1969 967 2012 non
990 1950 1101 2034 populi
1124 1951 1257 2014 Romani
1278 1952 1451 2034 suffragiis,
1473 1950 1529 2013 sed
1551 1946 1610 2011 tlu-

283 2039 370 2101 mine
390 2043 554 2123 sanguinis
576 2042 850 2106 intercludendum
871 2050 1072 2127 putaverunt.
1119 2046 1231 2129 ltaque
1255 2054 1365 2128 postea
1387 2044 1467 2108 nihil
1488 2064 1545 2106 vos
1567 2044 1611 2104 oi·

283 2132 393 2209 vibus,
423 2135 503 2198 nihil
531 2138 644 2212 sociis,
674 2137 755 2200 nihil
783 2137 910 2219 regibus
931 2136 1154 2219 respondistis3
1182 2138 1263 2201 nihil
1292 2138 1413 2201 iudices
1435 2138 1611 2209 sententiis,

284 2226 362 2288 nilril
381 2228 522 2312 populus
544 2232 719 2313 suffragiis,
741 2231 820 2294 nihil
841 2230 892 2293 hic
915 2231 994 2294 ordo
1017 2231 1403 2295 auctoritatedeclaravit:
1426 2239 1547 2294 mutum
1563 2230 1648 2292 fo-to

283 2340 371 2394 rum,
394 2320 556 2405 elinguem
579 2326 711 2399 curiam,
740 2326 865 2389 tacitam
889 2332 921 2387 et
941 2321 1072 2387 fractam
1095 2324 1253 2387 civitatem
1274 2324 1442 2389 videbatis.
1485 2322 1514 2386 7.
1538 2324 1611 2400 Quo

284 2413 413 2496 quidem
434 2423 594 2500 tempore,
617 2438 688 2481 cum
712 2419 738 2481 is
761 2419 967 2491 excessisset,
990 2420 1044 2500 qui
1067 2418 1156 2480 caedi
1178 2426 1211 2482 et
1231 2419 1376 2481 flammae
1393 2418 1482 2481 vobis
1504 2425 1612 2480 aucto-

283 2505 370 2571 ribus
390 2510 565 2586 restiterat,
587 2532 658 2575 cum
680 2510 764 2574 ferro
787 2520 818 2575 et
838 2511 960 2574 lacibus
982 2510 1128 2574 homines
1150 2518 1216 2574 tota
1238 2512 1316 2574 urhe
1337 2512 1524 2586 volitantes,
1548 2530 1612 2574 ma·

283 2600 470 2681 gistratuum
493 2611 576 2669 tecta
597 2605 795 2688 impugnata,
825 2606 957 2668 deorum
988 2605 1105 2689 templa
1127 2607 1336 2680 inflammata,
1366 2606 1478 2669 summi
1501 2606 1613 2668 viriet

284 2692 453 2758 clarissimi
475 2697 617 2761 consulis
639 2698 740 2762 fasces
762 2698 898 2773 fractos,
920 2699 1083 2762 fortissimi
1105 2708 1201 2782 atque
1217 2699 1328 2781 optimi
1348 2699 1467 2762 tribuni
1481 2698 1525 2782 pl.
1541 2713 1651 2761 san-ts

283 2787 458 2852 ctissimum
489 2811 604 2875 corpus
625 2810 691 2855 non
715 2801 832 2856 tactum
854 2812 890 2856 ac
913 2793 1065 2856 violatum
1088 2813 1200 2868 manu,
1230 2792 1286 2855 sed
1307 2791 1507 2855 vulneratum
1529 2790 1612 2854 ferro

283 2879 528 2968 confectumque
549 2886 684 2949 vidistis.
718 2886 789 2960 Qua
810 2895 914 2969 strage
936 2886 1084 2950 nonnulli
1106 2887 1239 2969 permoti
1260 2887 1479 2968 magistratus,
1500 2884 1613 2969 partim

283 2983 370 3038 netu
399 2983 526 3053 mortis,
559 2980 674 3063 partim
703 2979 924 3062 desperatione
952 2981 997 3042 rei
1018 2979 1181 3062 publicae,
1202 2979 1365 3063 paululum
1388 2998 1407 3041 a
1427 2996 1498 3042 mea
1520 2995 1614 3040 causa

282 3080 498 3135 recesserunt:
531 3072 646 3157 reliqui
674 3070 817 3147 fuerunt,
841 3092 923 3156 quos
953 3093 1058 3157 neque
1088 3080 1188 3136 terror
1209 3093 1268 3143 nec
1290 3073 1356 3147 vis,
1378 3091 1439 3135 nec
1460 3090 1534 3154 spes
1555 3090 1614 3131 nec

282 3171 397 3238 metus,
418 3184 478 3228 uec
499 3166 657 3248 promissa
678 3187 737 3230 nec
760 3168 875 3240 minae,
896 3187 957 3229 nec
979 3166 1043 3230 tela
1065 3186 1124 3229 nec
1145 3166 1230 3230 laces
1253 3187 1272 3230 a
1293 3174 1397 3229 vestra
1418 3163 1652 3235 auctoritatem

282 3257 434 3340 apopuli
455 3259 590 3323 Romani
613 3260 781 3343 dignitate,
810 3280 830 3322 a
859 3280 928 3323 mea
958 3260 1059 3322 salute
1091 3260 1294 3342 depellerent.
1337 3259 1389 3322 lv.
1411 3256 1442 3319 8.
1465 3257 1614 3338 Princeps

284 3350 318 3414 Ρ.
339 3351 514 3428 Lentulus,
536 3372 651 3436 parens
673 3373 711 3417 ac
726 3354 804 3417 deus
826 3361 953 3416 nostrae
969 3355 1062 3427 vitae,
1084 3353 1240 3426 fortunae,
1263 3354 1444 3426 memoriae,
1467 3349 1614 3421 nominis,

280 3444 343 3509 hoc
371 3450 533 3530 specimen
561 3448 703 3521 virtutis,
733 3448 792 3512 hoc
822 3447 974 3510 indicium
1002 3448 1114 3520 animi,
1147 3446 1209 3510 hoc
1230 3447 1338 3510 lumen
1360 3444 1543 3509 consulatus
1566 3443 1614 3505 sui

281 3538 350 3603 fore
371 3542 511 3624 putavit,
533 3542 561 3605 si
584 3562 634 3605 me
656 3542 750 3616 mihi,
773 3542 800 3605 si
821 3541 918 3614 meis,
942 3540 969 3603 si
993 3540 1093 3613 vohis,
1116 3540 1142 3602 si
1166 3541 1212 3603 rei
1234 3540 1381 3622 publicae
1404 3536 1614 3609 reddidisset;

283 3636 340 3718 qui
359 3641 398 3698 ut
418 3643 466 3700 cst
486 3636 684 3719 designatus,
714 3655 888 3719 numquam
910 3633 1064 3698 dubitavit
1092 3633 1280 3698 sententiam
1303 3632 1343 3697 de
1365 3633 1465 3697 salute
1488 3648 1558 3694 mea
1580 3649 1653 3697 sess

283 3735 316 3791 et
335 3748 372 3792 re
393 3731 522 3813 publica
543 3731 672 3813 dignam
694 3730 810 3794 dicere.
844 3731 923 3793 Cum
945 3747 964 3790 a
986 3727 1114 3791 tribuno
1134 3727 1179 3810 pl.
1193 3734 1365 3802 vetaretur,
1388 3747 1458 3790 cum
1472 3723 1614 3807 praecla-

282 3841 354 3887 rum
368 3831 471 3906 caput
490 3825 692 3898 recitaretur,
724 3845 765 3887 ne
789 3826 859 3907 quis
882 3822 921 3886 ad
944 3842 1001 3885 vos
1022 3821 1171 3896 referret,
1193 3842 1233 3885 ne
1256 3822 1328 3904 quis
1350 3820 1550 3891 decerneret,
1573 3837 1613 3879 ne

284 3913 475 4000 disputaret,
496 3936 537 3980 ne
559 3918 760 4001 loqueretur,
782 3937 823 3980 ne
845 3916 981 4000 pedibus
1002 3916 1079 3988 iret,
1100 3935 1141 3977 ne
1164 3914 1332 3978 scribendo
1352 3914 1493 3986 adesset,
1516 3919 1614 3975 totam

284 4008 387 4085 illam,
408 4018 539 4074 utente
562 4011 645 4086 diui,
667 4011 942 4094 proscriptionem,
964 4029 1029 4072 non
1044 4009 1145 4090 legem
1160 4008 1299 4092 putavit,
1323 4025 1387 4090 qua
1401 4007 1478 4069 ciris
1495 4006 1612 4088 optime

285 4101 324 4166 de
352 4123 387 4167 re
417 4104 544 4187 publica
572 4105 703 4169 meritus
724 4105 912 4170 nominatim
935 4104 1003 4167 sine
1025 4100 1144 4166 iudicio
1167 4121 1231 4165 una
1252 4120 1325 4164 cum
1347 4109 1462 4165 senatu
1483 4101 1529 4163 rei
1554 4118 1651 4183 pu=ao

348 4481 374 4530 4.
390 4479 476 4545 glorta
492 4482 511 4531 P
533 4492 570 4531 m.
588 4481 604 4530 2
622 4493 681 4545 sup.
700 4479 744 4531 lin.
763 4478 853 4530 habet.
875 4505 909 4516 -
928 4479 1002 4542 pestis
1018 4491 1071 4528 om.
1092 4481 1113 4528 G
1136 4503 1163 4513 —
1190 4478 1244 4528 GN.
1263 4480 1290 4538 Ρ,
1309 4479 1356 4528 Gn.
1377 4477 1405 4528 Ε.
1433 4480 1551 4533 :Nemini
1568 4480 1612 4530 Cu.

285 4554 412 4618 mopso
427 4553 501 4606 locus
518 4557 577 4605 erat
593 4558 638 4605 aut
654 4557 716 4605 ante
731 4555 823 4604 otrmte
839 4557 886 4604 aut
901 4557 962 4618 post
975 4554 1099 4617 princeps.
1128 4552 1231 4604 Abesse
1249 4566 1346 4604 nomen
1363 4554 1462 4617 potuit,
1487 4556 1613 4617 utsupra

286 4627 463 4693 Slprincepr
478 4630 753 4680 emarcueram.
781 4628 833 4680 Sed
851 4633 907 4679 tum
926 4630 985 4679 tort.
1004 4629 1067 4678 luit:
1091 4643 1149 4679 cren
1167 4629 1208 4678 otr
1226 4629 1318 4678 mrmte
1334 4629 1402 4678 eet.»
1426 4630 1553 4677 Gamroru
1571 4628 1612 4690 (Ξ).

286 4702 356 4756 llaec
372 4704 506 4770 posterior
523 4705 675 4755 coniectura
692 4702 837 4756 admodum
855 4701 1001 4767 probabilis
1018 4705 1068 4752 est.
1087 4729 1113 4739 —
1133 4704 1158 4753 2.
1176 4703 1331 4753 soeculorum
1348 4703 1381 4751 P:
1399 4702 1570 4753 resumo
1584 4728 1611 4737 -

284 4782 368 4834 sem
382 4781 410 4832 tn
425 4785 540 4833 motum
556 4783 626 4832 mei:
644 4783 672 4832 s'rr
688 4787 801 4832 senatun
815 4779 900 4831 centro
917 4780 937 4829 0
958 4802 985 4814 —
1005 4777 1029 4827 3.
1047 4793 1098 4828 non
1114 4777 1283 4829 arbitraretur
1300 4778 1360 4837 EF,
1380 4777 1438 4827 tort.
1458 4778 1613 4838 corruptum

285 4870 317 4909 ex
332 4857 386 4908 toan
407 4855 463 4921 (vel
479 4856 590 4919 london)
608 4855 674 4918 oro,
701 4855 786 4920 qualis
803 4853 930 4920 particula
948 4866 1028 4917 aegre
1046 4853 1222 4906 desideratur.
1245 4879 1272 4889 -
1299 4858 1327 4902 ut
1342 4853 1398 4903 ticet
1412 4865 1504 4914 corpur
1520 4853 1537 4900 S
1554 4854 1582 4900 et
1597 4850 1613 4900 9

286 4930 362 4984 codd.
387 4932 484 4994 Lem
510 4930 565 4981 ltrot
586 4932 652 4981 item
675 4932 701 4982 in
724 4934 743 4982 P
760 4945 797 4982 m.
816 4930 1001 4981 recentissima
1023 4942 1158 4992 supersor.
1178 4932 1227 4979 est.
1248 4955 1274 4966 -
1303 4928 1327 4978 9.
1345 4927 1446 4992 iudica]
1465 4929 1524 4978 uide
1544 4928 1564 4978 E
1583 4953 1609 4963 —

285 5006 324 5059 to.
342 5007 404 5072 post
417 5005 526 5070 populus
541 5007 569 5055 in
585 5005 638 5056 Eri.
654 5007 682 5056 44.
696 5020 756 5071 sup.
770 5004 814 5056 lin.
828 5006 884 5065 est;
900 5004 1009 5067 popalus
1025 5009 1048 5054 et
1062 5005 1125 5054 nuc
1141 5006 1203 5066 (om.
1215 5002 1351 5066 suffragiis)
1369 5003 1431 5052 E-
1451 5006 1491 5054 tt.
1510 5002 1615 5052 lubeatis

283 5081 304 5132 E
322 5106 350 5119 -
375 5080 417 5133 ll.
434 5093 493 5132 eum
508 5081 546 5131 te
562 5083 581 5132 P
599 5083 659 5131 ante
676 5093 807 5131 rasuram.
827 5105 856 5117 -
882 5079 950 5130 cobis
972 5080 1211 5137 amaricationem
1236 5079 1325 5129 cestris
1340 5078 1532 5128 auctoritatibus
1547 5080 1564 5127 S
1583 5104 1610 5113 -

284 5155 324 5208 43.
340 5157 469 5209 oolttoots’r
484 5157 548 5216 PG,
571 5157 704 5207 oolttmeot
721 5157 768 5207 EF
786 5181 813 5190 -
842 5154 882 5206 tl.
901 5161 1048 5219 oppupoatu
1064 5156 1080 5206 8
1097 5152 1175 5203 codd.
1193 5154 1272 5216 Lagg.
1292 5154 1319 5202 et
1335 5156 1354 5202 P
1372 5164 1442 5202 corr.
1462 5165 1498 5202 m.
1517 5164 1612 5202 recen-

284 5233 393 5286 melma.
413 5260 439 5271 -
464 5233 554 5283 mermi
575 5232 626 5282 virt
646 5238 669 5282 et
691 5232 823 5282 clarissim
843 5232 894 5281 oiri
914 5233 978 5292 PG,
1005 5230 1052 5283 sed
1071 5232 1097 5281 in
1114 5232 1133 5280 P
1150 5231 1281 5294 posterius
1296 5229 1348 5278 otri
1364 5241 1400 5278 m.
1418 5228 1525 5290 antiqua
1543 5226 1611 5289 (tort.

282 5309 376 5374 prima)
394 5307 512 5361 deletum
530 5310 578 5358 est.
605 5308 675 5357 Fort.
694 5309 767 5370 prius
782 5307 833 5356 oiri
849 5305 994 5357 delendum
1007 5309 1056 5367 est,
1075 5307 1104 5356 ut
1120 5305 1170 5356 sit:
1188 5304 1279 5354 sumni
1294 5308 1317 5354 et
1326 5302 1460 5352 clarissimi
1474 5302 1537 5360 virt,
1555 5314 1613 5350 corr·

281 5384 342 5434 tutte
358 5386 411 5437 cet.
426 5409 454 5421 -
473 5384 514 5434 ts.
533 5383 619 5445 optimi
633 5382 685 5431 otae·
701 5381 794 5432 triburi
806 5382 826 5433 0
837 5383 929 5432 contra
946 5381 1025 5432 codd.
1039 5394 1134 5431 omnes
1145 5381 1251 5444 praeter
1262 5378 1278 5430 l
1289 5378 1368 5441 Lagg.
1382 5376 1447 5427 dett.
1463 5403 1490 5413 -
1509 5375 1550 5425 46.
1561 5389 1612 5425 corr

281 5457 362 5509 eclam
382 5459 513 5509 tecturus
537 5484 564 5494 -
593 5456 633 5507 t8.
652 5457 787 5519 paurum
810 5459 900 5508 PGS:
923 5456 1031 5519 paulum
1052 5457 1072 5506 E
1095 5457 1123 5506 et
1143 5454 1206 5517 Lag.
1224 5451 1249 5505 l.
1269 5452 1299 5503 43
1321 5451 1371 5504 soli
1392 5465 1425 5503 ex
1441 5451 1523 5510 notis,
1541 5451 1562 5499 0
1582 5476 1609 5487 -

283 5532 324 5585 49.
341 5532 526 5584 revomet:
544 5532 677 5592 sermon
694 5533 714 5582 0
733 5557 760 5568 -
780 5533 821 5583 22.
840 5532 1038 5592 ocdeousEF3
1057 5527 1362 5594 cl.or.p.Sost.§tll.
1384 5553 1413 5563 -
1432 5525 1474 5576 23.
1491 5525 1612 5575 susem

282 5608 360 5672 lagg.
378 5606 517 5673 plerique:
534 5606 656 5657 tudtcr'ren
671 5607 777 5659 PGES
795 5633 822 5643 -
840 5608 981 5659 consolatus
997 5606 1018 5656 Ε
1037 5633 1064 5643 -
1082 5604 1123 5657 tl.
1141 5618 1182 5656 me
1196 5605 1218 5654 st
1234 5604 1294 5653 mitt
1310 5605 1330 5655 E
1348 5629 1377 5639 -
1394 5601 1456 5652 mut
1472 5612 1526 5650 om.
1541 5601 1563 5650 G
1580 5624 1609 5637 -

281 5682 324 5735 2³.
340 5696 399 5736 mec
413 5686 441 5735 in
457 5681 510 5735 liri.
528 5695 588 5748 sup.
606 5681 652 5734 lin.
672 5710 700 5721 -
718 5683 800 5734 sedet
816 5682 926 5746 reputt.
946 5685 978 5741 P;
997 5682 1028 5732 de
1042 5694 1096 5743 rep.
1115 5681 1216 5743 (omes
1230 5679 1264 5741 et)
1281 5681 1301 5729 G
1318 5691 1359 5743 pr.
1372 5690 1421 5740 ιιι,
1438 5681 1462 5728 et
1477 5676 1508 5726 de
1522 5676 1612 5738 νωμᾶ

283 5769 353 5809 corr.
366 5759 396 5810 et
411 5759 443 5819 ὃς
461 5763 485 5809 et
500 5759 530 5809 de
544 5772 599 5822 rep.
616 5773 642 5810 ee
658 5760 761 5824 &poam
777 5761 846 5810 coni.
859 5757 990 5809 Garatoni.
1004 5782 1033 5792 -
1051 5757 1094 5808 26.
1111 5756 1202 5806 decret
1218 5757 1240 5805 G
1253 5780 1280 5790 —
1297 5767 1355 5804 asu
1370 5755 1433 5805 ante
1445 5749 1543 5815 procel.
1555 5763 1609 5802 om.

283 5831 351 5883 E-
368 5832 410 5885 27.
428 5845 460 5885 ae
480 5832 536 5896 puts
555 5834 694 5898 disputem
710 5836 732 5886 G
755 5858 783 5872 -
805 5834 847 5886 29.
865 5835 928 5899 post
946 5833 1017 5883 tuam
1037 5833 1063 5883 in
1086 5834 1105 5882 P
1121 5844 1159 5883 m.
1177 5831 1278 5881 recent.
1295 5841 1400 5880 omarum
1415 5825 1536 5878 additum
1553 5827 1610 5885 est;

281 5904 1494 5977 maurmuns-qualquarmurumamots-so.uueor,utsaspa.

327 5997 420 6053 emo
439 5998 508 6056 ru
1386 5994 1428 6061 53
