3800 7350
313 1148 397 1218 4346
740 1156 893 1220 ORATIO
914 1157 1141 1222 PHILIPPICA
1161 1160 1202 1221 x.
1227 1163 1230 1169 ⁴

314 1334 365 1391 tur
385 1329 434 1392 vis
455 1325 607 1391 nudatum
629 1324 717 1387 illum
739 1331 833 1408 atque
849 1325 950 1388 solum
966 1347 985 1389 a
1000 1348 1033 1389 re
1053 1327 1179 1410 publica
1193 1328 1365 1409 relegatum
1380 1326 1493 1390 ulderi.
1530 1322 1562 1386 7.
1580 1322 1645 1386 Vos

313 1429 430 1496 autem,
452 1429 558 1504 patres
581 1418 765 1502 conscripti,
788 1420 814 1480 si
829 1421 870 1481 M.
886 1422 1014 1508 Brutum
1031 1420 1234 1484 deserueritis
1243 1430 1280 1493 ¹et
1302 1420 1520 1502 prodideritis‚
1542 1436 1643 1501 quem

314 1516 439 1579 taudem
462 1516 561 1577 civem
583 1533 736 1596 umquam
757 1513 931 1576 ornabitis?
954 1516 1015 1576 uisi
1036 1515 1117 1576 forte
1139 1535 1211 1586 eos,
1233 1514 1287 1597 qui
1310 1514 1456 1577 diadema
1476 1515 1643 1595 imposue-

314 1611 393 1683 rint,
422 1606 673 1681 conservandos,
703 1625 775 1680 eos,
804 1608 860 1688 qui
887 1608 977 1688 regni
999 1628 1114 1670 nomen
1137 1607 1339 1680 sustulerim,
1362 1605 1557 1670 deserendos
1581 1626 1641 1688 pu-

289 1703 396 1766 otatis.
430 1702 476 1763 Ac
499 1699 537 1763 de
559 1699 618 1762 bac
641 1698 770 1783 quidem
793 1698 899 1761 diviua
916 1707 1012 1781 atque
1028 1701 1195 1763 immortali
1210 1700 1303 1762 laude
1318 1703 1405 1763 Bruti
1419 1699 1531 1773 silebo,
1554 1719 1638 1782 quae

313 1797 488 1880 gratissima
517 1794 667 1857 memoria
697 1793 837 1856 omnium
859 1793 975 1854 civium
998 1795 1119 1857 inclusa
1141 1793 1280 1857 nondum
1302 1794 1428 1876 publica
1448 1794 1638 1858 auctoritate

311 1899 426 1955 testata
447 1897 505 1954 cst.
541 1891 715 1951 Tantamne
737 1887 936 1970 patlentiam,
966 1888 998 1949 di
1019 1888 1113 1950 bouil
1142 1895 1257 1950 tautam
1281 1888 1546 1963 moderationem,
1569 1896 1638 1950 tan·

311 1993 375 2049 tam
396 1988 430 2048 in
452 1984 565 2047 iniuria
585 1982 844 2065 tranquillitatem
861 1990 893 2045 et
914 1982 1117 2043 modestiaml
1140 1982 1195 2064 qui
1211 2002 1284 2045 cum
1298 1990 1425 2066 praetor
1439 1983 1527 2046 urbis
1541 1990 1637 2056 esset,

310 2079 388 2143 urbe
411 2079 528 2151 caruit,
555 2076 605 2139 ius
634 2096 698 2139 uon
728 2074 824 2148 dirit,
855 2095 925 2138 cum
949 2095 1042 2138 omne
1069 2076 1118 2137 ius
1140 2074 1186 2138 rei
1208 2075 1355 2157 publicae
1376 2076 1637 2159 recuperarIsset,

274 2185 301 2230 to
311 2192 446 2257 cumque
468 2191 624 2234 concursu
646 2169 834 2253 quotidiano
855 2169 1012 2232 bonorum
1028 2169 1185 2242 omnium,
1207 2170 1262 2252 qui
1285 2167 1478 2233 admirabilis
1500 2168 1540 2231 ad
1563 2188 1636 2231 eum

309 2262 378 2329 lieri
407 2265 544 2337 solebat,
576 2261 798 2347 praesidioque
827 2262 936 2324 Italiae
965 2270 1095 2325 cunctae
1124 2270 1253 2345 saeptus
1274 2271 1383 2347 posset
1404 2282 1492 2339 esse,
1521 2262 1636 2324 absem

308 2360 427 2423 iudicio
459 2357 614 2421 bonorum
647 2355 794 2420 defensus
823 2375 893 2418 esse
921 2356 1033 2419 maluit
1060 2376 1154 2439 quam
1185 2376 1334 2439 praeseus
1364 2377 1477 2421 mauu:
1510 2357 1566 2440 qui
1594 2374 1637 2419 na

307 2452 509 2537 Apollinares
531 2450 661 2534 quidem
682 2449 774 2513 ludos
794 2469 852 2532 pro
876 2468 933 2512 sua
952 2449 1124 2532 populique
1139 2451 1273 2513 Romani
1291 2451 1444 2532 dignitate
1464 2458 1636 2535 apparatos

307 2566 456 2631 praeseus
485 2545 577 2619 fecit,
608 2564 649 2607 ne
682 2564 776 2626 quam
805 2544 887 2606 viam
916 2543 1106 2626 patefaceret
1133 2544 1447 2607 sceleratissimorum
1468 2543 1636 2608 bominum

271 2641 468 2705 toaudacIae.
512 2640 565 2702 IV.
587 2635 617 2700 8.
641 2637 841 2720 Quamquam
871 2637 925 2720 qui
955 2658 1104 2719 umquam
1133 2646 1188 2701 aut
1216 2637 1284 2699 ludi
1313 2643 1368 2701 aut
1389 2637 1456 2700 dies
1485 2637 1636 2700 laetiores

306 2736 451 2809 fuerunt,
480 2753 576 2817 quam
598 2752 667 2795 cum
690 2731 723 2793 in
745 2732 877 2813 siugulis
899 2729 1041 2793 versibus
1068 2732 1206 2813 populus
1228 2733 1387 2795 llomanus
1410 2732 1547 2794 maximo
1571 2731 1635 2794 cla-

306 2849 394 2892 more
417 2836 449 2891 et
469 2827 584 2909 plausu
601 2824 689 2887 Bruti
711 2826 894 2888 memoriam
916 2824 1188 2907 prosequebatur?
1212 2825 1333 2907 Corpus
1355 2824 1463 2888 obertu
1485 2824 1636 2887 liherato·

306 2924 367 2998 ris,
389 2921 544 2985 libertatis
566 2919 718 2982 memoria
739 2920 863 2982 aderat:
893 2919 925 2982 in
950 2939 1013 3001 qua
1034 2920 1122 2982 Bruti
1147 2922 1250 3001 imago
1273 2920 1358 2982 cerni
1381 2918 1557 2982 videbatur.
1593 2918 1636 2979 A:

305 3016 391 3080 bunc
412 3015 451 3078 iis
473 3015 551 3098 ipsis
573 3012 721 3076 ludorum
743 3013 854 3076 diebus
875 3012 1019 3075 videbam
1042 3013 1075 3075 iu
1097 3012 1200 3075 insula
1223 3013 1389 3075 clarissimi
1410 3012 1634 3086 adolescentis,

269 3109 446 3182 :oLuculli,
476 3108 647 3191 propinqui
668 3109 734 3181 sui,
760 3105 839 3169 nibil
861 3106 923 3168 nisi
947 3106 986 3168 de
1008 3126 1086 3190 pace
1108 3113 1140 3168 et
1162 3106 1329 3170 concordia
1351 3107 1469 3169 civium
1491 3108 1636 3189 cogitan-

305 3209 379 3267 tem.
414 3201 559 3266 Eundem
580 3201 644 3263 vidi
666 3209 778 3283 postea
800 3200 908 3263 Veliae
930 3201 1094 3263 cedentem
1118 3201 1221 3274 ltalia,
1247 3220 1287 3264 ne
1310 3221 1373 3284 qua
1395 3209 1536 3264 oreretur
1557 3200 1634 3263 belli

305 3298 407 3361 ciuilis
430 3314 525 3359 causa
546 3301 677 3379 propter
697 3314 741 3357 se.
778 3292 805 3356 Ο
828 3293 1042 3377 spectaculum
1065 3293 1144 3357 illud
1165 3316 1230 3357 uon
1246 3296 1340 3359 modo
1355 3294 1553 3370 bominibus,
1575 3294 1634 3358 sed

305 3391 399 3455 undis
421 3390 498 3475 ipsis
521 3396 552 3450 et
573 3388 718 3450 litoribus
740 3387 936 3450 luctuosuml
960 3387 1073 3450 cedere
1097 3409 1114 3450 e
1137 3389 1238 3470 patria
1254 3396 1447 3452 servatorem
1462 3390 1545 3464 cius,
1568 3408 1634 3452 ma-

304 3505 380 3548 nere
402 3484 436 3546 iu
457 3481 557 3566 patria
578 3480 773 3563 perditoresl
803 3480 901 3543 Cassii
925 3480 1035 3543 classis
1057 3482 1164 3564 paucis
1186 3491 1258 3563 post
1279 3481 1391 3547 diebus
1413 3483 1635 3568 consequeba-

267 3586 374 3652 batur,
403 3582 439 3639 ut
468 3595 518 3637 me
547 3574 697 3656 puderet,
727 3583 833 3656 patres
860 3575 1047 3657 conscripti,
1077 3575 1110 3635 iu
1132 3594 1201 3638 eam
1223 3576 1333 3639 urbem
1355 3576 1475 3654 redite,
1505 3599 1545 3641 ex
1568 3597 1633 3661 qua

303 3671 349 3735 illi
372 3670 503 3734 abirent.
546 3665 576 3730 9.
601 3667 662 3730 Sed
686 3688 748 3751 quo
772 3668 905 3732 consili0
927 3669 1100 3743 redierim,
1116 3668 1207 3732 initio
1223 3670 1374 3745 audistis,
1397 3681 1471 3754 post
1485 3672 1562 3736 estis
1577 3692 1633 3736 ex·

303 3765 645 3850 pertizerspectatum
673 3762 769 3843 igitur
796 3770 920 3846 tempus
949 3783 969 3827 a
996 3765 1093 3826 Bmto
1116 3771 1174 3826 est
1216 3767 1294 3829 Nam
1318 3765 1425 3849 quoad
1447 3786 1504 3829 vos
1526 3767 1632 3830 amula

303 3857 369 3942 pati
390 3855 485 3930 vidit,
507 3875 584 3918 usus
607 3861 656 3919 est
676 3856 745 3937 ipse
767 3855 945 3919 incredibili
967 3857 1132 3940 patientia:
1155 3866 1265 3939 postea
1284 3878 1380 3943 quam
1394 3880 1452 3924 vos
1474 3860 1515 3923 ad
1537 3860 1633 3924 liber·

303 3958 400 4015 tatem
423 3950 522 4013 sensit
544 3957 681 4022 erectos,
703 3948 861 4030 praesidia
882 3956 1005 4012 vestrae
1028 3950 1164 4013 libertati
1186 3955 1316 4035 paravit

265 4060 295 4109 eo
387 4047 428 4108 lt
450 4044 499 4106 cui
520 4043 602 4127 pesti
632 4049 834 4125 quantaeque
862 4034 993 4104 res'tititl
1022 4044 1055 4105 Si
1078 4046 1163 4109 euim
1186 4046 1218 4108 C.
1238 4048 1394 4110 Antonius
1419 4048 1507 4131 quod
1522 4049 1630 4112 auimo

303 4137 483 4204 intenderat
504 4135 654 4220 perlicere
676 4136 848 4220 potuisset,
870 4144 924 4199 aut
945 4137 1051 4218 potius
1072 4139 1134 4201 uisi
1157 4139 1225 4202 eius
1245 4139 1356 4203 sceleri
1371 4141 1471 4204 virtus
1486 4142 1528 4204 M.
1543 4142 1631 4204 Bruti

304 4231 493 4306 obstitisset,
521 4231 756 4303 Macedoniam,
786 4229 962 4313 Illyricum,
992 4231 1154 4294 Graeciam
1177 4233 1442 4315 perdidissemus:
1474 4241 1559 4298 esset
1579 4234 1630 4298 vel

303 4324 538 4407 receptaculum
560 4325 653 4406 pulso
667 4325 806 4387 Antonio
822 4324 873 4386 vel
894 4344 989 4406 agger
1005 4327 1234 4408 oppugnandae
1248 4326 1357 4390 Italiae
1372 4328 1524 4391 Graecia:
1547 4348 1630 4412 quae

304 4421 433 4502 quidem
454 4439 539 4483 nunc
561 4421 602 4482 bl.
624 4420 712 4481 Bruti
733 4419 882 4501 imperio,
905 4419 1108 4494 auctoritate,
1131 4421 1230 4502 copiis
1253 4441 1317 4483 non
1339 4423 1493 4485 instructa
1515 4422 1630 4497 solum,

369 4731 392 4780 4.
410 4723 509 4791 publice
527 4725 549 4774 V
569 4751 593 4762 -
619 4725 756 4788 relegatum
773 4738 827 4776 om.
846 4729 857 4776 t
874 4752 901 4761 ·-
920 4728 944 4775 2.
964 4726 1054 4791 nutam]
1072 4728 1151 4790 igitur
1168 4729 1178 4776 t
1198 4753 1224 4763 -
1244 4741 1346 4777 marcus
1361 4729 1394 4777 V¹
1412 4755 1439 4765 -
1457 4731 1630 4792 sprodidcn'tts

303 4804 458 4854 mamantis
475 4802 510 4859 V:
525 4799 685 4862 crodideritis
702 4799 819 4850 Faernus
837 4801 897 4861 (om.
917 4800 993 4851 deser.
1012 4805 1042 4863 st)
1060 4828 1094 4838 -
1110 4802 1134 4852 3.
1153 4801 1273 4851 ornabitta
1291 4803 1323 4851 V:
1342 4803 1483 4853 ornabitis?
1499 4808 1540 4856 cut
1555 4807 1628 4868 [ανο-

303 4878 359 4928 bitis
375 4877 425 4927 00
442 4903 475 4912 -
496 4875 648 4936 tsposucrist
664 4873 701 4926 V:
724 4876 885 4937 inposuerunt
905 4888 920 4924 a
939 4901 967 4911 —-
991 4875 1016 4926 4.
1034 4879 1205 4927 conseruando
1222 4882 1246 4935 t;
1269 4878 1435 4929 obseruando:
1450 4881 1468 4931 b
1487 4908 1515 4918 —
1538 4894 1580 4931 tos
1590 4907 1628 4918 --

300 4954 395 5016 putatis
411 4950 492 5001 habet
509 4950 606 5001 Noutus
624 4963 649 5013 p.
669 4947 717 5000 tot
734 4952 768 5000 bl.
790 4977 816 4986 -
841 4950 1034 5010 caiuma·
1056 4952 1128 5014 repat
1144 4952 1166 5000 V
1183 4956 1211 5001 et
1228 4954 1340 5002 Nonius:
1363 4954 1467 5018 reptat)
1487 4983 1514 4993 -
1538 4969 1628 5006 omaso

301 5029 388 5078 stov
408 5052 434 5064 —
453 5026 578 5077 sustulerit
593 5025 624 5074 V¹
640 5051 673 5060 -
693 5024 813 5087 putabtts's
834 5021 863 5073 b²
880 5050 908 5061 —
932 5028 958 5075 o.
976 5027 1049 5076 Brstt
1065 5027 1172 5090 Vogt:
1196 5029 1232 5077 ll.
1250 5029 1323 5078 Bmts'
1339 5028 1387 5080 bO
1406 5054 1433 5065 -
1457 5029 1540 5080 tilleto
1557 5030 1579 5078 V
1597 5055 1625 5065 —

302 5100 573 5168 6.gratlsaima'V—-
597 5101 768 5151 Μίνως
791 5101 826 5150 dil
848 5101 963 5163 ago-
989 5107 1085 5151 tostam
1107 5102 1216 5152 iniurius
1233 5116 1263 5166 g;
1288 5109 1385 5153 tontum
1401 5105 1427 5154 iu
1443 5104 1499 5154 iras
1515 5104 1581 5155 abt
1597 5129 1625 5141 -

301 5178 325 5229 8.
342 5185 446 5240 praetor
461 5178 530 5228 urbis
546 5176 581 5225 V:
596 5190 625 5239 p.
642 5190 666 5226 r.
685 5176 796 5225 urbasus
812 5179 864 5233 at;
880 5175 973 5237 populo
988 5189 1094 5226 romano
1109 5176 1221 5225 mensus
1236 5176 1294 5241 bg:
1314 5178 1347 5228 ct.
1366 5180 1454 5229 Garat.
1474 5179 1508 5230 ad
1525 5179 1552 5229 h.
1565 5177 1583 5230 l.
1597 5205 1625 5214 -

301 5253 325 5302 9,
343 5259 416 5303 carot
431 5254 464 5302 V¹
476 5278 504 5289 -
522 5265 579 5301 curn
595 5264 666 5301 omns
676 5252 698 5300 V
710 5265 779 5301 corr.
793 5264 826 5300 er
840 5263 942 5301 comosa
955 5278 983 5287 -
1001 5252 1198 5314 rccopsrcus'rsct
1214 5251 1267 5303 hoc
1284 5251 1342 5303 loeo
1355 5255 1436 5304 ettam
1447 5253 1469 5303 V
1482 5279 1509 5289 —
1530 5254 1570 5304 40.
1584 5267 1628 5303 co-

300 5326 344 5377 tid.
363 5328 425 5377 mei.
440 5353 464 5363 -
486 5329 526 5377 44.
544 5331 681 5388 conquetas
698 5326 734 5387 V,
753 5324 801 5376 sed
817 5339 914 5388 cunque
930 5327 957 5377 lu
969 5339 1020 5376 ras.
1036 5351 1064 5364 -
1084 5340 1172 5389 apsens
1183 5327 1205 5374 V
1216 5354 1249 5364 -
1268 5328 1307 5378 42.
1325 5329 1364 5393 aa]
1381 5342 1421 5379 ms
1437 5333 1449 5380 t
1466 5357 1494 5367 -
1514 5327 1554 5379 43.
1568 5341 1628 5378 aua-

298 5414 357 5450 rum
374 5401 395 5449 V
414 5429 441 5438 -
461 5402 500 5450 ts.
520 5405 564 5449 out
580 5401 650 5449 modi
666 5400 701 5460 V;
720 5414 755 5449 su
770 5400 822 5457 ludi
839 5403 849 5450 t
867 5426 894 5436 -
914 5406 959 5450 out
975 5402 1026 5451 dtas
1042 5401 1087 5450 V²:
1108 5408 1152 5453 sut
1169 5403 1257 5453 audies
1274 5402 1321 5461 Vt:
1339 5404 1431 5453 cnidda
1447 5407 1500 5463 at:
1518 5409 1564 5454 oet
1581 5405 1629 5454 diis

299 5490 315 5540 g
333 5478 362 5540 (ts
378 5477 404 5526 iu
417 5475 493 5538 real:
512 5479 557 5524 aut
573 5474 604 5530 h:
622 5479 667 5523 aa:
683 5475 821 5526 auditiones
832 5477 1023 5528 Mommscntus
1041 5503 1067 5514 -
1088 5477 1128 5528 46.
1146 5491 1222 5540 quum
1238 5491 1292 5529 om.
1305 5478 1369 5528 B-
1385 5479 1497 5529 auduus
1512 5479 1577 5541 festu
1593 5483 1628 5528 cst

299 5553 333 5616 lp.
348 5549 420 5612 4347,
433 5550 457 5611 7)
470 5549 565 5601 mediis
582 5549 687 5599 omissis
703 5550 725 5598 D
740 5576 767 5586 —
782 5552 870 5612 popul
885 5555 987 5604 romum
1003 5555 1026 5603 V
1039 5578 1067 5590 -
1086 5554 1126 5604 48.
1145 5554 1241 5618 terrogat
1257 5554 1319 5602 v-
1338 5553 1372 5602 ud
1381 5553 1404 5602 V
1414 5580 1448 5591 -
1466 5555 1506 5605 ts.
1524 5555 1556 5603 tls
1570 5554 1628 5604 llu-

298 5628 386 5676 retus:
403 5626 494 5675 blth
513 5651 542 5663 -
560 5624 693 5674 cturuuott
708 5623 733 5673 i:
751 5625 876 5675 caruem:
891 5627 955 5677 v-
974 5629 1131 5678 admisceatis
1147 5628 1223 5678 luculi
1239 5629 1303 5679 V-
1320 5629 1362 5679 st.
1379 5641 1411 5678 ss
1426 5629 1471 5688 Vt,
1489 5642 1535 5679 oss
1551 5628 1625 5678 V1-

298 5700 473 5750 meretch11
492 5699 694 5750 orireturivto
713 5724 742 5735 -
759 5700 855 5750 uslls'V
877 5725 901 5738 -
920 5702 962 5752 tt.
980 5703 1065 5772 chers
1081 5701 1102 5751 V
1122 5729 1149 5738 -
1172 5702 1469 5768 asportaretur).
1488 5701 1624 5754 lin.m.2.

298 5801 332 5812 -
348 5777 412 5824 ccsss'
428 5776 451 5824 V
470 5803 497 5813 -
521 5776 562 5825 25.
580 5788 613 5824 cs
635 5775 695 5836 quta
715 5773 840 5825 illsbtrost
862 5772 893 5825 V¹
911 5802 938 5812 -
964 5777 1005 5828 26.
1022 5778 1148 5838 portastis
1164 5778 1189 5826 l:
1209 5778 1347 5839 potsstirV
1366 5803 1393 5814 -
1417 5778 1458 5829 34.
1476 5783 1521 5828 cast
1541 5778 1626 5840 umus

299 5850 429 5902 Muretus:
448 5855 493 5901 aut
504 5850 612 5913 posces:
628 5849 664 5911 V;
679 5850 797 5913 potss'ssst
813 5855 897 5903 amun
912 5850 952 5902 io
967 5877 1002 5890 -
1017 5850 1059 5902 ³³.
1076 5852 1242 5915 magundat
1257 5852 1289 5902 V.
