3800 7350
672 1182 979 1249 cmxv-svn
1004 1178 1218 1269 ssu-rr.
1520 1177 1603 1245 444

287 1363 357 1430 net,
378 1373 438 1418 neo
459 1352 594 1417 amicum
616 1351 640 1433 †
661 1353 849 1437 prudentem
870 1372 1018 1417 corruere
1036 1352 1172 1437 patitur:
1198 1371 1257 1415 nec
1278 1349 1365 1415 illius
1386 1348 1483 1414 animi
1505 1350 1605 1415 aciem

287 1447 489 1533 praestringit
517 1445 671 1530 splendor
701 1447 750 1511 sui
779 1446 932 1522 nominis,
960 1467 1020 1511 nec
1048 1448 1161 1510 mentis
1189 1444 1281 1530 quasi
1308 1442 1480 1507 luminibus
1508 1440 1607 1509 oifioit

286 1540 419 1606 altitudo
448 1541 594 1605 fortunae
624 1550 656 1605 et
684 1541 813 1624 gloriae.
856 1538 906 1603 ii.
929 1542 1002 1606 Sint
1026 1561 1101 1605 sane
1129 1541 1184 1604 illa
1214 1558 1343 1621 magna,
1373 1559 1607 1623 quaererem

199 1699 203 1718 ,
286 1654 399 1719 magna
421 1642 511 1699 aunt:
535 1635 573 1698 de
596 1634 714 1699 iudicio
735 1635 834 1699 animi
856 1635 936 1709 mei,
958 1641 994 1699 ut
1013 1635 1100 1700 rolet
1120 1636 1272 1719 quisque,
1294 1633 1425 1710 sentiat3
1447 1633 1606 1717 egoenim

286 1729 367 1794 hanc
396 1729 428 1793 in
459 1730 554 1793 tantis
583 1730 715 1813 opibus,
747 1735 832 1793 tanta
859 1727 985 1792 fortuna
1012 1728 1230 1792 liberalitatem
1250 1726 1282 1789 in
1304 1746 1397 1801 suos,
1425 1728 1632 1792 memoriane

288 1823 444 1888 amicitiae
473 1822 604 1907 reliquis
632 1822 799 1886 virtutibus
822 1822 968 1885 omnibus
990 1828 1157 1906 antepono.
1193 1819 1296 1895 Quam
1317 1819 1445 1906 quidem
1466 1840 1538 1896 vos,
1558 1821 1610 1885 ia·

288 1918 390 1992 dices,
420 1918 488 1981 eiua
510 1916 544 1979 in
566 1936 649 1979 novo
672 1935 786 1999 genere
808 1915 1000 1990 bonitatem,
1022 1915 1201 1979 inusitatam
1224 1914 1316 1978 claris
1337 1933 1374 1977 ac
1395 1915 1611 1998 praepotenti·

286 2012 345 2074 bus
368 2012 458 2085 viris,
491 2030 555 2074 non
577 2010 670 2073 modo
692 2029 757 2072 non
781 2011 941 2091 aspernari
964 2030 1001 2073 ac
1022 2008 1174 2084 refutare,
1196 2007 1251 2072 sed
1274 2007 1439 2093 complecti
1462 2009 1555 2072 etiam
1577 2013 1610 2073 et

287 2125 403 2187 augere
431 2103 570 2176 debetis,
597 2111 629 2165 et
658 2123 696 2166 eo
721 2103 836 2185 magis,
869 2103 955 2185 quod
985 2102 1096 2165 videtis
1118 2102 1177 2165 hos
1199 2102 1291 2185 quasi
1313 2109 1456 2185 sumptos
1478 2102 1546 2166 dies
1567 2100 1609 2164 ad

287 2197 536 2262 labefactandam
565 2196 650 2260 illius
678 2197 878 2279 dignitatem:
907 2216 948 2260 ex
976 2216 1038 2280 qua
1060 2196 1105 2259 illi
1133 2196 1212 2259 nihil
1234 2195 1355 2258 detrahi
1376 2203 1494 2278 potest,
1522 2194 1647 2279 quodie

287 2311 354 2355 non
375 2299 430 2355 aut
450 2290 572 2354 fortiter
593 2285 672 2353 lerat
693 2297 747 2353 aut
768 2287 860 2353 iacile
881 2289 1035 2354 restituat.
1070 2290 1301 2353 Amicissimum
1323 2287 1482 2354 hominem
1504 2290 1530 2353 si
1551 2290 1611 2354 ho·

288 2392 410 2449 aestate
433 2384 600 2468 spoliatum
622 2384 775 2457 audierit,
797 2403 856 2446 nec
878 2384 947 2449 sine
969 2404 1083 2467 magno
1099 2383 1207 2449 dolore
1224 2383 1319 2458 ieret,
1340 2402 1399 2447 nec
1413 2384 1447 2448 id
1461 2386 1611 2463 amiserit,

290 2478 378 2563 quod
400 2498 493 2560 posse
515 2485 622 2561 speret
646 2478 836 2561 recuperari.

373 2573 471 2635 xvii.
500 2570 551 2636 i5.
581 2574 664 2638 Satis
694 2572 792 2636 multa
821 2572 1002 2636 hominibus
1030 2592 1096 2636 non
1124 2572 1244 2659 iniquis
1272 2571 1351 2636 haec
1379 2593 1450 2637 csse
1478 2572 1610 2651 debent,

290 2666 384 2730 nimis
414 2667 508 2730 etiam
540 2667 638 2731 multa
666 2666 773 2741 vobis,
803 2686 886 2751 quos
907 2666 1115 2750 aequissimos
1137 2685 1208 2729 esse
1230 2664 1428 2730 confidimus.
1468 2668 1548 2745 Sed,
1576 2675 1649 2734 utto

291 2761 431 2825 omnium
458 2760 509 2825 rel
539 2761 712 2844 suspicioni
734 2760 785 2825 vel
810 2760 1052 2824 malevolentiae
1074 2759 1125 2824 vel
1146 2758 1325 2824 crudelitati
1345 2762 1421 2824 satis
1441 2759 1512 2825 liat:
1540 2781 1612 2827 «oc-

291 2854 388 2918 cultat
408 2855 576 2938 pecuniam
597 2856 782 2929 Postumus,
811 2854 909 2918 latent
935 2852 1039 2943 regiae
1062 2852 1219 2917 divitiae.»
1256 2854 1373 2938 Ecquis
1394 2862 1443 2918 est
1463 2874 1504 2918 ex
1523 2862 1612 2920 tanto

291 2948 426 3032 populo,
449 2950 503 3033 qui
525 2950 609 3012 bona
632 2947 666 3012 C.
688 2948 806 3012 Rabirii
827 2945 968 3011 Postumi
990 2966 1119 3011 nummo
1141 2948 1286 3012 sestertio
1307 2948 1369 3012 sibi
1390 2947 1495 3014 addici
1514 2948 1612 3014 veliti

292 3041 355 3104 Sed
376 3042 526 3107 miserum
547 3064 613 3119 me,
636 3049 756 3127 quanto
776 3042 837 3107 hoc
858 3041 925 3105 dixi
947 3039 1161 3105 cumdolore!
1184 3041 1285 3118 Hem,
1307 3044 1468 3118 Postume,
1487 3050 1562 3107 tune
1577 3063 1612 3109 es

293 3135 326 3199 C.
344 3134 443 3199 Curtii
466 3132 565 3212 filius,
589 3137 622 3201 C.
637 3136 754 3201 Rabirii
771 3135 890 3199 iudicio
905 3144 937 3199 et
950 3134 1112 3199 voluntale
1126 3131 1227 3211 lilius,
1249 3143 1361 3199 natura
1375 3138 1493 3201 sororis
1506 3134 1650 3202 filiastro

293 3237 370 3294 tune
392 3229 446 3293 ille
468 3232 503 3294 in
524 3251 633 3295 omnes
655 3238 727 3293 tuos
749 3230 911 3293 liberalist
932 3230 1024 3292 cuius
1040 3229 1157 3292 multos
1170 3229 1296 3293 bonitas
1310 3230 1535 3314 locupletavitl
1556 3231 1613 3316 qui

294 3323 373 3387 nihil
402 3322 596 3408 profudistil
624 3324 704 3387 nibil
734 3323 830 3387 ullam
859 3324 891 3386 in
921 3321 1081 3385 libidinem
1110 3322 1296 3386 contulistil
1334 3324 1418 3399 Tua,
1449 3326 1614 3400 Postume,

293 3438 421 3481 nummo
452 3420 597 3483 sestertio
623 3438 642 3481 a
671 3437 721 3480 me
743 3416 942 3481 addicuntur.
986 3412 1212 3480 idoneum
1233 3416 1382 3481 miserum
1403 3418 1613 3501 acerbumque

293 3511 515 3596 praeconiuml
536 3513 578 3575 At
598 3511 659 3575 hoc
682 3511 775 3574 etiam
788 3519 886 3595 ¹optat
907 3509 1019 3584 miser,
1040 3516 1076 3571 ul
1097 3509 1140 3572 ita
1161 3510 1243 3574 hona
1257 3519 1407 3588 veneant,
1428 3519 1464 3575 ut
1477 3511 1613 3576 solidum

294 3626 386 3669 suum
409 3607 523 3690 cuique
543 3606 691 3669 solvatur.
734 3605 819 3667 Nihil
848 3606 911 3667 ianr
933 3604 1021 3666 aliud
1042 3603 1104 3666 nisi
1125 3602 1220 3667 tidem
1242 3613 1347 3668 curat:
1373 3626 1432 3670 nec
1453 3628 1508 3671 vos
1529 3606 1652 3683 haicio

295 3702 321 3764 si
350 3701 413 3764 iam
442 3701 584 3764 oblivisci
611 3707 733 3763 vestrae
762 3698 1011 3763 mansuetudinis
1037 3699 1217 3773 volueritis,
1251 3699 1426 3783 quidquam
1451 3709 1615 3785 praeterea

295 3795 426 3878 potestis
448 3795 581 3877 eripere.
619 3794 728 3870 Quod,
755 3792 892 3867 iudices,
915 3814 956 3856 ne
977 3792 1097 3856 faciatis
1119 3812 1175 3855 oro
1198 3793 1402 3877 obtestorque
1423 3816 1498 3870 vos,
1519 3803 1615 3880 atquo

296 3908 334 3953 eo
364 3888 481 3970 magis,
512 3888 537 3951 si
568 3887 744 3951 adventicia
770 3887 904 3969 pecnnia
934 3886 1050 3969 petitur
1077 3886 1194 3960 abeo,
1220 3886 1272 3949 cui
1292 3906 1349 3950 sua
1371 3907 1436 3951 non
1457 3888 1615 3953 redditur:

295 4002 369 4047 nam
401 3983 434 4044 in
463 4002 551 4057 cum,
579 3982 630 4045 cui
659 3980 874 4045 misericordia
900 3978 1047 4061 opitulari
1070 3978 1221 4055 debehat,
1251 3979 1371 4044 invidia
1392 3984 1536 4066 quaesita
1557 3990 1615 4047 est.

297 4074 346 4140 ii.
370 4077 432 4140 Sed
456 4077 535 4150 iam,
558 4075 707 4159 quoniam
729 4095 823 4158 spero
846 4071 937 4137 iidem
962 4073 984 4154 †
1007 4092 1102 4160 quam
1123 4073 1280 4158 praestiti,
1302 4075 1464 4151 Postume,
1485 4076 1653 4141 reddamto

296 4314 347 4350 ooo
361 4301 418 4350 44444
434 4301 504 4352 auct.
522 4299 661 4350 Schuelzio
679 4309 740 4347 cum
758 4295 778 4346 0
795 4293 958 4347 inclusimus.
978 4320 1005 4330 -
1022 4296 1072 4360 ilde
1086 4296 1190 4360 loriaco
1205 4309 1237 4357 v,
1254 4297 1361 4360 44444444
1375 4298 1424 4362 ilde
1439 4297 1548 4359 Lamb.;
1566 4313 1616 4365 ego

297 4375 387 4424 totum·
397 4372 485 4425 iocum
501 4374 541 4425 sic
557 4371 646 4436 legere
663 4369 769 4422 malim:
787 4370 906 4420 4404444444
922 4369 1031 4432 sucepit,
1047 4369 1129 4433 444444,
1146 4371 1262 4421 4444444444
1277 4384 1305 4421 re
1319 4372 1495 4436 44444οά44444
1505 4374 1615 4425 44444444.

299 4475 326 4486 -
344 4450 415 4500 lodie
431 4462 527 4513 4444444
543 4449 612 4499 coni.
631 4444 722 4505 orelii;
741 4447 769 4496 at
785 4446 825 4497 est
842 4458 888 4507 cue
904 4445 931 4494 h.
950 4443 967 4494 i.
986 4443 1092 4510 copula,
1110 4448 1141 4496 ut
1155 4458 1182 4510 p.
1200 4444 1258 4505 840,
1269 4444 1310 4496 30.
1330 4446 1456 4509 4004444.
1470 4474 1497 4486 -
1518 4451 1542 4500 4.
1550 4464 1618 4513 pre-

298 4524 393 4575 ‹tcalem
411 4524 503 4574 codd:
525 4523 658 4586 44444444
673 4519 707 4581 b;
730 4519 909 4584 camdeniano
926 4531 988 4570 cum
1005 4517 1049 4570 ed.
1066 4520 1134 4570 lunt.
1160 4518 1315 4570 Emendatio
1333 4523 1376 4571 est
1390 4523 1505 4585 ineerta;
1527 4524 1618 4589 proxi·

299 4612 373 4650 mom
391 4598 459 4650 toret
474 4598 646 4662 ispmdeotan
661 4594 703 4647 vei
724 4596 867 4658 4444444444,
891 4596 921 4645 ut
937 4595 979 4645 est
995 4593 1021 4644 in
1038 4591 1069 4653 b;
1093 4591 1142 4645 sed
1163 4595 1249 4658 potios
1266 4597 1433 4660 exspectatur
1447 4603 1559 4650 44444444
1574 4596 1617 4650 vel

297 4675 515 4738 4444444ρί44444,
538 4675 568 4722 ut
584 4673 627 4722 ost
641 4684 703 4736 pag.
721 4670 794 4732 4436,
813 4669 854 4720 46.
874 4694 901 4706 -
924 4669 950 4720 4.
966 4669 1129 4733 mammeti
1145 4670 1267 4719 Garatoni
1283 4673 1311 4720 44
1327 4671 1453 4722 Schuetz:
1472 4673 1620 4739 4444444444

300 4749 379 4800 codd.
396 4775 430 4786 -
446 4746 469 4800 4.
488 4753 516 4798 at
530 4747 608 4808 colet,
625 4748 729 4808 4444444
744 4745 833 4796 sentiat
849 4743 874 4794 in
892 4742 954 4794 edd.
973 4743 1124 4794 distinctum
1141 4744 1191 4794 444.
1207 4769 1234 4780 -
1252 4756 1297 4808 epo
1313 4750 1396 4796 444444
1410 4747 1476 4799 lanc
1491 4749 1618 4800 Patricius

302 4850 330 4862 -
349 4825 373 4876 6.
391 4821 765 4875 omntoos--ionicotemom
783 4818 1162 4881 Ex—iadicssciasGSV:
1181 4819 1365 4872 circumdo
1382 4846 1410 4858 -
1429 4823 1453 4874 4.
1471 4825 1498 4874 is
1513 4825 1559 4875 444
1573 4837 1620 4890 ps-

300 4914 359 4951 aerc
374 4902 500 4952 Patricius
519 4924 546 4937 -
565 4898 589 4950 8.
607 4911 658 4949 444
673 4898 745 4948 modo
761 4910 812 4948 noa
827 4909 858 4945 v:
876 4910 927 4945 ooo
942 4896 1016 4945 modo
1033 4893 1110 4946 codd.
1127 4920 1154 4931 -
1173 4894 1214 4946 40.
1231 4893 1431 4959 labefactandam
1447 4898 1558 4949 (iS‘ivt
1577 4898 1620 4950 la-

300 4975 473 5038 befactandum
488 4973 597 5026 Eiivo
614 5000 647 5010 -
668 4973 705 5022 illi
722 4984 775 5022 om.
793 4971 826 5030 E;
850 4970 920 5020 aliud
940 4971 1008 5021 coni.
1026 4971 1138 5020 Schuetz
1163 4995 1190 5005 -
1216 4970 1256 5021 44.
1273 4971 1401 5021 miserit
1417 4973 1462 5023 Es
1479 4974 1506 5023 et
1522 4973 1553 5038 V,
1570 4973 1621 5026 sad

301 5049 327 5099 in
348 5050 400 5100 hoo
422 5051 439 5099 4
458 5049 592 5114 punctulo.
613 5074 640 5084 -
665 5046 705 5097 43.
723 5050 803 5108 spese
825 5044 885 5096 Gh:
913 5058 965 5094 non
985 5049 1064 5107 speret
1085 5043 1164 5095 codd.
1189 5042 1245 5095 reli.
1278 5045 1316 5097 ct.
1338 5045 1458 5110 Madvigii
1478 5049 1575 5113 opusc.
1593 5050 1619 5112 4,

301 5138 328 5188 p.
346 5123 394 5175 384
411 5126 465 5175 not.
486 5151 513 5160 -
533 5125 572 5173 46,
589 5124 670 5173 malta
686 5123 761 5172 eliam
777 5123 838 5170 G-
858 5121 898 5170 46.
915 5121 1098 5170 malivolentiae
1114 5121 1133 5170 C
1147 5146 1181 5156 —
1196 5121 1258 5171 44444
1272 5121 1352 5185 {adal
1367 5122 1415 5182 Εχ
1434 5148 1461 5159 -
1481 5124 1521 5174 ii.
1539 5126 1622 5188 ecouts

302 5214 331 5250 a:
349 5206 372 5250 et
388 5200 444 5260 oola
460 5199 539 5250 codd.
560 5223 587 5236 —
608 5199 648 5249 48,
667 5198 734 5247 odim
750 5198 782 5253 S:
800 5196 890 5246 adduci
907 5196 927 5247 Ε
945 5221 973 5232 -
993 5196 1095 5247 444444
1112 5196 1174 5257 CG,
1192 5194 1209 5246 i
1225 5196 1304 5247 0u.:
1326 5197 1387 5247 hoec
1402 5199 1449 5248 v0
1467 5225 1495 5236 -
1513 5204 1622 5252 44444444

301 5288 326 5326 44
343 5275 362 5325 E
382 5301 408 5310 -
427 5275 467 5325 40.
487 5275 513 5326 0.
532 5271 627 5324 Orelli:
651 5285 705 5322 om.
724 5269 802 5322 codd.
823 5296 850 5307 -
873 5270 939 5320 cssrli
955 5269 1046 5330 codd.;
1070 5271 1140 5322 Curii
1155 5269 1217 5330 h0;
1240 5272 1273 5323 cl.
1292 5272 1325 5322 ad
1342 5271 1358 5336 5
1374 5272 1399 5323 3.
1419 5299 1447 5311 -
1470 5281 1565 5327 natam
1579 5289 1623 5328 so-

302 5351 368 5400 roris
388 5349 454 5414 tilius
475 5362 528 5400 om.
547 5349 566 5398 E
585 5349 644 5399 444
662 5349 740 5406 044.;
762 5352 858 5396 natm
878 5346 972 5395 sororis
994 5345 1058 5408 (sine
1073 5346 1147 5410 itlius)
1164 5347 1268 5398 Ernesti
1286 5372 1314 5383 —·
1338 5348 1379 5398 44.
1397 5348 1504 5400 iassab:
1527 5355 1571 5401 4444
1587 5353 1619 5412 [13

303 5429 355 5473 tam
372 5424 436 5487 Suc
454 5424 576 5474 cumEV
593 5422 767 5473 etl0x1.-
786 5422 827 5472 44.
846 5422 953 5471 4444444444
969 5420 1044 5471 iius
1062 5433 1102 5485 pr.
1119 5432 1155 5470 m.
1169 5422 1196 5471 el
1211 5422 1302 5472 4044.
1317 5448 1345 5460 -
1362 5421 1623 5490 43.44444441444444

304 5499 432 5549 Patricius
449 5523 476 5534 -
500 5495 671 5549 4444444444
687 5497 721 5557 0;
746 5508 871 5547 noscam
890 5495 981 5547 Lamb.
1000 5497 1026 5546 in
1043 5508 1127 5559 marg.
1146 5496 1364 5560 interpunximas.
1388 5523 1416 5534 -
1440 5498 1623 5561 o--praeco-

304 5574 374 5622 aiam
391 5571 468 5622 aiiert
483 5571 656 5633 Quintilianus
672 5572 719 5635 444,
738 5571 766 5634 3,
785 5571 841 5622 444.
861 5598 889 5609 -
912 5571 954 5623 44.
972 5576 1000 5621 al
1021 5572 1059 5621 ito
1080 5570 1145 5621 bosa
1160 5577 1264 5622 44444444
1278 5571 1438 5636 Madvigius:
1460 5579 1488 5624 al
1503 5575 1540 5637 (444
1554 5575 1624 5626 aerii

304 5648 345 5697 444
366 5648 450 5712 Saevi
467 5649 642 5698 condemnetur
661 5660 679 5697 4
697 5645 767 5696 uobis
786 5647 823 5696 ita
844 5645 910 5697 0444
930 5651 1036 5697 aeneam
1058 5644 1137 5696 codd.
1164 5644 1266 5696 everha
1282 5647 1456 5698 4444444444
1471 5661 1489 5698 4
1502 5648 1571 5700 cobis
1587 5649 1622 5702 ab

306 5721 394 5785 aliquo
411 5720 499 5772 addita
515 5726 589 5783 sunt,
608 5721 653 5786 qui
669 5719 819 5784 longissimo
836 5733 852 5770 o
868 5722 998 5773 sententia
1015 5719 1174 5771 aberravit.»
1187 5746 1214 5757 -
1232 5720 1273 5772 40.
1292 5722 1429 5772 4444444444
1444 5724 1464 5775 c
1477 5749 1504 5760 -
1523 5725 1565 5775 40.
1577 5725 1623 5776 de-

307 5796 376 5847 44044
392 5797 508 5847 Muretus
525 5800 553 5847 44
567 5797 709 5850 Patricius:
732 5796 800 5847 debat
815 5803 855 5862 ψ;
881 5797 968 5848 debeat
983 5797 1003 5848 C
1021 5798 1049 5847 44
1064 5793 1120 5847 4414.
1139 5795 1203 5847 044.
1222 5821 1249 5833 -
1268 5795 1309 5847 30.
1327 5799 1447 5859 44444444
1461 5811 1533 5863 opero
1546 5800 1623 5865 Man

307 5885 385 5938 44444
396 5872 513 5936 mamili
528 5871 648 5925 codices:
674 5872 806 5934 44444444,
827 5876 856 5924 ot
875 5884 961 5936 spero,
979 5871 1053 5937 4444444
1068 5883 1147 5936 mam
1162 5873 1248 5936 ponit,
1269 5870 1314 5923 tibi
1326 5874 1442 5938 4444444444
1456 5873 1534 5935 edd.;
1555 5887 1621 5939 ceo·
