3800 7350
739 1694 783 1788 M.
810 1697 955 1789 TULLII
980 1697 1211 1792 CICERONIS

463 1960 745 2051 oliam
788 1963 934 2051 PRO
974 1964 1035 2052 Μ.
1073 1962 1493 2052 MARCELLO

660 2228 700 2288 IN
730 2228 887 2291 SENATU
915 2228 970 2289 ai)
1003 2226 1037 2289 C.
1067 2227 1293 2292 CAESAREM.

800 2455 807 2470 '
873 2458 1079 2511 nicocuovrr

708 2652 764 2712 10.
784 2652 999 2713 cnosdms
1017 2654 1241 2714 mnus,

755 3055 937 3114 nortuum
956 3054 1199 3115 Explicitum.

319 3222 330 3246 ι
349 3222 374 3242 =
392 3196 453 3248 cod.
472 3194 686 3255 dommucensis,
705 3207 777 3246 nunc
793 3194 972 3247 Bruxeliensis
990 3211 1016 3247 n.
1034 3195 1114 3257 4845,
1133 3210 1147 3247 a
1166 3210 1209 3247 mc
1227 3194 1347 3247 collatus.

350 3291 373 3310 =
392 3271 452 3321 cod.
471 3270 643 3331 Eriurtensis‚
667 3282 739 3320 nunc
755 3269 948 3330 Berolinensis,
974 3271 1045 3335 apud
1064 3271 1230 3321 Wunderum
1249 3271 1309 3320 t'or.
1328 3270 1403 3321 Loctt.
1422 3283 1448 3334 p.
1467 3270 1500 3320 86
1517 3281 1595 3334 sqq.;
1619 3271 1645 3320 in

393 3358 532 3418 quo'cum
549 3342 630 3395 multu
648 3357 662 3394 a
681 3357 761 3394 mauu
779 3344 929 3394 recentiore
947 3346 1127 3409 superscripta
1144 3347 1208 3407 sint,
1234 3347 1348 3411 primam
1366 3357 1475 3395 manum
1492 3357 1508 3394 a
1524 3343 1645 3395 secunda

393 3419 511 3471 numeris
527 3420 654 3483 appositis
671 3418 847 3469 distinximus.

320 3497 329 3513 ’
349 3514 373 3534 =
393 3493 453 3544 cod.
472 3490 609 3544 Futdensis
630 3507 657 3544 n.
676 3493 732 3543 484.
753 3492 776 3543 t.
796 3493 826 3543 C.
845 3493 892 3551 40,
915 3491 979 3543 otim
1002 3494 1155 3544 monasterii
1172 3495 1393 3556 weingartensis,
1417 3494 1492 3545 cutus
1514 3491 1645 3543 lectiones

392 3568 533 3631 descripsit
549 3569 576 3618 et
592 3566 676 3618 edidit
691 3567 720 3617 F..
740 3568 766 3617 F.
785 3567 804 3617 1.
821 3566 925 3616 Ducum
943 3568 970 3617 in
987 3571 1185 3631 programmate
1202 3568 1309 3619 scholae
1326 3566 1463 3620 Futdensts
1480 3581 1504 3618 a.
1523 3566 1599 3618 4849.

350 3666 375 3688 ιι
394 3642 455 3694 cod.
473 3641 609 3696 ltiediceus
625 3642 699 3694 XLV.
722 3639 788 3692 Plut.
808 3641 840 3702 L,
864 3640 964 3693 saeculi
980 3642 1028 3702 xi,
1052 3644 1083 3692 ut
1102 3642 1199 3706 fertur,
1222 3641 1256 3694 ab
1273 3646 1387 3693 Διιοιιο
1404 3643 1494 3694 Sanno
1516 3643 1543 3693 in
1563 3654 1644 3693 usum

393 3719 526 3768 Garatonii
543 3730 567 3767 a.
587 3716 646 3767 4794
668 3716 827 3780 descriptus.

348 3817 373 3837 ε
391 3791 452 3843 cod.
470 3791 689 3855 tegernseensis,
709 3802 780 3840 nunc
796 3788 964 3840 ltonecensts
983 3788 1052 3852 (cod.
1072 3793 1127 3841 Lat.
1146 3791 1250 3857 48787),
1270 3805 1346 3844 eme
1360 3790 1480 3845 collatus.
1499 3790 1643 3856 elpidi

391 3868 418 3915 et
433 3878 460 3929 p.
480 3865 554 3916 4404.
580 3866 608 3914 [ιι
625 3862 676 3914 hac
692 3865 810 3914 emtione
827 3861 936 3914 mutilus
953 3863 1051 3914 desinit
1067 3865 1093 3915 iu
1110 3865 1126 3929 s
1144 3867 1184 3916 45.

349 3966 374 3985 .-.
393 3937 471 3987 codd.
490 3940 544 3989 mei
561 3951 663 3990 omnes.

346 4039 371 4058 ..ι
390 4009 536 4062 scholiasta
554 4013 744 4063 Gronovianus.
762 4013 808 4076 (44.
829 4012 900 4062 748444
917 4013 1042 4066 monn
1057 4015 1211 4065 &iotanae
1226 4017 1254 4066 P.
1268 4016 1299 4067 lt.
1318 4029 1344 4080 p.
1358 4013 1407 4067 448
1417 4017 1488 4080 sqq.)

348 4105 371 4124 ι-
392 4086 434 4136 ed.
453 4085 584 4137 Orelliana
600 4099 625 4137 a.
644 4087 717 4138 4886.
1371 4089 1374 4097 ’

393 4332 418 4395 1.
440 4326 470 4395 l.
491 4332 640 4396 Diuturni
662 4330 800 4407 silentii,
830 4339 937 4416 patres
959 4333 1147 4418 conscripti,
1175 4353 1241 4416 quo
1265 4353 1351 4398 eram
1371 4333 1423 4396 his
1444 4332 1643 4415 temporibus

309 4446 402 4502 usus,
430 4447 494 4491 non
514 4427 628 4490 timore
658 4426 784 4509 aliquo,
815 4425 872 4490 sed
904 4425 1018 4508 partim
1042 4423 1169 4501 dolore,
1198 4426 1312 4509 partim
1334 4424 1526 4490 verecundie
1546 4422 1643 4489 finem

308 4516 482 4585 hodiernus
511 4518 580 4582 dies
608 4519 715 4582 attulit
742 4518 892 4601 idemque
921 4519 1047 4582 initium
1078 4539 1163 4602 quae
1184 4518 1299 4581 vellem
1321 4537 1468 4602 quaeque
1490 4520 1643 4583 sentirem

310 4630 380 4673 meo
403 4611 537 4693 pristino
559 4631 646 4674 more
669 4610 807 4674 dicendi.
844 4613 978 4673 Tantum
1000 4611 1085 4674 enim
1107 4612 1398 4686 mansuetudinem,
1425 4619 1487 4674 tam
1509 4612 1643 4675 inusita-

284 4709 372 4766 stam
394 4703 633 4787 inauditamque
647 4704 863 4777 clementiam,
886 4709 1008 4766 tantum
1023 4703 1057 4766 in
1071 4723 1195 4767 summa
1209 4710 1364 4787 potestate
1378 4724 1483 4768 rernm
1499 4705 1641 4768 omnium

308 4795 456 4870 modum,
478 4803 542 4858 tam
564 4795 703 4880 denique
724 4795 945 4861 incredibilem
968 4795 1158 4879 sapientiam
1180 4816 1218 4860 ac
1238 4817 1341 4880 paene
1364 4796 1504 4861 divinam
1525 4799 1647 4885 tacitus!

307 4888 479 4971 praeterire
502 4889 591 4952 nullo
612 4891 710 4954 modo
732 4909 873 4974 possum.
917 4887 948 4953 2.
970 4892 1012 4955 44.
1035 4889 1120 4953 enim
1141 4891 1291 4955 Marcello
1310 4890 1417 4966 vobis,
1439 4899 1545 4974 patres
1566 4909 1642 4953 con·

374 5235 512 5284 tusculano
530 5245 667 5283 nutrioris.
696 5234 732 5283 44.
753 5233 778 5284 T.
798 5232 933 5285 cressonis
950 5246 997 5283 rso
1015 5233 1060 5283 .44.
1078 5233 1215 5283 Μιιεειιο
1231 5245 1327 5283 rucrrrr
1343 5235 1378 5294 G;
1395 5233 1485 5295 Incipit
1501 5246 1540 5282 or.
1557 5232 1594 5282 44.
1615 5230 1640 5280 Τ.

307 5307 432 5359 mooun
451 5319 500 5368 pro
519 5308 609 5357 ltorco
630 5306 750 5357 ttorcsito
770 5308 803 5367 E;
827 5322 875 5371 pro
896 5320 984 5357 marco
1005 5308 1125 5356 morcetto
1141 5308 1175 5367 7;
1201 5319 1298 5358 rucrrrr
1319 5320 1366 5358 rao
1384 5308 1429 5357 .44.
1447 5309 1584 5358 utronno
1600 5305 1640 5365 44ς

307 5381 337 5431 de
352 5383 389 5432 44.
408 5379 529 5431 Marcello
545 5379 691 5431 Arusianus
708 5379 820 5432 Messius
837 5394 864 5445 p.
876 5379 926 5433 26l
943 5379 987 5430 ed.
1006 5379 1126 5431 Lindem.
1140 5384 1168 5430 et
1179 5382 1286 5433 Servius
1301 5382 1334 5431 ad
1346 5379 1443 5444 Vergil.
1455 5382 1521 5430 Aen.
1536 5381 1559 5440 4,
1578 5377 1641 5438 4448,

306 5456 478 5518 inscriptione
496 5457 570 5505 caret
581 5455 606 5504 F.
628 5455 851 5516 (Ommrioncrum
866 5455 974 5505 nomine
991 5454 1061 5504 hunc
1078 5458 1106 5505 et
1116 5453 1184 5505 dues
1195 5468 1263 5520 quae
1281 5456 1430 5519 sequuntur
1446 5456 1579 5506 orationes
1596 5465 1643 5517 ap·

306 5528 406 5593 pellant
421 5528 520 5580 Nonius
537 5527 677 5580 Marcellus
694 5543 720 5594 p.
739 5527 796 5589 487,
815 5531 845 5589 9;
864 5528 972 5580 Servius
988 5527 1024 5578 ad
1035 5527 1133 5592 Vergit.
1151 5531 1218 5580 Aen.
1237 5530 1269 5589 v,
1282 5530 1339 5580 487.
1358 5530 1405 5591 xi,
1423 5527 1481 5579 438.
1500 5531 1595 5591 Ganrg.
1604 5527 1640 5589 44,

307 5601 368 5664 484;
387 5602 508 5654 Valerius
524 5602 627 5655 Probus
644 5617 671 5668 p.
690 5601 764 5664 4474,
782 5603 814 5654 87
831 5606 875 5662 P.;
894 5602 982 5654 schot.
1000 5604 1098 5653 Lucani
1115 5605 1174 5666 vti,
1192 5604 1250 5655 4449.
1269 5602 1337 5667 843.)

371 5687 396 5737 ii.
414 5685 535 5751 Manuos]
552 5688 666 5749 idemque
682 5686 815 5737 hodiernus
830 5687 882 5737 dier
901 5689 922 5738 G
941 5713 969 5723 -
993 5687 1171 5749 turannos
1187 5687 1256 5738 nnio
1271 5688 1344 5737 mado
1361 5687 1457 5740 FMT:
1484 5685 1552 5736 nulio
1567 5685 1642 5736 modo

304 5761 539 5825 prmnnncuo
559 5789 583 5800 -
604 5761 651 5827 44]
668 5762 757 5813 litoreo
773 5761 828 5813 tii
846 5786 874 5799 -
892 5760 963 5812 nobit
978 5761 1005 5812 F.
