3800 7350
230 1413 235 1419 ,
273 1337 316 1405 ad
337 1356 453 1405 mamus
474 1337 564 1421 erat,
585 1352 680 1422 quam
694 1332 851 1402 debemus
873 1331 1037 1400 amicitiae
1050 1330 1183 1399 cauom
1196 1331 1366 1400 llunmssr
1383 1334 1417 1400 et
1431 1329 1578 1402 (irsoum

274 1461 473 1543 limacum,
495 1437 550 1544 oui
577 1473 768 1543 quamquam
796 1455 866 1521 suis
887 1453 1033 1544 negotiis
1052 1453 1257 1544 gravissimis
1277 1453 1404 1523 Romae
1424 1456 1577 1542 occupati

275 1586 384 1656 erant,
411 1585 521 1647 tamen
551 1578 614 1646 boc
641 1595 758 1644 munus
784 1577 819 1641 in
848 1594 886 1643 se
910 1576 1061 1662 recipere
1086 1594 1155 1640 non
1174 1577 1307 1666 gravati
1326 1580 1415 1643 sunt.
1456 1577 1578 1644 lilomm

276 1702 527 1794 diligentissima
557 1718 658 1786 opera
688 1699 838 1766 ellectum
864 1701 934 1786 est,
964 1700 1002 1763 ut
1032 1696 1164 1764 tandem
1186 1696 1284 1766 huius
1304 1718 1433 1787 quoque
1454 1696 1579 1767 codicis

275 1825 437 1893 lectiones
464 1825 621 1891 accurate
648 1821 952 1909 cognoscerentor3
979 1837 1054 1886 nam
1081 1835 1169 1886 nunc
1194 1818 1322 1906 quidem
1347 1823 1407 1889 vix
1427 1822 1495 1888 ullo
1515 1822 1578 1888 iam

273 1947 349 2014 loco
377 1944 540 2013 dubitatio
568 1946 722 2030 superest
752 1941 829 2028 quid
856 1943 891 2007 in
918 1939 1033 2009 codice
1059 1943 1218 2026 seriptum
1239 1945 1359 2011 exstet.
1399 1942 1581 2011 Praeterea

275 2066 480 2134 adhibuimus
501 2067 657 2153 quattuor
677 2062 811 2132 codices
830 2064 973 2130 familiae
994 2061 1226 2138 Germanicae,
1247 2065 1344 2130 unius
1364 2064 1439 2131 illos
1452 2063 1580 2151 quidem

276 2189 496 2274 recensionis,
517 2185 577 2254 sed
598 2188 687 2253 inter
707 2204 744 2252 se
767 2204 886 2275 magno
911 2203 1013 2270 opere
1033 2182 1275 2270 discrepantes,
1298 2184 1581 2276 'legernseen-

277 2328 366 2398 scm,
379 2308 516 2377 cundem
531 2307 573 2376 de
589 2326 653 2394 quo
668 2326 769 2393 supre
791 2306 867 2393 pv
887 2304 1039 2393 diximus,
1060 2307 1335 2394 Bernensem,
1355 2326 1420 2394 quo
1435 2308 1497 2375 iam
1512 2304 1582 2376 ca-

277 2434 368 2499 rolus
381 2427 574 2518 Stephanus
591 2450 671 2497 usus
685 2433 754 2516 est,
775 2427 1143 2519 Bambergenscm,
1164 2427 1405 2517 Gudianum,
1426 2430 1582 2516 qulnunc

279 2559 330 2622 est
359 2555 394 2621 in
424 2552 625 2623 bibliotheca
653 2551 974 2618 Wolfenbutteluna
1023 2548 1224 2638 Quamquam
1256 2550 1289 2615 hi
1320 2550 1454 2619 codices
1482 2551 1583 2641 longe

279 2678 431 2743 meliores
456 2678 533 2742 sunt
561 2693 655 2762 quam
682 2675 841 2763 vulgares
867 2672 992 2759 Italici,
1022 2691 1159 2757 quorum
1179 2691 1278 2739 unum
1297 2673 1409 2740 Hans.
1429 2663 1583 2753 mnus,

279 2799 332 2864 vir
353 2797 578 2884 doctissimus,
600 2815 643 2863 ex
667 2794 827 2862 Hibernia
851 2794 1087 2883 benignissime
1108 2792 1151 2860 ad
1173 2813 1236 2861 nos
1257 2794 1454 2880 transmisit,
1474 2796 1583 2861 mmen

280 2922 314 2986 in
334 2922 376 2988 ils
395 2920 509 2987 barum
524 2920 707 2985 orationum
728 2916 894 3002 partibus,
915 2933 1000 3002 quae
1013 2919 1148 2982 exstant
1167 2916 1202 2983 ln
1214 2915 1392 2992 Vaticano,
1412 2935 1480 2983 non
1498 2916 1585 2990 mul,-

281 3045 347 3108 tum
368 3041 412 3108 ad
430 3060 612 3109 sermonem
630 3036 867 3106 emendandum
888 3036 1039 3104 silerunt.
1081 3036 1190 3103 'lanto
1211 3040 1364 3106 maiorem
1385 3037 1527 3106 fructum
1541 3056 1585 3105 cx

280 3165 321 3230 iis
341 3165 548 3249 percepimus
568 3164 602 3227 in
622 3163 690 3227 illis
711 3162 894 3227 orationum
916 3159 1081 3246 partibus,
1102 3176 1186 3244 quae
1206 3158 1242 3225 in
1262 3159 1409 3227 lacerato
1421 3159 1585 3228 Vaticano

280 3284 526 3371 desiderantur,
546 3282 589 3350 ad
603 3301 686 3369 ques
707 3279 931 3349 recensendas
946 3298 1136 3368 quamquam
1158 3279 1305 3350 codicem
1326 3301 1394 3347 non
1416 3280 1585 3350 babuimus

282 3408 335 3493 qui
356 3406 552 3473 Vaticanum
573 3406 723 3471 bonitate
750 3404 961 3491 aequiparet,
994 3402 1059 3468 duo
1084 3406 1193 3469 temen
1223 3406 1358 3489 praesto
1379 3406 1491 3489 erant,
1516 3403 1586 3470 'l'e-

280 3527 494 3617 gernseensis
515 3529 549 3592 et
570 3526 767 3614 ilerdensis,
789 3526 906 3612 quilius
926 3526 1080 3591 meliores
1100 3523 1244 3591 nondum
1265 3527 1392 3594 inventi
1406 3530 1500 3610 sunt,
1523 3545 1587 3613 qua

281 3668 319 3717 re
339 3649 462 3719 iactum
483 3654 535 3716 est
557 3652 593 3716 ut
612 3650 648 3714 ln
668 3647 721 3715 his
735 3649 918 3715 orationum
935 3647 1085 3733 partibus
1098 3647 1200 3715 multa
1212 3665 1339 3717 novare
1354 3651 1454 3739 atque
1473 3667 1587 3717 emen-

282 3772 363 3841 dare
382 3790 563 3859 possemus

366 4013 581 4085 Orationibus
595 4012 765 4082 Tullianae
784 4015 856 4081 tres
869 4012 1126 4082 declamationes
1143 4013 1386 4102 subiunximus,
1405 4033 1449 4084 ne
1463 4015 1540 4106 quid
1553 4018 1588 4083 in

285 4142 400 4206 nostra
421 4136 565 4205 editione
587 4135 847 4221 desideraretur,
870 4134 958 4222 quod
971 4137 1059 4202 inest
1073 4137 1107 4201 ln
1122 4136 1232 4221 priore
1244 4132 1428 4220 Orellimra,
1448 4137 1492 4205 ad
1507 4156 1590 4225 ques

285 4280 392 4352 nugas
412 4262 566 4346 antiquas
589 4255 811 4327 emendandas
832 4258 972 4349 egregia
992 4256 1152 4345 quaedam
1173 4262 1307 4345 praesto
1322 4261 1418 4327 erant
1433 4259 1590 4330 subsidia.
1697 4246 1704 4265 '

368 4498 531 4591 Superest
558 4506 597 4569 ut
624 4503 790 4590 omnibus,
819 4501 875 4588 qui
902 4521 966 4568 nos
992 4503 1111 4588 partim
1132 4500 1303 4571 codicibus
1322 4502 1534 4573 conferendis
1555 4508 1591 4573 et

287 4626 546 4716 suppeditandis,
567 4627 686 4712 purtim
700 4624 984 4692 emendationibus
996 4622 1292 4712 subministrandis,
1305 4626 1339 4691 in
1354 4627 1472 4712 quibus
1485 4646 1591 4713 prae-

288 4754 339 4816 ter
366 4753 499 4817 ceteros
527 4747 729 4815 Mauvrsrus
759 4750 794 4813 et
823 4745 1055 4813 ltlouussnrus
1082 4745 1270 4813 nominandi
1297 4751 1391 4834 sunt,
1422 4752 1457 4815 ln
1488 4750 1590 4842 longo

288 4888 495 4958 operoseque
522 4868 638 4938 labore
664 4867 823 4935 adiuvare
854 4866 1046 4952 voluerunt,
1074 4872 1216 4955 quantas
1239 4871 1397 4937 maximus
1417 4890 1592 4956 possumus

287 4993 416 5081 gratias
436 4992 568 5078 publice
590 5010 736 5081 agamus
779 4987 845 5072 uui
865 4995 974 5056 autem
996 4988 1073 5076 quid
1095 4990 1159 5075 ipsi
1180 4990 1383 5059 effecerimus
1403 4995 1593 5061 cumiuurc

288 5115 387 5201 atque
408 5114 582 5180 aestimare
602 5113 784 5197 voluerint,
809 5113 839 5178 el
861 5112 1001 5179 velimus
1020 5109 1084 5179 hoc
1106 5112 1272 5202 cogitent,
1293 5119 1449 5201 quntum
1470 5133 1592 5201 operae
1637 5188 1645 5211 ⁸

289 5239 323 5303 et
344 5236 502 5321 temporis
518 5236 553 5302 in
567 5234 736 5303 codicibus
751 5233 985 5320 conquirendis
999 5235 1034 5300 et
1047 5232 1267 5320 excutiendis,
1288 5235 1323 5301 in
1337 5253 1447 5303 eorum
1461 5236 1593 5303 familiis

290 5355 515 5425 discernendis
536 5359 570 5422 et
592 5353 834 5441 ponderandis,
853 5355 889 5420 in
910 5357 962 5420 tot
982 5355 1109 5421 milibus
1130 5356 1306 5423 lectionum
1319 5355 1545 5426 describendis
1558 5359 1593 5424 ct

290 5477 495 5569 digerendis,
523 5479 558 5544 in
586 5475 834 5565 typothetarum
855 5472 997 5563 denique
1017 5476 1307 5548 innumerabilibus
1327 5479 1494 5548 erroribus
1513 5497 1593 5548 cor-

289 5598 438 5693 rigendis
459 5596 712 5670 consumendum
736 5597 852 5683 luerit,
884 5599 920 5665 et
950 5600 1075 5685 quanto
1106 5617 1208 5685 opere
1238 5597 1303 5668 boe
1330 5599 1459 5691 ingenti
1486 5601 1594 5669 mole-

290 5725 498 5811 stissimoque
517 5722 650 5809 labore,
680 5739 744 5808 quo
771 5717 861 5786 haud
887 5719 958 5790 scio
985 5739 1030 5789 an
1053 5720 1177 5789 nulium
1196 5720 1287 5790 aliud
1306 5722 1432 5814 ingenii
1453 5725 1488 5791 et
1508 5739 1594 5793 ocu-
