3800 7350
323 1162 386 1231 832
606 1167 758 1233 ORATIO
783 1167 867 1234 CUM
889 1168 1064 1235 SENATUI
1084 1167 1258 1234 GRATIAS
1278 1165 1387 1235 EGIT'

322 1334 494 1400 fortissimo
517 1345 615 1422 utque
636 1339 757 1421 optimo
778 1339 871 1402 viroi
893 1359 989 1423 quem
1009 1338 1188 1403 habuit'ille
1203 1338 1332 1423 pestifer
1345 1359 1448 1402 annus
1462 1348 1495 1402 et
1509 1341 1647 1406 maxime

322 1427 449 1495 fidelem
471 1438 503 1494 et
522 1433 652 1496 minime
672 1432 835 1507 timidum,
865 1433 892 1496 si
921 1433 1072 1496 dimicare
1101 1433 1287 1515 placuisset,
1316 1432 1515 1497 defensorem
1537 1433 1649 1497 salutis

322 1544 421 1588 meae.
454 1526 664 1610 Posteaquam
685 1527 774 1590 vobis
797 1526 989 1591 decernendi
1011 1533 1152 1609 potestas
1174 1526 1255 1590 facta
1276 1546 1339 1590 non
1363 1534 1411 1590 est
1433 1547 1490 1608 per
1505 1546 1578 1590 eum
1593 1529 1649 1592 tri·

322 1618 443 1682 bunum
471 1620 532 1702 pl.,
564 1620 636 1703 qui,
665 1641 737 1683 cum
767 1639 825 1703 per
851 1640 885 1683 se
914 1620 1161 1704 rempublicam
1183 1618 1323 1683 lacerare
1344 1639 1409 1682 non
1431 1628 1555 1703 posset,
1588 1623 1648 1684 sub

299 1711 429 1776 saliano
451 1713 569 1777 scelere
591 1711 724 1788 delevit,
746 1733 921 1796 numquam
942 1715 983 1776 de
1005 1733 1056 1776 me
1071 1713 1219 1787 siluistis,
1242 1734 1415 1797 numquam
1438 1733 1541 1777 meam
1564 1715 1648 1779 salu-

322 1815 385 1870 tem
407 1826 473 1870 non
494 1808 533 1871 ab
547 1807 586 1871 iis
602 1807 794 1882 consulibus,
809 1808 865 1889 qui
877 1807 1098 1881 vendiderant,
1121 1807 1326 1889 flagitaristis.
1370 1804 1399 1869 l.
1415 1809 1526 1891 ltaque
1542 1816 1648 1872 vestro

322 1901 427 1964 studio
456 1910 553 1985 atque
580 1902 767 1965 auctoritate
796 1900 970 1983 perfectum
999 1908 1065 1973 est,
1095 1908 1131 1964 ut
1153 1901 1222 1982 ipse
1245 1899 1298 1962 ille
1319 1919 1439 1974 annus,
1470 1921 1565 1984 quem
1587 1922 1647 1985 ego

322 1994 399 2057 mihi
421 2016 516 2078 quam
539 1996 659 2078 patriae
680 1995 851 2058 malueram
874 2015 945 2058 esse
966 1993 1111 2068 fatalem,
1141 2002 1213 2056 octo
1243 1993 1385 2056 tribunos
1416 1992 1561 2069 baberet,
1592 1997 1649 2078 qui

322 2098 354 2153 et
375 2090 611 2173 promulgarent
631 2090 671 2152 de
693 2088 793 2152 salute
816 2108 886 2152 mea
909 2088 1001 2151 etad
1023 2106 1080 2150 vos
1102 2106 1352 2170 saepenumero
1374 2087 1538 2151 referrent.
1569 2090 1649 2152 Nam

284 2183 468 2247 soconsules
490 2183 624 2247 modesti
645 2184 814 2266 legumque
837 2188 1013 2244 metuentes
1029 2180 1282 2263 impediebantur
1295 2180 1384 2262 lege,
1406 2200 1471 2243 uon
1486 2202 1539 2258 ea,
1565 2203 1648 2267 quae

322 2276 362 2341 de
383 2296 444 2350 me,
466 2275 522 2339 sed
544 2296 592 2351 ea,
614 2296 697 2360 quae
720 2276 760 2339 de
780 2276 858 2358 ipsis
876 2275 940 2338 lata
955 2280 1031 2348 erat,
1053 2293 1148 2356 quam
1162 2274 1252 2336 meus
1267 2273 1414 2337 inimicus
1428 2278 1648 2360 promulgavit,

320 2378 357 2433 ut
383 2371 411 2434 si
438 2370 628 2433 revixissent
656 2370 696 2444 ii,
726 2371 781 2453 qui
809 2368 887 2432 baec
909 2385 1011 2449 paene
1035 2366 1198 2441 delerant,
1227 2375 1293 2430 tum
1316 2387 1375 2449 ego
1397 2364 1552 2434 redirem:
1583 2391 1648 2455 quo

320 2463 403 2527 facto
424 2471 595 2545 utrumque
617 2461 781 2526 consessus
804 2471 867 2535 est,
891 2470 978 2524 etse
1000 2460 1128 2523 illorum
1150 2461 1246 2523 vitam
1266 2461 1463 2537 desiderare,
1486 2470 1517 2526 et
1533 2483 1647 2546 magno

320 2558 355 2621 in
382 2556 524 2641 periculo
553 2577 619 2620 rem
648 2556 807 2639 publicam
832 2555 985 2628 futuram,
1015 2555 1061 2627 si,
1092 2574 1161 2616 cum
1184 2555 1291 2619 hostes
1313 2564 1408 2640 atque
1430 2556 1648 2621 interfectores

283 2651 366 2715 esrai
396 2649 542 2735 publicae
571 2650 777 2723 revixissent,
807 2668 865 2731 ego
895 2668 959 2711 nou
984 2648 1195 2710 revertissem.
1240 2653 1342 2731 Atque
1370 2649 1427 2712 illo
1450 2650 1519 2734 ipso
1541 2658 1648 2714 tamen

319 2764 423 2819 anno,
445 2764 518 2807 cum
540 2763 599 2827 ego
622 2744 805 2816 cessissem,
828 2742 975 2826 princeps
997 2747 1102 2804 autem
1124 2741 1260 2805 civitatis
1276 2762 1340 2806 non
1354 2743 1460 2827 legum
1474 2743 1648 2826 praesidio,

320 2839 375 2903 sed
407 2838 565 2921 parietum
591 2837 688 2900 vitam
716 2855 805 2898 suam
835 2842 994 2908 tueretur,
1024 2854 1075 2897 res
1104 2833 1232 2916 publica
1253 2835 1322 2898 sine
1346 2836 1530 2901 consulibus
1553 2846 1647 2911 esset,

321 2952 425 3017 neque
455 2932 557 2995 solum
579 2928 763 3013 parentibus
785 2930 967 3012 perpetuis,
995 2948 1105 2991 verum
1132 2929 1225 2991 etiam
1247 2930 1404 2993 tutoribus
1426 2930 1540 2993 annuis
1563 2938 1649 2993 esset

320 3027 446 3100 orbata,
468 3025 642 3088 sententias
664 3023 769 3087 dicere
790 3022 1058 3106 probiberemini,
1081 3029 1175 3103 caput
1196 3042 1285 3085 meae
1307 3023 1546 3107 proscriptionis
1567 3025 1648 3087 reoi-

282 3126 451 3193 totaretur,
480 3136 653 3201 numquam
681 3116 850 3180 dubitastis
876 3135 979 3179 meam
1010 3115 1143 3178 salutem
1172 3136 1244 3178 cum
1267 3117 1425 3179 communi
1447 3116 1549 3179 salute
1571 3137 1648 3180 con-

319 3214 461 3296 iungere.
504 3212 558 3273 ΙΙΙ.
581 3209 611 3272 5.
639 3211 753 3273 Postea
784 3230 860 3272 vero
888 3229 983 3293 quam
1013 3208 1164 3291 singulari
1187 3217 1220 3272 et
1240 3211 1511 3291 praestantissima
1531 3211 1647 3274 virtute

319 3309 353 3369 Ρ.
374 3305 500 3368 Lentuli
529 3303 670 3367 consulis
705 3323 746 3367 ex
774 3303 945 3385 superioris
968 3302 1042 3365 anni
1065 3300 1199 3383 caligine
1221 3312 1252 3365 et
1273 3304 1412 3367 tenebris
1432 3304 1536 3367 lucem
1556 3305 1591 3367 in
1613 3324 1648 3367 ro

318 3399 445 3484 publica
465 3396 618 3460 Kalendis
641 3396 794 3460 ianuariis
816 3396 974 3478 dispicere
997 3395 1163 3476 coepistis:
1192 3416 1265 3459 cum
1288 3396 1327 3472 Q.
1351 3396 1488 3471 Metalli,
1513 3395 1649 3459 nobilis·

319 3493 392 3556 simi
415 3491 554 3555 bominis
576 3498 672 3573 atque
694 3490 804 3573 optimi
827 3489 886 3554 viri
910 3509 1032 3552 summa
1055 3488 1207 3570 dignitas,
1238 3487 1309 3552 cum
1332 3499 1526 3572 praetorum,
1549 3489 1648 3552 tribu·

281 3604 431 3653 aanomm
453 3585 497 3668 pl.
519 3603 621 3667 paene
643 3584 785 3648 omnium
807 3584 905 3647 virtus
929 3590 961 3645 et
988 3581 1068 3644 tides
1090 3582 1136 3644 rei
1160 3581 1305 3665 publicae
1327 3583 1543 3661 subvenisset3
1574 3604 1645 3647 cum

382 3979 407 4028 2.
426 3977 540 4028 timidus
561 3981 585 4026 st
604 3976 626 4026 si
646 3975 768 4026 dimicare
784 3975 830 4026 EF
850 4002 877 4012 -
904 3975 929 4025 3.
944 3980 1032 4037 postea
1049 3988 1125 4038 quom
1142 3976 1174 4034 P;
1195 3979 1282 4037 postea
1301 3975 1595 4036 concameraret
1616 4003 1643 4013 -

317 4052 463 4104 decernendi
477 4056 587 4115 potestus
603 4051 722 4102 PEPS:
738 4055 849 4113 potestas
864 4051 962 4100 daem.
981 4050 1030 4100 GO
1049 4077 1076 4087 -
1096 4049 1165 4112 sacto
1180 4064 1231 4099 sos
1247 4054 1282 4099 est
1297 4050 1344 4100 EF
1361 4048 1427 4099 soli:
1443 4050 1514 4113 facto
1529 4052 1645 4101 omPG

317 4130 349 4190 S;
366 4143 417 4178 oon
433 4132 468 4178 ost
481 4111 604 4190 permisso
621 4126 650 4184 0,
669 4126 699 4174 ut
715 4129 756 4175 est
772 4126 798 4175 in
816 4127 835 4175 P
851 4137 911 4189 sup.
929 4123 975 4175 lin.
994 4137 1075 4175 manu
1091 4126 1285 4176 recentissima.
1306 4150 1333 4160 -
1353 4125 1410 4174 PR.
1426 4125 1473 4174 Pl..
1493 4127 1525 4184 P,
1542 4128 1574 4175 ut
1589 4126 1645 4175 tere

316 4216 434 4267 semper,
451 4202 502 4252 nisi
520 4201 591 4266 quod
608 4213 689 4265 saepe
707 4200 779 4251 idem
796 4199 879 4250 babet
896 4201 933 4250 ,7.
953 4202 981 4250 a.
999 4202 1026 4250 P.
1045 4202 1073 4250 1..
1095 4226 1123 4238 -
1141 4199 1166 4251 t.
1184 4199 1228 4249 sab
1245 4200 1296 4250 olio
1312 4200 1332 4249 Ε
1349 4226 1376 4236 -
1395 4201 1419 4250 5.
1438 4199 1527 4250 deleuit
1544 4201 1564 4249 G
1582 4203 1609 4250 et
1626 4202 1646 4250 P

316 4290 385 4328 corr.
404 4290 440 4328 m.
453 4278 482 4338 2,
502 4275 581 4327 codd.
600 4274 733 4340 plerique:
754 4275 829 4324 misit
845 4278 916 4339 Ppr.
930 4288 978 4335 m.;
997 4275 1093 4326 witois
1108 4275 1169 4334 EF,
1188 4276 1265 4325 dimit
1280 4274 1306 4324 S.
1334 4274 1372 4324 Ci.
1386 4273 1420 4324 de
1437 4289 1467 4325 re
1484 4289 1523 4325 or.
1536 4288 1563 4340 p.
1575 4276 1644 4326 Sest.

316 4352 390 4416 filii.
410 4378 438 4387 -
457 4351 481 4402 6.
499 4364 550 4400 oon
566 4363 619 4400 om.
639 4350 659 4400 E
678 4376 705 4385 -
729 4349 809 4399 abiis
826 4352 900 4400 Pus
925 4349 981 4412 (sed
999 4351 1026 4399 in
1043 4352 1062 4400 P
1078 4351 1177 4415 priori
1194 4354 1235 4400 est
1252 4350 1279 4399 in
1296 4351 1373 4410 rest:
1397 4348 1429 4399 ab
1445 4350 1490 4411 ass
1505 4351 1541 4410 E;
1560 4351 1592 4400 ob
1608 4350 1646 4400 tris

316 4428 384 4477 0-
403 4427 445 4489 qai
461 4439 555 4488 remp.
572 4425 737 4475 vmdidsroat
752 4425 812 4481 EF,
831 4425 1052 4486 quivendideraat
1069 4426 1086 4473 S
1104 4449 1131 4459 -
1157 4424 1181 4473 Ἰ.
1199 4429 1227 4473 ut
1243 4436 1297 4473 om.
1316 4425 1391 4474 PGS
1411 4450 1437 4461 -
1456 4426 1508 4487 ipso
1523 4425 1565 4475 ille
1581 4426 1643 4475 PG:

315 4503 368 4564 ipse
384 4514 437 4552 om.
456 4502 489 4561 Ε;
507 4501 549 4550 illo
564 4500 615 4562 ipss
632 4500 652 4550 0
671 4526 698 4534 —
717 4500 807 4562 onnus]
824 4500 908 4550 minus
923 4502 942 4550 P
961 4501 1011 4563 {illo
1027 4501 1080 4563 ipso
1096 4514 1163 4549 osso
1180 4501 1214 4561 S).
1233 4527 1266 4538 -
1282 4499 1307 4548 8.
1325 4505 1380 4550 octo
1397 4500 1434 4550 E:
1452 4499 1497 4549 boc
1513 4502 1546 4560 P;
1564 4500 1608 4549 bos
1624 4502 1646 4549 G

316 4577 350 4637 03
368 4578 396 4626 in
412 4578 429 4625 S
446 4578 474 4626 et
489 4573 589 4638 aliquot
605 4577 694 4637 baga,
713 4585 828 4638 quorum
846 4573 933 4626 nullus
950 4581 1004 4625 octo
1021 4573 1116 4635 habet,
1138 4573 1193 4623 V111
1206 4573 1270 4623 abiit
1286 4574 1406 4625 ιιι-ΟΜ.
1426 4599 1453 4609 -
1472 4573 1497 4624 9.
1515 4579 1539 4623 st
1555 4575 1585 4625 da
1600 4588 1646 4625 so·

315 4650 365 4700 loto
380 4663 437 4700 meo
449 4650 640 4712 promulgarent
656 4646 716 4699 cod.
729 4647 822 4699 bamb.
836 4674 863 4684 -
882 4663 944 4698 nom
960 4653 983 4698 st
999 4649 1110 4699 consules
1126 4650 1191 4700 E-
1207 4650 1247 4699 to.
1265 4649 1455 4712 tapediebastur
1471 4652 1490 4700 P
1503 4676 1531 4685 -
1550 4651 1589 4700 tt.
1603 4652 1646 4700 sed

314 4739 347 4777 eo
363 4738 428 4788 quor
444 4726 517 4776 PES
534 4725 593 4774 et8
610 4724 702 4787 begga
724 4725 913 4784 aequaeuo
931 4749 959 4759 —
978 4723 1295 4783 crescensionis·
1315 4723 1646 4787 quombambinus2mars

316 4801 432 4854 codices.
458 4802 523 4864 (essm
544 4813 579 4850 m.
601 4801 619 4850 ι’.
639 4800 846 4864 promulgouissct
863 4801 985 4863 Ernesti.)
1006 4826 1030 4835 -
1059 4799 1100 4849 ti.
1118 4804 1147 4849 ut
1168 4800 1189 4848 si
1209 4800 1330 4850 rwtrerit
1347 4814 1407 4852 vero
1424 4802 1466 4863 qai
1485 4813 1548 4863 pose
1563 4801 1607 4852 bec
1624 4801 1645 4852 E

316 4901 344 4914 -
362 4878 382 4927 ii
398 4890 452 4928 om.
471 4878 488 4927 S
506 4904 533 4915 -
556 4890 605 4938 quo
624 4875 680 4938 {oto
696 4876 758 4936 GP,
784 4878 898 4940 uterque
921 4889 958 4926 m.
977 4889 1018 4940 pr.
1039 4902 1073 4913 -
1098 4874 1138 4926 ts.
1159 4875 1182 4924 si
1201 4889 1258 4926 casm
1279 4876 1576 4938 torus--rsoms'ssost,
1598 4889 1644 4941 ego

314 4966 365 5003 ooo
386 4950 547 5015 reuertissent]
569 4952 609 5001 sic
627 4952 701 5002 ΕΗ)
726 4950 781 5013 (sed
800 4954 819 5002 P
841 4953 905 5002 arat
925 4956 1000 5012 ostes,
1024 4951 1042 5001 F
1063 4951 1085 5001 si
1107 4963 1163 5001 eron
1179 4951 1276 5013 hostes),
1304 4953 1334 5001 ut
1350 4951 1419 5002 Prid.
1436 4954 1502 5014 Aug.
1521 4949 1643 5012 Wolflus,

315 5040 396 5092 quem
414 5041 494 5078 nemo
510 5026 624 5086 audivit,
648 5027 800 5077 coniectura
817 5030 956 5078 assecutus
974 5030 1029 5079 est:
1051 5028 1135 5077 stom
1150 5027 1228 5077 hostes
1238 5054 1275 5065 --
1286 5027 1445 5088 reviruerat,
1471 5031 1644 5091 octagonon

313 5104 469 5154 revertisses
485 5104 504 5152 P
520 5114 589 5152 corr.
603 5113 640 5152 m.
653 5103 849 5162 recentissima,
867 5104 952 5153 GSO.
979 5104 1143 5155 Sententiam
1161 5101 1211 5153 loci
1228 5104 1308 5154 etiam
1326 5103 1448 5154 Garatoni
1466 5104 1491 5153 in
1510 5105 1572 5154 Cur.
1585 5116 1642 5154 sec.

314 5180 388 5229 recte
406 5178 553 5242 perspexit,
577 5176 626 5227 sed
643 5177 731 5227 minus
748 5177 858 5227 feliciter
874 5176 963 5229 locum
980 5180 1019 5229 sic
1036 5177 1204 5229 emendavit:
1222 5181 1244 5228 ss·
1260 5179 1339 5228 hostes
1349 5204 1387 5215 --
1397 5180 1543 5229 restaurent
1559 5183 1583 5229 et
1598 5191 1644 5244 ego

313 5266 365 5303 oon
380 5254 541 5304 rmertissmr.
559 5279 593 5289 -
609 5252 692 5318 atque]
709 5258 755 5302 out
771 5254 817 5303 GS
836 5280 863 5289 -
882 5254 922 5303 so.
940 5253 1020 5315 Atque
1035 5253 1094 5303 EF:
1113 5253 1198 5315 itaqua
1215 5252 1293 5303 codd.
1307 5252 1375 5315 rell..
1389 5254 1409 5304 0
1423 5279 1450 5289 -
1469 5253 1644 5304 ἰιιοὶιιοιιιιιιο

314 5329 402 5379 Som.
420 5333 504 5378 mmm
520 5329 614 5391 (mmm
630 5327 709 5379 etiam
726 5328 754 5389 F,
772 5340 826 5379 non
842 5332 908 5388 tren,
931 5329 962 5378 ut
978 5327 1105 5379 Graevius
1122 5325 1249 5391 tradidit.)
1265 5355 1300 5366 —
1324 5329 1364 5379 46.
1382 5330 1508 5393 seuuemo
1525 5330 1588 5390 Ges
1606 5340 1644 5381 oo·

313 5403 425 5454 &dimon
441 5403 458 5453 S
477 5429 504 5440 -
529 5404 570 5454 tr.
587 5418 628 5455 res
646 5417 674 5467 p.
692 5403 810 5457 onere„
819 5416 847 5465 p.
865 5403 917 5454 siae
936 5402 1077 5454 omasum
1092 5404 1112 5452 P
1132 5401 1193 5465 (sed
1209 5404 1261 5454 aas
1277 5415 1331 5467 rep.
1350 5401 1468 5454 deletum
1485 5403 1587 5469 prima,
1613 5406 1645 5454 ut

313 5477 432 5540 udatur,
450 5489 539 5530 manu.
557 5503 586 5514 —
604 5478 704 5530 consule
719 5476 772 5530 nrt.
789 5503 823 5514 —
840 5477 880 5530 ⁴8.
898 5479 1088 5531 emolesceret
1103 5478 1194 5530 orbata
1211 5481 1245 5540 P,
1263 5479 1392 5529 ιιιιιιιιῑιιοι
1407 5479 1449 5530 sed
1465 5478 1640 5529 orbatam-

313 5552 355 5605 ib.
373 5552 478 5603 ιιιὶιιιοηι
493 5565 576 5604 amam
592 5555 614 5604 G
631 5579 659 5589 -
682 5554 723 5603 it.
738 5558 826 5615 portos
846 5566 906 5604 uero
922 5568 980 5604 cum
990 5581 1006 5594 -
1016 5579 1030 5592 ·
1041 5555 1179 5617 coepissetis
1195 5554 1359 5619 Spengelins.
1380 5580 1408 5590 -
1430 5554 1495 5619 sing.
1512 5556 1605 5605 virtuts
1619 5559 1643 5604 st

311 5628 530 5692 prustoattssimo
545 5631 567 5679 G
585 5656 613 5666 -
631 5630 672 5680 22.
691 5629 799 5693 caligine
814 5631 876 5679 anai
892 5629 943 5681 Eri.
965 5656 992 5668 —
1011 5630 1090 5681 lucore
1105 5631 1143 5680 roi
1161 5645 1195 5693 p.
1213 5632 1260 5681 GS
1280 5657 1307 5667 -
1325 5629 1367 5679 23.
1385 5629 1453 5695 Kal]
1470 5632 1502 5681 K.
1520 5633 1540 5682 P
1558 5655 1587 5667 -
1606 5631 1643 5680 di·

313 5705 408 5768 spicere
424 5706 443 5755 P
460 5706 487 5756 et
502 5705 565 5768 Lag.
581 5705 596 5755 7
613 5702 679 5756 soli:
697 5704 919 5766 despiceroGES,
938 5707 1037 5756 Pcorr.
1052 5732 1079 5741 -
1098 5719 1155 5755 eam
1172 5706 1307 5768 0.]cumq,·
1325 5706 1387 5766 PG,
1406 5705 1455 5756 sed
1471 5707 1530 5757 inG
1546 5718 1641 5766 camo.

315 5790 384 5831 corr.
404 5779 469 5843 (mers
479 5779 510 5842 Q.
522 5779 614 5830 Metelli
624 5804 662 5818 ··
673 5778 847 5830 mosmauts
864 5782 926 5844 post
941 5794 999 5830 cum
1008 5780 1101 5834 uirtute
1111 5805 1148 5819 --
1158 5780 1328 5832 mbitroretur
1337 5779 1438 5844 babet.)
1449 5807 1481 5827 ,-
1499 5779 1542 5832 at.
1554 5773 1650 5843 opttmi'

315 5866 370 5908 om.
387 5853 409 5907 Ε
427 5880 455 5893 -
470 5856 699 5920 proconesum.
716 5867 920 5919 mmmmm
936 5858 958 5908 u
974 5869 1043 5909 corr.
1062 5879 1090 5894 —
1109 5857 1150 5909 ab.
1164 5869 1240 5921 peaes
1255 5857 1286 5910 E.
