3800 7350
621 1125 695 1190 cn.
715 1125 965 1192 cxiv-uxr.
991 1123 1037 1208 §s
1060 1120 1248 1191 raa-iao.
1532 1124 1594 1191 are

281 1304 389 1362 tenere
410 1316 529 1360 senon
551 1296 666 1379 potuit,
689 1295 767 1380 quin
788 1314 843 1357 eos
865 1294 1052 1377 gladiatores
1074 1294 1254 1373 induceret,
1277 1318 1410 1382 quorum
1426 1305 1508 1362 esset
1527 1299 1596 1382 ipse

279 1391 520 1476 pulcherrimus.
560 1391 592 1452 Si
616 1390 656 1453 ob
677 1409 745 1453 eam
768 1409 895 1452 causam
917 1398 1079 1469 peccaret,
1105 1385 1159 1472 [et]
1183 1411 1240 1473 pro
1261 1392 1380 1455 recenti
1402 1392 1512 1476 populi
1535 1395 1596 1455 lio·

282 1488 365 1551 mani
387 1489 419 1550 in
437 1506 471 1549 se
485 1485 638 1548 beneficio
662 1484 807 1567 populari
823 1483 929 1546 studio
944 1484 1062 1558 elatus,
1084 1493 1190 1547 tamen
1204 1486 1381 1570 ignosceret
1395 1505 1504 1549 nemo:
1527 1507 1598 1550 cum

281 1601 356 1645 vero
378 1601 418 1644 ne
441 1580 480 1643 de
502 1578 664 1641 venalibus
687 1577 816 1661 quidem
837 1576 978 1640 homines
1002 1578 1135 1654 electos,
1157 1582 1212 1644 sed
1235 1601 1276 1644 ex
1294 1581 1460 1665 ergastulis
1476 1588 1598 1664 emptos

280 1675 462 1739 nominibus
483 1672 676 1757 gladiatoriis
698 1672 815 1735 omarit
836 1678 868 1733 et
890 1673 1000 1735 sortito
1024 1673 1104 1736 alios
1125 1674 1294 1749 Samnites,
1315 1675 1394 1738 alios
1415 1683 1622 1758 provocato-s

280 1788 331 1831 res
351 1765 478 1843 iecerit,
508 1773 595 1830 tanta
617 1766 759 1840 licentia,
786 1773 872 1828 tanta
902 1766 1007 1848 legum
1028 1767 1220 1851 contemptio
1240 1787 1363 1842 nonne,
1393 1788 1489 1851 quem
1508 1767 1600 1832 babi-

281 1869 351 1926 tnra
380 1862 422 1925 sit
449 1862 585 1934 exitum,
618 1859 834 1942 pertimescit?
878 1855 948 1923 435.
972 1861 1034 1923 Sed
1062 1861 1157 1924 habet
1181 1861 1382 1925 detensiones
1408 1862 1503 1925 duas:
1536 1863 1600 1946 pri·

282 1977 367 2019 mum
391 1956 483 2030 «dou,
505 1955 608 2037 inquit
631 1954 830 2016 «bestiariosz
853 1952 905 2016 lex
927 1955 1043 2037 scripta
1066 1963 1113 2018 est
1127 1954 1166 2017 de
1184 1955 1436 2039 gladiatoribus.»
1460 1955 1598 2020 Festivei

281 2048 422 2132 Accipite
451 2048 571 2133 aliquid
601 2048 695 2111 etiam
723 2047 855 2110 acutius.
898 2050 990 2112 Dicet
1018 2071 1052 2111 se
1084 2069 1147 2112 non
1179 2050 1387 2133 gladiatores,
1420 2049 1475 2113 sed
1502 2071 1600 2115 unum

281 2141 486 2225 gladiatorem
509 2142 584 2204 dare
600 2149 631 2204 et
652 2149 748 2203 totam
771 2142 962 2204 aedilitatem
986 2143 1018 2204 in
1041 2164 1155 2207 munus
1175 2143 1236 2207 boc
1259 2143 1464 2207 transtulisse.
1507 2145 1636 2209 Prae-10

282 2237 366 2300 clara
387 2236 547 2299 aedilitas!
569 2256 651 2298 unus
666 2234 727 2308 leo,
751 2235 877 2298 ducenti
891 2236 1042 2300 bestiarii.
1074 2238 1192 2301 Verum
1209 2243 1315 2301 utatur
1328 2237 1387 2300 hac
1402 2238 1601 2304 defensione:

282 2323 377 2414 cupio
405 2343 477 2392 erim
504 2350 578 2392 suae
609 2348 722 2392 causae
750 2326 925 2404 confidere3
955 2330 1033 2392 solet
1055 2332 1138 2394 enim
1161 2331 1304 2395 tribunos
1325 2331 1368 2415 pl.
1390 2331 1548 2414 appellare
1571 2342 1602 2397 et

282 2427 314 2490 vi
334 2424 485 2488 iudicium
500 2423 693 2497 disturbare,
717 2443 787 2485 cum
803 2422 927 2486 diffidit.
950 2423 1052 2499 Quem
1068 2443 1131 2486 non
1145 2433 1208 2487 tam
1223 2424 1377 2500 admiror,
1399 2426 1484 2509 quod
1500 2447 1601 2491 meam

282 2520 383 2603 legem
406 2516 592 2591 contemnit,
613 2516 751 2580 bominis
772 2515 906 2590 inimici,
935 2536 1030 2599 quarn
1053 2517 1138 2600 quod
1161 2519 1207 2581 sic
1230 2519 1356 2593 statuit,
1378 2519 1508 2583 omnino
1529 2541 1602 2584 con-

283 2613 417 2677 sulacem
439 2610 540 2693 legem
562 2610 681 2673 nullam
704 2617 824 2693 putare.
858 2610 1026 2673 Caeciliam
1046 2612 1186 2687 Didiam,
1209 2612 1361 2675 Liciniam
1384 2614 1505 2678 Iuniam
1527 2630 1640 2679 con-tt

282 2707 418 2791 tempsit
451 2706 595 2768 Etiamne
618 2704 701 2778 eius,
724 2723 817 2786 quem
840 2723 897 2766 sua
918 2704 989 2787 lege
1011 2712 1042 2767 et
1065 2724 1123 2767 suo
1144 2703 1297 2769 beneficio
1320 2713 1479 2784 ornatum,
1501 2709 1603 2772 muni·

282 2810 364 2875 tum,
393 2807 545 2863 armatum
568 2798 649 2862 solet
669 2797 812 2880 gloriari,
842 2798 875 2860 C.
899 2798 1040 2860 Caesaris
1067 2798 1168 2881 legem
1191 2801 1230 2862 de
1252 2800 1396 2882 pecuniis
1417 2802 1602 2885 repetundis

282 2915 348 2958 non
369 2901 457 2978 putat
478 2912 548 2955 esse
569 2892 693 2975 legem?
725 2893 765 2953 Et
786 2892 873 2954 aiunt
895 2891 975 2954 alios
994 2912 1078 2966 esse,
1101 2893 1156 2975 qui
1171 2902 1241 2957 acta
1256 2893 1397 2958 Caesaris
1412 2897 1603 2973 rescindant,

283 3009 355 3053 cnm
375 2988 453 3052 haec
475 2985 594 3068 optima
616 2985 668 3048 lex
691 2993 723 3046 et
744 2984 782 3047 ab
805 2985 860 3047 illo
883 3005 992 3048 socero
1016 2988 1082 3049 eius
1104 2995 1137 3050 et
1157 2988 1196 3050 ab
1218 2988 1281 3051 boc
1302 2989 1442 3052 assecula
1463 2992 1603 3075 negliga-

283 3086 357 3146 turt
399 3081 493 3143 LXV.
514 3081 555 3142 Et
576 3079 732 3142 cohortari
755 3099 850 3141 ausus
873 3087 921 3142 est
942 3088 1106 3143 accusator
1126 3082 1159 3143 in
1180 3082 1239 3145 bac
1261 3102 1356 3146 causa
1375 3102 1449 3159 vos,
1470 3084 1640 3161 iudicasse

281 3184 318 3239 ut
338 3173 509 3258 aliquando
531 3174 640 3236 essetis
656 3173 767 3246 severi,
788 3173 961 3254 aliquando
978 3174 1164 3237 medicinam
1180 3175 1370 3239 adhiberetis
1385 3178 1431 3241 rei
1446 3178 1602 3260 publicae.

281 3271 351 3334 Non
380 3288 417 3332 ea
447 3275 496 3332 est
518 3267 688 3341 medicina,
720 3287 789 3329 cum
818 3286 913 3330 sanae
943 3269 1023 3350 parti
1053 3269 1193 3352 corporis
1223 3269 1406 3353 scalpellum
1435 3271 1604 3337 adhibetur

283 3371 379 3446 atque
401 3362 558 3444 integrae3
581 3360 761 3423 camificina
784 3368 832 3423 est
853 3360 913 3422 ista
935 3369 966 3423 et
988 3362 1174 3426 crudelitas:
1200 3365 1223 3426 ii
1246 3363 1413 3427 medentur
1433 3365 1478 3427 rei
1500 3367 1604 3450 publi·

283 3476 356 3531 cae,
379 3457 434 3540 qui
457 3463 607 3518 exsecant
627 3460 748 3537 pestem
771 3453 909 3536 aliquam
931 3461 1091 3537 tamquam
1113 3464 1263 3521 strumam
1286 3457 1431 3520 civitatis.

368 3544 439 3610 436.
462 3549 524 3612 Sed
552 3557 587 3612 ut
616 3556 791 3611 extremum
820 3547 933 3611 babeat
961 3547 1082 3631 aliquid
1110 3551 1209 3613 oratio
1241 3569 1310 3614 mea
1340 3559 1372 3614 et
1392 3560 1428 3638 ut
1449 3573 1507 3636 ego
1531 3563 1640 3619 antean

284 3642 411 3708 dicendi
440 3639 534 3707 finem
565 3642 694 3718 faciam,
726 3662 818 3726 quam
849 3663 904 3706 vos
927 3663 977 3705 me
1000 3651 1062 3707 tarn
1084 3651 1201 3708 attente
1223 3645 1389 3720 audiendi,
1419 3647 1603 3712 concludam

284 3738 362 3804 illud
385 3738 425 3801 de
447 3738 652 3820 optimatibus
676 3756 849 3819 eorumque
872 3737 1068 3820 principibus
1091 3758 1126 3801 ac
1149 3740 1195 3802 rei
1216 3739 1359 3822 publicae
1374 3740 1603 3816 defensoribus,

282 3853 421 3917 rosque,
443 3831 680 3906 adolescentes,
702 3831 810 3913 etqui
832 3831 954 3895 nobiles
977 3832 1073 3906 estis,
1099 3831 1137 3895 ad
1160 3833 1314 3897 maiorum
1336 3842 1512 3897 vestrorum
1533 3835 1604 3899 imi·

284 3927 435 3990 tationem
457 3925 622 4000 excitabo,
647 3934 679 3988 et
701 3925 756 4007 qui
778 3925 905 4008 ingenio
928 3944 964 3987 ac
985 3926 1100 3988 virtute
1121 3926 1319 3990 nobilitatem
1340 3927 1472 4011 potestis
1493 3948 1605 3992 conse-

285 4021 358 4106 qui,
386 4020 426 4084 ad
449 4039 520 4083 eam
539 4020 709 4093 rationem,
738 4019 772 4082 in
795 4037 857 4101 qua
878 4018 969 4081 multi
990 4017 1135 4084 homines
1158 4021 1231 4084 novi
1254 4028 1287 4085 et
1305 4020 1427 4086 bonore
1450 4029 1482 4086 et
1502 4021 1640 4105 gloriaao

349 4391 374 4439 4.
392 4402 433 4440 eos
448 4386 526 4439 Orelli
543 4388 589 4451 (tlt
611 4387 655 4437 444
669 4387 747 4438 PGO
766 4413 793 4423 -
818 4391 877 4436 esset
898 4384 933 4435 b:
958 4390 981 4435 et
1001 4387 1051 4436 PG
1070 4412 1097 4421 —-
1120 4385 1145 4436 4.
1163 4385 1266 4437 obeam
1281 4399 1385 4437 casuum
1401 4383 1436 4437 h:
1455 4387 1485 4437 ob
1500 4401 1603 4440 musaeu

285 4466 335 4516 Po
348 4490 375 4501 -
389 4469 506 4528 peccaret
520 4470 544 4515 et
559 4465 622 4515 PG:
641 4467 663 4513 et
674 4461 824 4521 delendum
841 4473 901 4511 esee
914 4462 982 4511 coni.
996 4458 1073 4510 Orelli
1091 4463 1117 4510 et
1128 4461 1157 4513 0.
1169 4463 1203 4513 Mt
1216 4459 1364 4512 Muellerus.
1384 4462 1422 4512 Cf.
1435 4464 1525 4515 lierm.
1538 4479 1564 4530 p.
1577 4467 1602 4518 9.

288 4565 315 4575 -
333 4537 359 4591 l.
376 4552 407 4590 ue
423 4537 574 4588 4444444444
589 4539 637 4587 PG
655 4562 682 4571 -
707 4538 731 4586 o.
750 4538 840 4586 sunites
855 4538 875 4583 G
899 4561 926 4569 —
952 4535 976 4583 6.
994 4536 1140 4597 coemptio
1160 4549 1241 4586 nonne
1259 4549 1331 4598 quem
1347 4534 1425 4586 codd.
1444 4537 1525 4589 dett:
1547 4554 1605 4591 coo-

285 4613 415 4676 temptionc
432 4608 530 4675 imque
552 4613 587 4669 G;
613 4610 831 4672 contemptionem
854 4609 947 4671 [littera
963 4622 990 4659 m
1007 4613 1145 4674 expuncta)
1161 4625 1212 4660 444
1231 4624 1311 4672 neque
1331 4609 1417 4673 (neque
1433 4618 1602 4683 expunctum)

286 4689 318 4750 P;
336 4690 482 4752 coutunptio
497 4703 548 4738 ooo
564 4700 634 4750 quem
651 4688 671 4737 0
689 4699 750 4736 cum
767 4687 914 4736 Garatonio.
938 4684 976 4736 Ci.
995 4685 1107 4749 Madvig.
1125 4685 1159 4735 ad
1177 4686 1226 4736 Cic.
1245 4686 1275 4736 do
1290 4687 1362 4736 Fiam
1380 4699 1407 4751 p.
1421 4689 1468 4738 443
1483 4693 1510 4741 et
1521 4691 1602 4745 illota.

284 4763 428 4829 Nucitrdpe
442 4778 477 4815 su
492 4765 542 4816 Cic.
561 4764 656 4814 144444.
670 4777 695 4829 p.
710 4764 749 4813 40.
765 4789 792 4799 -
811 4763 835 4813 8.
853 4761 940 4823 inpuid
956 4759 1026 4811 1¹¹-
1045 4761 1172 4811 bestiarios
1187 4759 1248 4811 bd:
1266 4761 1389 4810 boetioriie
1403 4764 1453 4814 PG
1465 4791 1493 4803 -
1511 4770 1605 4831 scripta

284 4844 320 4891 eet
334 4839 541 4904 Wesenbergius
558 4852 585 4903 p.
603 4840 647 4889 or:
665 4844 700 4889 est
716 4851 769 4889 om.
787 4840 849 4897 PG,
867 4841 903 4887 est
919 4836 1014 4897 scripta
1029 4835 1077 4885 bo
1096 4862 1123 4872 -
1142 4835 1167 4885 9.
1184 4835 1255 4884 444444
1270 4833 1376 4895 Lamb.;
1395 4840 1422 4887 at
1437 4852 1462 4889 v.
1478 4840 1494 4904 5
1508 4841 1555 4893 440
1572 4857 1605 4894 a

284 4918 368 4965 4444444
391 4918 436 4964 eut
458 4914 601 4976 adquorum
618 4918 749 4975 praeterea
765 4926 826 4962 cusu
842 4916 870 4963 et
885 4911 1013 4962 Wesenb.
1032 4925 1058 4976 p.
1076 4913 1118 4972 bi,
1136 4912 1189 4961 not.
1209 4912 1234 4963 4.
1254 4937 1282 4948 -
1307 4912 1370 4961 dicet
1385 4912 1449 4962 PG:
1473 4916 1532 4966 dicit
1548 4919 1602 4980 co,

285 4987 357 5052 quod
373 4989 489 5055 praefert
506 4987 632 5040 Wesenb.
652 5001 677 5052 p.
696 4989 742 5044 04;
762 4990 789 5038 44
805 5001 831 5038 v.
849 4986 937 5038 adnot.
958 4999 1046 5037 meam
1063 4988 1089 5036 in
1107 4985 1148 5037 ed.
1167 4986 1236 5050 lips.
1251 4986 1323 5037 4843.
1336 5011 1364 5022 -
1384 4987 1424 5037 40.
1441 4989 1489 5039 bac
1502 4993 1521 5042 P
1532 5005 1602 5044 corr.

285 5075 319 5113 ex
335 5077 366 5114 uc
384 5090 411 5101 -
431 5063 471 5115 43.
489 5065 598 5114 derniror
613 5062 705 5113 Lamb.
727 5089 753 5097 -
776 5062 816 5113 ti.
835 5063 968 5111 coutemnit
988 5062 1145 5125 Madvigius:
1170 5066 1323 5123 compost
1342 5062 1403 5120 PG;
1427 5070 1567 5116 4444444444
1583 5069 1603 5118 0

284 5150 347 5189 cnm
364 5139 426 5191 edd.
444 5139 586 5206 prioribus.
607 5166 633 5175 -
652 5139 687 5188 sic
706 5138 793 5188 4444444
815 5138 959 5199 Madvigius
976 5149 1003 5200 p.
1016 5135 1077 5186 503:
1100 5136 1122 5184 si
1136 5137 1223 5184 statuit
1239 5131 1282 5195 P¹;
1304 5147 1329 5185 ee
1344 5136 1431 5186 4444444
1446 5135 1547 5198 440ος
1569 5143 1605 5192 sic

284 5225 339 5265 om.
356 5215 449 5267 bamb.
476 5215 514 5266 Ci.
534 5213 660 5266 Wesenb.
679 5227 704 5278 p.
723 5214 754 5264 58
777 5215 804 5262 et
823 5214 849 5263 in
868 5214 1008 5263 Emendate.
1027 5212 1077 5262 Cic.
1095 5211 1164 5273 epist.
1183 5225 1209 5276 p.
1229 5212 1285 5262 440.
1311 5237 1337 5247 -
1365 5211 1404 5261 it.
1423 5211 1604 5264 0444444444--

283 5291 411 5340 marus
428 5291 481 5354 (sic)
498 5289 580 5341 habet
595 5293 618 5341 A
635 5316 662 5325 —
686 5289 819 5340 0444444444
834 5290 856 5339 A
873 5292 900 5340 et
915 5289 1063 5340 Manutius:
1084 5286 1205 5336 44444444
1220 5288 1270 5338 Pu
1288 5313 1315 5322 -
1336 5287 1460 5337 aeuum
1474 5291 1508 5339 A:
1527 5290 1604 5341 44444-

284 5363 348 5415 44444
362 5368 413 5418 PG
430 5391 457 5403 -
477 5368 517 5417 47.
536 5368 632 5429 depes.
648 5370 726 5428 repet.
744 5364 821 5429 agan
838 5365 858 5413 G
876 5389 903 5400 -
923 5364 963 5414 48.
979 5367 1051 5426 potat
1066 5361 1135 5412 1³¹-
1154 5354 1400 5427 4444144446-
1420 5361 1459 5413 ts.
1476 5366 1604 5418 44444444

284 5442 478 5507 --eogtegatu-
493 5441 575 5492 habet
590 5442 652 5491 A-
670 5446 773 5502 spicosa
788 5442 849 5496 PG;
868 5451 921 5490 om.
933 5441 957 5489 A
973 5463 1001 5474 -
1020 5436 1131 5487 44444444
1146 5439 1198 5488 AG
1214 5436 1307 5500 (sedA
1323 5436 1400 5497 edet:
1418 5438 1552 5490 4444444444
1567 5444 1601 5502 Ρ;

284 5515 380 5566 assecta
395 5517 457 5566 0-
474 5516 620 5580 neglegatur
635 5517 755 5565 APG—
773 5514 814 5564 40.
831 5514 879 5565 bac
894 5517 913 5566 P
931 5527 999 5564 corr.
1018 5527 1051 5564 ex
1067 5526 1098 5562 uc
1114 5539 1142 5548 -
1160 5513 1201 5563 44.
1219 5513 1424 5564 4440444444)-
1443 5513 1484 5564 44.
1501 5516 1604 5566 Non--

284 5589 415 5640 adbibetur
431 5589 590 5642 habetA-
608 5592 771 5641 caestAG:
790 5592 893 5646 castP;
912 5587 1096 5640 4444440-
1115 5586 1363 5647 nitentum
1381 5586 1604 5651 lioiii--civt-

284 5667 345 5715 tutis
360 5664 443 5717 babet
459 5668 488 5729 A)
508 5693 536 5704 -
554 5665 594 5716 44.
612 5671 729 5717 mecam
745 5663 827 5728 (litte
844 5665 985 5730 expuncta)
1002 5667 1021 5715 P
1039 5689 1067 5699 -
1082 5669 1177 5726 postem
1193 5665 1214 5715 o
1231 5689 1259 5701 -
1277 5669 1400 5726 4444444444
1415 5664 1434 5712 Ρ
1447 5686 1474 5700 -
1492 5665 1534 5715 45.
1553 5666 1603 5716 uii-

285 5741 420 5801 44444)-
439 5741 480 5792 48.
499 5740 762 5804 adubmutesetoui
781 5739 903 5791 4404444
922 5767 949 5777 -
970 5740 1147 5790 wasmont}
1166 5735 1470 5803 immerserat:
1491 5745 1603 5792 ecem

286 5814 335 5865 Po
353 5840 381 5852 -
400 5815 441 5868 49.
458 5818 566 5868 ocPG:
583 5818 652 5870 eto.
