3800 7350
702 1723 746 1815 ll.
772 1724 915 1815 TULLII
941 1723 1169 1817 CICERONIS

403 1934 557 2023 PRO
599 1933 653 2024 Ο.
695 1935 1043 2024 RABIRIO
1089 1934 1469 2025 Possumu

729 2143 880 2208 omnm
902 2146 956 2207 44
978 2145 1149 2209 tunicas.

807 2339 849 2389 EX
866 2339 1066 2392 escensione

685 2498 914 2558 cauom
950 2499 1191 2558 usuum

856 2727 1024 2741 *-

718 2910 900 2971 140144111111
922 2911 1162 2971 uxrnicsriu.

316 3076 341 3095 =
360 3051 445 3102 codex
462 3052 628 3103 Monacensis
645 3053 752 3102 Latinus
770 3066 842 3103 nuru.
861 3054 892 3103 68
910 3051 1086 3104 bibliothecae
1104 3052 1239 3118 quondam
1256 3050 1413 3104 electoralis.

317 3144 341 3163 =
361 3125 445 3176 codex
462 3125 596 3191 quondam
613 3124 833 3190 salisburgensis,
853 3141 923 3178 nunc
941 3129 1105 3178 Monacensis
1122 3129 1178 3178 Lat.
1189 3141 1269 3178 uum.
1289 3127 1377 3179 45131.

317 3260 341 3280 =
359 3245 444 3297 codex
460 3246 673 3298 vindobonensis
696 3250 814 3311 signatus
834 3202 911 3348 ff}
933 3250 1014 3313 (num.
1032 3250 1076 3299 XV
1093 3250 1119 3298 in
1136 3247 1283 3300 liudlichari
1301 3248 1436 3312 catalogo).

319 3421 342 3439 -
362 3404 447 3454 codex
464 3404 675 3457 Vindobonensis
696 3408 814 3472 signatus
835 3363 944 3496 -3-2-4-3-
972 3408 1057 3471 (num.
1076 3406 1132 3457 livi
1153 3407 1224 3473 apud
1245 3406 1340 3470 lindi).
1376 3408 1519 3473 Utrumque
1542 3409 1602 3461 diii·

358 3510 452 3569 genter
468 3506 577 3558 contulit
592 3509 721 3559 44444444
739 3511 853 3561 Luowm.

318 3615 343 3632 =
362 3591 466 3642 nsuv
482 3594 538 3642 sive
556 3592 663 3643 codices
679 3592 817 3657 diligenter
834 3593 928 3646 collati.

317 3683 343 3701 π
361 3667 444 3716 codex
462 3665 602 3718 Alexandri
620 3666 752 3730 lileriensi,
771 3683 824 3733 quo
842 3683 906 3721 usus
923 3672 965 3721 est
981 3670 1112 3728 11444444ς
1131 3683 1157 3719 v.
1171 3668 1228 3719 eins
1248 3667 1382 3718 Vos-ionem
1397 3668 1538 3722 Lectionum
1554 3671 1599 3725 nb.

359 3743 441 3803 livii,
460 3756 518 3807 cap.
537 3745 562 3794 h.
594 3744 669 3794 ilunc
692 3744 828 3806 codicem,
852 3746 897 3810 qui
920 3759 982 3796 curn
1005 3743 1112 3809 reliquis
1134 3743 1208 3795 libris
1225 3757 1293 3809 quos
1310 3746 1426 3795 ituretus
1445 3745 1602 3810 possederat

360 3818 385 3867 in
403 3815 592 3868 bibliothecam
609 3816 710 3882 collegii
728 3821 838 3870 Romani
854 3822 987 3884 pervenit,
1007 3822 1081 3871 (isse.
1100 3822 1226 3869 Gsnsronr
1244 3817 1367 3879 contulit,
1391 3820 1466 3870 cuius
1483 3819 1601 3871 44114414-

362 3905 423 3941 nem
446 3906 494 3943 nos
516 3908 548 3944 ex
566 3895 623 3944 eius
643 3894 763 3954 schedis,
786 3909 855 3960 quae
874 3896 898 3945 in
915 3894 1074 3945 bibliotheca
1092 3892 1198 3959 publica
1215 3896 1405 3945 iiavennatium
1422 3899 1600 3956 asservantur,

359 3969 508 4031 petivimus,
527 3981 594 4034 quas
612 3970 637 4019 in
655 3971 774 4020 nostrum
791 3983 870 4021 usum
880 3969 971 4033 Tycho
985 3970 1174 4021 iiommsenius
1186 3967 1335 4034 descripsit.
1362 3970 1390 4018 ln
1402 3968 1488 4020 isdem
1499 3973 1601 4020 exstem

360 4042 541 4092 adnotationes
553 4055 620 4105 quas
631 4045 754 4094 Garatoni
772 4044 806 4094 de
822 4045 872 4094 hac
883 4046 1012 4104 oratione,
1030 4045 1102 4108 prius
1114 4057 1195 4108 quam
1206 4044 1426 4095 commentarium
1443 4046 1601 4107 perpetuum

361 4114 532 4177 elaborasset,
551 4119 760 4183 conscripserat,
778 4120 799 4170 is
817 4121 896 4179 enim,
916 4132 978 4170 cum
995 4117 1131 4182 Neapolim
1148 4118 1182 4169 ad
1193 4116 1366 4183 bibliopolam
1377 4115 1531 4167 Porcellium
1543 4119 1602 4168 mit·

360 4192 468 4252 4444444,
486 4192 513 4240 14
531 4193 623 4244 itinere
641 4192 763 4259 deperiit,
781 4194 811 4244 ut
828 4195 884 4258 ipsa
902 4194 1017 4245 narravit
1033 4193 1144 4244 1404414
1159 4195 1272 4245 mundis
1287 4195 1322 4243 od
1331 4193 1493 4244 1144ιὶ44444
1508 4193 1602 4258 papii

361 4265 403 4316 ed.
422 4266 522 4317 bonon.

279 4342 446 4407 4111814444
464 4359 490 4378 =
508 4341 615 4395 codices
632 4344 803 4395 Oxonianses.

279 4431 295 4467 v
319 4432 344 4451 =
362 4418 441 4468 editio
458 4418 560 4469 Veneta
577 4432 601 4469 a.
621 4418 693 4471 4171.

279 4507 295 4541 4
321 4508 346 4527 =
364 4492 443 4543 editio
459 4493 620 4545 Ascensiana
637 4505 661 4543 a.
680 4494 753 4543 4444.

279 4567 297 4618 b
319 4567 442 4619 Ξ441414
464 4565 622 4618 basileensis
644 4581 668 4618 a.
688 4568 751 4618 4518
772 4568 828 4618 sire
846 4566 1043 4619 Cratandriana.
1078 4567 1131 4619 iias
1153 4569 1208 4618 4444
1229 4565 1359 4620 editiones
1381 4570 1409 4620 et
1428 4567 1534 4621 codices
1555 4570 1602 4624 Es

361 4645 409 4707 ipsi
427 4642 603 4693 excussimus.

280 4719 300 4766 0
318 4736 343 4755 ==
363 4717 442 4766 editio
460 4714 588 4768 044111444
606 4717 686 4781 prior.

281 4791 345 4841 Cios.
366 4808 390 4827 =
409 4789 493 4840 codex
514 4789 633 4841 Herculis
654 4791 769 4854 Cioiani,
793 4806 825 4841 ex
848 4804 901 4858 quo
924 4791 1091 4844 1144444441
1109 4793 1255 4855 marginem
1273 4792 1386 4857 exempli
1404 4794 1444 4844 sni
1461 4793 1602 4845 1144441441

323 4883 332 4894 ·
361 4865 461 4930 aliquot
475 4864 602 4915 lectiones
618 4865 773 4931 adscripsit,
798 4867 868 4918 unde
886 4881 932 4919 eas
949 4868 1070 4918 Garatoni
1087 4869 1209 4933 sumpsit.
1236 4867 1287 4918 Sed
1304 4868 1428 4919 videntur
1443 4869 1494 4919 1444
1510 4867 1603 4919 144414-

362 4955 410 4991 nes
430 4939 573 5006 pleraeque
596 4941 764 4991 coniecturaa
787 4956 846 4993 esse
868 4942 938 4994 docti
962 4943 1076 4993 bominis
1098 4940 1168 5004 14411,
1191 4956 1242 4994 444
1259 4944 1388 4994 maiorem
1406 4942 1486 4993 fldem
1503 4940 1603 4993 habent

361 5027 443 5080 quam
459 5013 586 5065 lectiones
597 5028 663 5079 quas
680 5017 844 5068 Hotomanus
859 5031 891 5067 ex
908 5017 1061 5083 pervetusto
1070 5017 1107 5079 (li,
1125 5017 1215 5079 44414,
1234 5016 1326 5068 codice
1342 5015 1457 5081 protulit.
1484 5017 1536 5068 1144
1547 5018 1604 5082 qni-

361 5091 423 5141 dem
440 5090 497 5140 sino
514 5088 567 5140 ullo
584 5103 663 5141 curae
686 5095 792 5142 nostrae
814 5091 973 5143 detrimento
995 5093 1208 5156 praetermittere
1229 5093 1396 5156 poteramus,
1421 5092 1469 5142 nisi
1490 5090 1604 5144 Klotzius

361 5166 401 5215 his
423 5166 497 5216 vanis
520 5167 677 5216 commentis
700 5169 800 5216 tantam
822 5166 904 5217 fldem
921 5165 1074 5226 habuisset,
1098 5169 1127 5216 ut
1144 5180 1238 5218 omnes
1255 5165 1381 5217 lectiones
1403 5166 1479 5217 istius
1494 5166 1603 5230 codicis,

361 5253 441 5303 mrem
458 5239 492 5290 ab
511 5241 569 5304 ipso
585 5240 732 5290 1144444444
750 5242 841 5291 fictum
858 5246 992 5306 putamus,
1012 5242 1036 5291 in
1052 5240 1196 5291 verborum
1213 5242 1365 5292 contextum
1382 5241 1537 5306 recepisset.

345 5326 497 5375 Universum
523 5323 665 5375 lectionum
688 5324 893 5390 discrepantiam
915 5324 1039 5376 dedimus
1060 5338 1093 5374 ex
1111 5325 1258 5388 usuvu,
1285 5326 1349 5374 ilem
1364 5337 1460 5375 omnes
1476 5323 1604 5376 lectiones

280 5412 346 5461 quas
372 5399 494 5449 Garatoni
515 5412 547 5449 ex
569 5401 589 5449 G
610 5400 761 5464 exscripsit,
787 5398 901 5452 selectas
925 5414 958 5450 ex
980 5399 1047 5452 rab
1071 5402 1146 5450 etex
1163 5398 1242 5450 codd.
1260 5399 1464 5463 oxoniensibus,
1489 5412 1603 5465 quorum

281 5486 363 5535 nunc,
381 5486 442 5523 curn
459 5475 584 5538 quattuor
599 5472 693 5524 saltem
710 5474 817 5527 codices
834 5474 974 5539 diligenter
990 5472 1099 5525 collatos
1115 5472 1272 5536 habeamus,
1292 5471 1379 5526 nullus
1396 5473 1451 5524 lare
1469 5475 1523 5524 iam
1538 5486 1603 5524 usus

280 5551 328 5599 est.
349 5574 376 5583 -
396 5549 433 5598 De
451 5549 569 5600 44441444
586 5547 752 5600 emendanda
769 5551 868 5616 optime
892 5551 990 5601 meruit
1005 5550 1117 5601 Androm
1132 5550 1267 5610 1444444144,
1288 5549 1334 5614 qui
1356 5562 1418 5600 eam
1438 5547 1520 5600 edidit
1536 5548 1603 5598 Cra·

281 5623 372 5673 coriae
394 5635 418 5673 a.
438 5623 543 5674 418114
560 5623 599 5684 1.;
621 5623 668 5676 sed
690 5623 762 5675 bona
782 5627 924 5691 perseius
945 5623 1163 5677 emendationum
1185 5625 1212 5676 14
1232 5625 1336 5676 Graevii
1356 5623 1547 5676 commentario
1568 5621 1602 5672 ad

282 5699 398 5747 nostram
414 5709 500 5762 usqua
517 5700 632 5751 44444444
648 5697 768 5765 neglecta
783 5701 872 5752 iacuit.
