3800 7350
704 1191 945 1257 cuxxvrn.
971 1189 1187 1274 ssia-rs.
1525 1192 1609 1259 aare

280 1380 368 1425 arma
389 1361 538 1424 convexit
558 1360 750 1442 dominoque
769 1367 855 1423 trans
878 1360 980 1441 ripam
1001 1359 1198 1441 inspectante
1220 1380 1286 1423 non
1309 1361 1463 1426 dubitarit
1484 1371 1610 1428 exstru-

281 1472 336 1517 ere
351 1448 536 1530 ¹aedilicium
557 1453 591 1514 in
613 1452 736 1527 alien03
765 1451 817 1515 75.
840 1442 896 1534 qui
918 1451 993 1514 huic
1015 1453 1051 1512 Τ.
1065 1450 1225 1525 Furfanio,
1248 1455 1299 1516 cui
1314 1454 1401 1517 viro!
1425 1453 1457 1517 di
1480 1456 1610 1520 immor·

281 1544 377 1609 talesl
399 1575 441 1592 -
463 1545 540 1628 qnid
570 1546 656 1607 enim
684 1566 743 1628 ego
773 1548 813 1609 de
841 1543 1026 1608 muliercula
1054 1545 1196 1619 Scantia,
1232 1547 1310 1629 quid
1339 1549 1378 1610 de
1406 1547 1609 1613 adolescente

281 1639 315 1700 P.
323 1638 441 1720 Apinio
457 1637 578 1700 dioam‘l
601 1659 735 1721 quorum
749 1641 877 1722 ntrIquo
893 1643 1026 1699 mortem
1042 1642 1091 1699 est
1105 1637 1278 1713 minitatus,
1294 1640 1355 1702 nisi
1370 1640 1430 1703 sibi
1445 1638 1610 1704 hortorum

281 1729 491 1813 possessione
508 1733 678 1794 cessissent
692 1754 752 1807 —;
775 1732 832 1795 sed
854 1751 965 1794 ausum
988 1750 1058 1792 osse
1072 1727 1223 1793 Furfanio
1239 1730 1362 1807 dicere,
1385 1734 1412 1795 si
1434 1732 1495 1796 sibi
1515 1753 1635 1816 pecu-s

281 1824 384 1897 niam,
406 1830 557 1906 quantam
579 1833 784 1907 poposcerat,
813 1844 876 1887 non
906 1823 1063 1898 dedisset,
1092 1831 1251 1886 mortuum
1279 1844 1313 1888 se
1335 1826 1368 1887 in
1391 1825 1519 1889 domum
1542 1828 1611 1889 eius

281 1916 456 1991 illaturum,
487 1936 551 1999 qua
578 1916 697 1979 invidia
718 1918 793 1980 huic
815 1924 900 1980 esset
921 1916 977 1978 tali
1000 1920 1068 1979 viro
1091 1918 1368 2000 conflagrandum
1397 1920 1454 2002 qni
1474 1919 1611 2002 Appium

280 2011 419 2084 tratrem,
440 2010 601 2073 bominem
623 2010 700 2072 mibi
724 2011 929 2073 coniunctum
953 2006 1105 2073 fidissima
1122 2010 1232 2092 gratia,
1255 2011 1417 2076 absentem
1431 2012 1471 2075 de
1485 2032 1612 2094 posses-

280 2104 372 2167 sione
385 2101 477 2166 Inndi
491 2102 615 2177 deiecit,
628 2103 683 2185 qui
698 2105 850 2185 parietem
867 2104 912 2165 sic
925 2122 984 2185 per
995 2101 1186 2165 vestibulum
1202 2106 1321 2168 sororis
1336 2105 1475 2168 institnit
1485 2104 1612 2179 ducere,

280 2197 325 2260 sic
341 2215 436 2277 agero
449 2195 663 2270 fundamenta,
679 2204 714 2259 ut
735 2216 877 2259 sororem
899 2215 964 2258 non
987 2196 1082 2258 modo
1105 2196 1262 2259 vestibulo
1284 2199 1430 2280 privaret,
1453 2195 1510 2260 sed
1525 2198 1612 2260 omni
1623 2222 1649 2268 m

280 2288 370 2353 aditu
392 2294 425 2350 et
445 2286 584 2351 limiae.»
628 2290 772 2353 XXVIII.
795 2287 846 2351 76.
870 2288 1074 2371 Quamquam
1096 2288 1176 2353 baec
1198 2290 1329 2372 quidem
1351 2291 1414 2354 iam
1436 2290 1612 2354 tolerabilia

281 2382 478 2456 videbantur,
493 2384 551 2445 etsi
566 2383 776 2467 aequabiliter
797 2384 831 2444 in
852 2401 918 2444 rem
941 2381 1099 2464 publicam
1114 2382 1148 2444 in
1160 2382 1310 2464 privatos,
1325 2385 1359 2446 in
1374 2384 1564 2466 longinquos
1578 2384 1612 2445 in

280 2474 490 2561 propinquos,
506 2475 539 2538 in
556 2477 675 2539 alienos
697 2477 732 2538 in
747 2495 824 2539 suos
839 2475 995 2547 irruebat3
1018 2474 1075 2537 sed
1089 2475 1198 2538 nescio
1215 2495 1278 2556 quo
1294 2475 1388 2540 modo
1403 2476 1466 2537 iam
1481 2495 1541 2538 usu
1556 2475 1612 2537 ob·

282 2570 434 2633 duruerat
447 2572 479 2631 et
499 2569 710 2650 percalluerat
725 2569 862 2632 civitatis
885 2568 1082 2632 incredibilis
1097 2569 1261 2650 patientia.
1285 2568 1376 2644 Quae
1392 2586 1468 2632 vero
1483 2569 1614 2631 aderant

282 2664 391 2726 iamet
409 2661 651 2743 impendebant,
673 2682 813 2747 quonam
835 2662 928 2725 modo
951 2680 989 2724 ea
1011 2668 1065 2724 aut
1088 2661 1247 2744 depellere
1269 2661 1453 2744 potuissetis
1476 2668 1531 2723 ant
1551 2659 1651 2729 fer-so

281 2759 338 2819 ret
360 2755 530 2838 Imperium
552 2756 606 2819 ille
629 2758 656 2819 si
680 2764 790 2820 nactus
806 2765 899 2829 esset,
915 2755 1027 2817 omitto
1049 2755 1163 2829 socios,
1187 2762 1312 2817 exteras
1335 2758 1489 2829 nati0nes,
1511 2773 1614 2837 reges,

282 2847 472 2924 tetrarcham
494 2856 569 2912 vota
591 2850 675 2913 eninr
696 2849 860 2923 laceretis,
881 2855 919 2910 nt
940 2848 974 2909 in
996 2867 1052 2910 eos
1074 2867 1108 2910 se
1131 2848 1237 2929 potius
1258 2849 1441 2912 immitteret
1462 2868 1558 2931 quam
1580 2848 1613 2909 in

281 2951 402 3007 vestras
430 2942 670 3024 possessiones,
699 2949 805 3006 vestra
833 2950 930 3015 tecta,
952 2948 1073 3003 vestras
1098 2942 1270 3023 pecunias:
1299 2943 1451 3024 pecunias
1473 2943 1567 3005 dico?
1596 2962 1615 3006 a

281 3037 406 3110 liberis,
430 3054 480 3098 me
502 3036 573 3099 dius
595 3036 706 3110 fidius,
732 3042 766 3097 et
785 3054 804 3097 a
826 3034 1016 3116 coningibus
1038 3035 1152 3097 vestris
1174 3054 1347 3117 numquam
1369 3035 1424 3100 ille
1446 3037 1613 3100 effrenatas

284 3149 358 3194 suas
380 3128 529 3191 libidines
553 3128 759 3193 cohibuisset.
792 3127 884 3209 Fingi
906 3127 986 3190 baec
1008 3128 1143 3211 putatis,
1174 3148 1256 3210 quae
1278 3135 1404 3211 patent,
1433 3150 1517 3213 quae
1539 3139 1652 3193 notaro

283 3229 357 3288 sunt
386 3220 550 3294 omnibus,
584 3240 666 3305 quae
692 3223 863 3285 tenentur‘l
896 3240 1060 3284 servornm
1091 3221 1249 3283 exercitus
1275 3221 1419 3285 illumin
1441 3224 1518 3285 urbe
1541 3243 1615 3286 con·

282 3317 474 3397 scripturum
495 3314 612 3389 fnisse,
635 3335 693 3398 per
714 3334 796 3397 quos
819 3320 916 3376 totam
931 3334 998 3376 rem
1013 3315 1174 3397 publicam
1188 3334 1304 3397 resque
1318 3317 1455 3398 priuatas
1470 3318 1614 3379 omnium

282 3407 480 3495 possideret?
513 3404 564 3469 77.
588 3408 860 3484 Quamobrem,
883 3407 909 3469 si
932 3415 1098 3471 cruentum
1120 3408 1260 3489 gladium
1283 3416 1394 3471 tenens
1415 3409 1563 3473 clamaret
1577 3411 1614 3472 Τ.

281 3502 421 3583 annius:
446 3501 590 3575 «adeste,
613 3520 744 3584 quaeso,
766 3510 862 3584 atque
876 3499 1003 3574 audite,
1026 3502 1126 3563 cives:
1148 3503 1182 3563 P.
1198 3501 1345 3564 Clodium
1362 3502 1523 3579 interfeci3
1546 3504 1614 3567 eius

281 3597 422 3669 furores,
446 3613 528 3678 qnos
550 3593 647 3656 nullis
669 3595 732 3657 iam
754 3594 896 3677 legibus,
919 3594 1016 3657 nullis
1038 3595 1165 3658 iudiciis
1185 3595 1310 3658 frenare
1331 3605 1530 3679 poteramus,
1552 3597 1651 3661 boeto

282 3691 365 3753 torro
386 3695 419 3751 et
446 3686 506 3750 bac
535 3687 668 3751 dextera
689 3707 708 3750 a
730 3688 905 3751 cervicibus
926 3689 1039 3752 vestris
1062 3689 1207 3771 reppnIi;
1234 3710 1291 3772 per
1311 3711 1363 3753 me
1385 3699 1422 3754 ut
1441 3711 1541 3755 unum
1563 3692 1613 3754 ius

282 3781 445 3864 aequitas,
466 3779 554 3862 leges
575 3781 722 3856 libertas,
745 3780 849 3864 pudor
870 3781 1025 3863 pudicitia
1045 3783 1221 3846 incivitate
1236 3792 1414 3847 manerettn
1440 3790 1524 3848 esset
1537 3804 1614 3847 vero

282 3874 472 3948 timendum,
503 3893 641 3957 quonam
671 3875 765 3937 modo
796 3874 828 3936 id
856 3874 953 3937 ferret
982 3875 1109 3938 civitasl
1148 3877 1240 3939 Nunc
1267 3879 1352 3940 enim
1381 3879 1454 3961 quis
1482 3884 1532 3940 est
1559 3876 1614 3959 qni

282 3989 346 4033 non
375 3967 505 4052 probet,
536 3969 591 4051 qui
615 3988 681 4031 non
703 3968 827 4042 laudet,
858 3968 914 4050 qui
945 3988 1010 4029 non
1032 3988 1131 4031 unum
1153 3976 1225 4052 post
1245 3970 1409 4033 bominum
1431 3970 1614 4032 memoriam

283 4064 318 4124 T.
339 4060 479 4123 Annium
508 4061 679 4144 plurinrnm
707 4061 754 4124 rei
786 4060 932 4143 publicae
956 4061 1131 4143 profuisse,
1162 4064 1298 4126 mamma
1320 4063 1437 4126 laetitia
1458 4060 1651 4145 populumso

282 4157 476 4227 Romanum,
499 4161 643 4217 cunctam
667 4155 806 4227 Italiam,
829 4154 975 4216 nationes
992 4173 1102 4217 omnes
1125 4156 1268 4218 affecisse
1283 4164 1315 4219 et
1329 4157 1415 4218 dicat
1429 4163 1461 4218 et
1477 4155 1614 4217 sentiat?

282 4250 353 4312 Non
374 4266 457 4331 queo
479 4254 587 4309 vetera
619 4247 675 4310 illa
704 4247 816 4329 populi
844 4244 978 4309 Romani
1007 4249 1122 4330 gaudia
1144 4254 1262 4331 quanta
1288 4248 1423 4324 fuerim,
1452 4246 1612 4312 iudicare:

283 4341 398 4405 multas
430 4347 535 4402 tamen
569 4340 632 4403 iam
662 4359 857 4403 summomm
885 4340 1113 4422 imperatorum
1142 4342 1331 4405 clarissImas
1352 4342 1500 4404 victorias
1528 4346 1615 4402 aetas

283 4442 393 4498 nostra
418 4432 515 4507 vidit,
547 4453 681 4516 qnarnm
711 4433 798 4496 nulla
827 4453 931 4515 neque
962 4442 1025 4497 tam
1047 4435 1230 4498 diutnmam
1258 4436 1362 4498 attulit
1382 4435 1534 4498 laetitiam
1556 4453 1616 4496 nec

283 4533 413 4591 tantam.
456 4523 507 4587 78.
530 4525 678 4591 blandate
699 4527 762 4589 boc
782 4528 963 4602 memoriae,
986 4526 1118 4590 iudices.
1163 4529 1263 4610 Spero
1286 4528 1385 4592 multa
1406 4547 1463 4591 vos
1485 4527 1654 4591 liberos-as

284 4640 347 4704 qne
368 4625 489 4685 vestros
518 4620 551 4683 in
574 4640 608 4682 re
634 4620 763 4702 publiea
782 4621 867 4683 bona
889 4639 960 4683 esse
982 4621 1127 4684 visuros:
1155 4621 1189 4684 ln
1210 4622 1250 4684 iis
1272 4621 1406 4703 singulis
1428 4621 1471 4684 ita
1492 4639 1617 4707 semper

333 4982 1619 5049 taetrumoedifiolampzmdtfiersbaersTESO-i.butc]biswss-sur!ostossszemo
1680 5005 1692 5028 .

282 5062 402 5120 ransom
418 5061 555 5124 pharisario
572 5061 591 5111 T
608 5086 635 5096 -
650 5060 700 5123 cus]
717 5073 766 5122 qrso
783 5060 844 5110 E-
863 5059 889 5108 dt
907 5061 937 5108 P:
957 5059 993 5107 dii
1008 5058 1140 5108 TESO-
1159 5057 1183 5108 3.
1198 5058 1298 5108 mostis
1314 5058 1374 5107 TE:
1392 5060 1541 5116 armum
1557 5072 1619 5108 rao-

283 5136 334 5185 ctta
349 5135 367 5184 S
381 5161 408 5172 -
426 5136 580 5187 adulescsm
596 5136 640 5185 ΡΤ
657 5161 690 5171 -
707 5134 731 5187 t.
746 5137 771 5185 Ρ.
783 5135 873 5198 Apinio
890 5137 1044 5197 Peyronus:
1063 5144 1163 5183 rarrmo
1180 5134 1212 5190 1>;
1234 5133 1320 5194 optato
1337 5133 1369 5192 ἲς
1390 5132 1485 5195 Aponio
1502 5133 1569 5182 ESO
1589 5160 1617 5170 -

283 5257 308 5307 5.
326 5256 451 5307 mearent
467 5257 526 5308 Ps:
548 5256 743 5307 conassTEO
763 5281 790 5291 -
814 5233 996 5306 omdsTTs:
1021 5210 1161 5305 arscdrssa
1177 5255 1209 5312 1⁵;
1234 5257 1387 5303 suammet
1403 5253 1436 5312 Ε;
1456 5254 1619 5303 ammeio

286 5356 313 5366 -
330 5330 444 5393 Minnio
461 5331 499 5380 E:
515 5344 664 5383 rrrrorsmo
681 5333 714 5390 Ρ;
732 5326 848 5392 mrsontri
864 5331 883 5379 T
902 5354 928 5364 -
949 5330 973 5378 6.
993 5332 1116 5390 motam
1132 5328 1192 5376 Τ-
1212 5327 1236 5378 ’4.
1255 5326 1396 5375 iutotmm
1411 5325 1432 5376 E
1452 5352 1479 5363 ·-
1498 5327 1538 5376 44.
1558 5327 1619 5387 tora]

284 5411 337 5455 torn
353 5405 373 5454 'I'
387 5430 414 5440 -
434 5404 474 5454 43.
491 5405 545 5454 tam
561 5419 615 5456 om.
629 5407 649 5456 E
662 5431 689 5442 ·-
710 5402 750 5454 44.
769 5403 933 5454 ctuttttots'sE
953 5429 981 5438 -
1000 5401 1041 5451 46.
1059 5402 1081 5450 si
1097 5401 1138 5451 ills
1155 5402 1201 5452 CS
1219 5427 1246 5437 -
1268 5401 1309 5450 44.
1328 5399 1485 5451 tethrarcbor
1500 5401 1560 5449 Τ·
1579 5401 1620 5449 io·

283 5480 389 5530 mitteret
405 5478 438 5530 E:
456 5480 563 5529 micaret
579 5480 623 5529 TS
634 5506 661 5515 -
681 5479 721 5529 48.
740 5481 838 5527 usuras
851 5477 981 5538 pecunias.
994 5480 1081 5525 uestro
1097 5480 1162 5525 taeta
1178 5476 1238 5525 T-
1253 5476 1375 5537 portasius
1391 5473 1474 5524 altero
1491 5473 1550 5525 Ioco
1565 5488 1619 5525 om.

284 5555 334 5605 ΤΕ
351 5543 449 5616 (nous)
469 5580 496 5590 -
516 5567 534 5602 a
550 5552 706 5603 romans:
726 5550 869 5612 olibetu&
888 5567 905 5601 a
922 5551 1018 5611 tiberis,
1037 5550 1154 5600 eliberta
1170 5551 1233 5601 0-
1251 5552 1292 5602 20.
1312 5563 1378 5613 quos
1393 5549 1461 5612 noto]
1478 5549 1540 5599 boso
1556 5563 1621 5611 quus

284 5634 347 5680 noto
364 5630 383 5679 C
403 5656 430 5666 -
449 5628 491 5681 44.
510 5630 651 5693 4644444444
670 5655 696 5664 -
716 5628 756 5677 46.
775 5627 873 5690 reppuli
889 5626 955 5676 TE:
978 5626 1060 5687 reputt
1077 5626 1126 5675 so
1145 5651 1172 5661 -
1191 5626 1232 5675 at.
1249 5626 1333 5687 pudor
1348 5624 1391 5674 bis
1409 5622 1491 5673 babet
1507 5622 1528 5673 E
1546 5647 1574 5659 —
1594 5624 1622 5672 s'c

285 5706 385 5756 eloim
402 5705 463 5768 post
479 5704 543 5768 iopes
559 5702 641 5753 habet
658 5704 677 5753 E
695 5728 722 5738 -
741 5709 853 5753 moneret
873 5703 934 5752 TE:
961 5706 1091 5752 moneant
1111 5701 1158 5750 SO
1178 5727 1205 5737 —
1233 5699 1274 5751 30.
1290 5701 1410 5763 popolus
1426 5697 1467 5763 44]
1485 5710 1533 5759 sp.
1553 5699 1620 5747 Τ-

285 5780 326 5831 34.
340 5780 448 5841 affectare
463 5785 488 5829 et
503 5780 612 5829 deols:
632 5779 751 5840 offensos
768 5780 835 5828 dicat
852 5778 887 5837 E;
907 5777 1017 5839 affecisse
1034 5776 1103 5825 dicae
1114 5776 1175 5824 T-
1186 5775 1227 5824 34.
1241 5775 1330 5837 populi
1342 5775 1382 5839 a]
1402 5787 1451 5836 pr.
1464 5773 1514 5821 T·-
1536 5771 1576 5823 36.
1595 5772 1622 5821 te

285 5869 314 5905 rs
327 5868 355 5918 p.
369 5853 434 5905 boos
450 5854 479 5907 S:
498 5854 525 5905 to
544 5868 592 5918 sp.
611 5853 691 5904 malta
708 5853 858 5912 borroTW5
877 5852 986 5914 io.r.p.
1001 5850 1195 5903 usercense
1208 5876 1235 5887 ·-
1254 5849 1470 5902 itsGaratonins:
1489 5848 1527 5898 bit
1543 5848 1620 5900 TES.
