3800 7350
652 1254 728 1319 crs.
747 1254 954 1319 xx-xxr.
981 1251 1038 1337 §t-
1052 1251 1200 1318 st-oo.
1525 1252 1587 1319 rsa

261 1430 383 1498 autem,
405 1423 461 1487 illo
484 1423 643 1506 proiecto,
667 1424 754 1487 Sulla
775 1432 964 1507 procurante
987 1426 1057 1488 eius
1078 1446 1145 1488 rem
1168 1433 1200 1488 et
1221 1432 1366 1507 gerente,
1389 1424 1535 1507 plurimis
1557 1434 1589 1489 et

260 1516 481 1603 pulcherrimis
503 1520 536 1580 P.
552 1518 637 1581 Sittii
658 1518 798 1601 praediis
819 1519 973 1592 venditis,
995 1539 1049 1582 aes
1071 1518 1209 1582 alienum
1231 1519 1374 1582 eiusdem
1390 1525 1439 1582 est
1452 1517 1588 1582 dissolu-

260 1621 345 1688 tum3
374 1620 424 1687 ut,
458 1631 541 1695 quae
569 1632 666 1674 causa
693 1618 814 1675 ceteras
837 1611 876 1674 ad
898 1611 1020 1674 lacinus
1042 1612 1184 1694 impulit,
1218 1612 1374 1695 cupiditas
1403 1611 1588 1675 retinendae

260 1706 491 1789 possessionis,
521 1725 558 1768 ea
585 1706 678 1768 Sittio
709 1724 774 1768 non
802 1704 913 1778 bresit,
946 1706 1084 1788 praediis
1114 1705 1293 1768 deminutis.
1342 1703 1394 1767 57.
1423 1707 1488 1768 lam
1511 1724 1587 1767 vero

259 1799 341 1863 illud
362 1819 458 1883 quam
480 1798 685 1874 incredibile,
708 1819 803 1883 quam
825 1799 1015 1873 absurdum,
1038 1799 1094 1881 qui
1108 1801 1226 1863 Romae
1244 1799 1374 1862 caedem
1388 1798 1510 1872 iacara,
1532 1798 1616 1881 quia

259 1892 343 1957 banc
363 1893 474 1956 urbem
498 1893 692 1957 inflammare
713 1892 826 1967 vellet,
859 1913 931 1956 eum
953 1893 1233 1957 familiarissimum
1255 1913 1348 1956 suum
1370 1895 1527 1958 dimittere
1548 1892 1589 1956 ab

259 2007 294 2050 sc
317 1994 351 2051 et
371 1986 541 2051 amandare
563 1989 595 2050 in
617 1987 744 2050 ultimas
767 1994 876 2050 terras.
920 1988 1030 2051 Utrum
1052 2006 1117 2069 quo
1139 1985 1265 2050 facilius
1285 1988 1405 2051 Romae
1427 2007 1483 2061 ea,
1505 2005 1588 2069 quae

258 2082 451 2156 conabatur,
480 2080 636 2155 efficeret,
666 2081 749 2144 siin
772 2080 925 2163 Hispania
947 2081 1105 2144 turbatum
1128 2083 1236 2144 esset‘i
1279 2081 1320 2142 at
1340 2081 1419 2144 baec
1440 2081 1510 2163 ipsa
1532 2101 1589 2162 per

259 2195 296 2239 se
324 2175 394 2239 sina
424 2174 490 2238 ulla
519 2175 739 2238 coniunctione
767 2175 949 2256 agebantur.
1000 2178 1051 2237 An
1079 2176 1111 2238 in
1139 2174 1236 2238 tantis
1264 2174 1377 2249 rebus,
1405 2181 1468 2237 tam
1496 2174 1588 2238 nous

259 2268 418 2344 consiliis,
441 2277 505 2331 tam
526 2268 733 2353 periculosis,
755 2276 818 2332 tam
841 2267 1046 2343 turbulentis,
1074 2267 1233 2332 hominem
1255 2269 1505 2332 amantissimum
1527 2270 1626 2343 suita

257 2362 554 2437 familiarissimum,
577 2363 869 2426 coniunctissimum
893 2359 1020 2437 officiis,
1049 2362 1297 2435 consuetudine,
1323 2382 1401 2437 usu,
1428 2362 1588 2425 dimitten-

259 2456 336 2519 dum
369 2477 439 2520 esse
468 2457 698 2520 arbitrabatur?
743 2458 817 2520 Veri
845 2456 949 2519 simile
977 2477 1042 2519 non
1070 2462 1134 2531 est,
1167 2463 1220 2530 nt,
1254 2476 1349 2539 quem
1376 2456 1410 2518 in
1440 2457 1589 2520 secundis

259 2550 373 2626 rebus,
403 2570 498 2635 quem
526 2551 560 2613 in
592 2551 658 2614 otio
688 2571 813 2634 semper
839 2571 947 2615 secum
968 2550 1149 2625 habuisset,
1178 2549 1318 2613 huncin
1339 2549 1480 2613 adversis
1502 2551 1588 2613 etin

261 2663 301 2708 eo
323 2644 475 2719 tumultu,
501 2665 596 2728 quem
624 2646 693 2728 ipse
724 2644 942 2728 comparabat,
967 2645 1007 2707 ab
1037 2664 1071 2708 se
1092 2646 1273 2707 dimitteret.
1317 2640 1367 2705 58.
1391 2644 1461 2726 lpse
1481 2650 1587 2707 autem

260 2736 371 2801 Sittius
394 2733 470 2819 (non
492 2738 577 2801 enim
599 2739 676 2802 mibi
698 2738 873 2802 deserenda
894 2747 944 2801 est
965 2758 1060 2801 causa
1081 2738 1173 2801 amici
1193 2738 1311 2801 veteris
1332 2745 1427 2822 atque
1441 2735 1587 2822 hospitis)
1597 2756 1625 2802 ta

260 2832 289 2894 is
309 2830 405 2895 bomo
427 2839 476 2895 est
496 2839 552 2895 aut
573 2852 611 2895 ea
631 2832 751 2895 familia
772 2852 809 2896 ac
830 2831 1017 2914 disciplina,
1038 2839 1073 2894 ut
1094 2831 1155 2894 hoc
1178 2832 1265 2896 credi
1287 2832 1403 2916 possit,
1426 2852 1499 2895 eum
1520 2832 1588 2895 bel·

260 2925 328 2989 lum
348 2925 469 3008 populo
490 2928 633 2990 Romano
656 2926 760 2990 iacere
781 2926 944 2989 voluisse?
977 2933 1027 2999 ut,
1049 2926 1140 2989 cuius
1161 2932 1269 3009 pater,
1298 2946 1371 2989 cum
1393 2928 1489 2990 ceteri
1510 2923 1587 2989 deli·

261 3026 369 3083 cerent
389 3016 514 3082 finitimi
536 3040 573 3083 ac
595 3020 706 3095 vicini,
739 3020 892 3102 singulari
921 3020 1080 3083 exstiterit
1106 3021 1140 3082 in
1169 3041 1236 3083 rem
1263 3020 1419 3104 publicam
1447 3029 1587 3084 nostram

262 3109 367 3178 officio
395 3120 428 3177 et
453 3110 534 3189 lide,
567 3114 596 3177 is
625 3114 685 3178 sibi
714 3113 870 3177 nefarium
901 3113 1022 3177 bellum
1051 3119 1161 3177 contra
1187 3115 1322 3197 patriam
1350 3114 1587 3198 suscipiendum

261 3210 407 3291 putareti
429 3208 519 3271 cuius
540 3227 594 3272 aes
616 3206 754 3271 alienum
774 3208 936 3282 videmus,
965 3209 1104 3282 iudices,
1133 3228 1198 3270 non
1220 3207 1368 3282 libidine,
1390 3208 1446 3271 sed
1469 3207 1625 3290 negatiiaa

263 3301 395 3386 gerendi
417 3300 524 3380 studio
548 3321 618 3364 esse
640 3309 850 3377 contractum;
873 3303 929 3385 qui
952 3304 996 3365 ita
1017 3304 1135 3365 Romae
1157 3301 1282 3376 debuit,
1303 3310 1340 3364 ut
1361 3304 1394 3364 in
1416 3301 1589 3383 provinciis

263 3405 294 3459 et
316 3397 350 3459 in
371 3396 477 3478 regnis
499 3396 529 3460 ei
550 3397 705 3459 maximae
728 3398 880 3478 pecuniae
909 3396 1118 3470 deberentur,
1147 3416 1225 3479 quas
1255 3416 1327 3459 cum
1355 3403 1494 3478 peteret,
1524 3415 1589 3458 non

265 3490 422 3554 commisit
443 3497 480 3551 ut
500 3490 550 3553 sui
571 3496 791 3573 procuratores
823 3491 997 3574 quidquam
1026 3490 1131 3553 oneris
1159 3490 1290 3552 absente
1318 3509 1353 3551 se
1381 3490 1588 3552 sustinerant:

263 3585 372 3648 venire
394 3604 503 3647 omnes
525 3605 598 3647 suas
621 3584 841 3668 possessiones
856 3590 888 3646 et
908 3584 1097 3667 patrimonio
1112 3604 1147 3648 se
1161 3582 1362 3646 ornatissima
1377 3584 1508 3666 spoliari
1524 3602 1590 3647 ma·

262 3680 322 3743 luit
351 3699 446 3764 quam
470 3678 568 3742 ullam
599 3699 719 3741 moram
750 3680 898 3763 cuiquam
921 3677 990 3742 lieri
1012 3680 1201 3742 creditorum
1225 3697 1364 3741 suorum.
1401 3675 1453 3741 59.
1475 3680 1502 3743 Δ
1524 3696 1629 3762 quasa

263 3774 393 3858 quidem
421 3792 556 3855 genere,
588 3772 725 3846 iudices,
753 3792 812 3855 ogo
839 3792 1012 3856 numquam
1041 3773 1147 3848 timui,
1176 3792 1247 3836 cum
1275 3772 1310 3834 in
1339 3771 1396 3835 illa
1417 3772 1463 3835 rei
1485 3773 1591 3856 publi·

263 3887 320 3931 cae
350 3873 537 3950 tempestate
558 3885 715 3930 versarer.
756 3866 840 3929 lllud
862 3873 930 3929 erat
950 3866 1116 3930 bominum
1144 3885 1244 3947 genus
1267 3864 1419 3928 horribile
1441 3873 1474 3929 et
1493 3867 1591 3949 perti·

263 3962 483 4037 mescendum,
505 3961 561 4044 qui
583 3967 671 4022 tanto
693 3979 799 4023 amore
821 3980 895 4023 suas
917 3961 1138 4043 possessiones
1153 3959 1293 4042 amplexi
1316 3959 1481 4034 tenebant,
1502 3965 1538 4022 ut
1551 3958 1591 4023 ab

263 4056 304 4118 iis
325 4053 465 4118 membra
487 4055 578 4118 citius
601 4054 709 4118 divelli
731 4073 768 4116 ac
790 4052 921 4117 distrahi
943 4074 1038 4137 posse
1054 4054 1185 4117 diceres.
1219 4053 1331 4115 Sittius
1343 4072 1515 4136 numquam
1530 4053 1592 4115 sibi

266 4149 487 4233 cognationem
509 4168 580 4211 cum
603 4148 742 4230 praediis
764 4167 834 4210 esse
856 4148 1051 4210 existimavit
1072 4148 1147 4209 suis.
1182 4148 1291 4228 ltaque
1310 4163 1424 4209 senon
1440 4147 1535 4209 modo
1550 4167 1628 4212 exso

266 4243 450 4327 suspicione
471 4242 549 4306 tanti
571 4241 715 4315 sceleris,
744 4261 854 4303 verum
877 4241 973 4303 etiam
995 4261 1036 4304 ex
1058 4241 1145 4303 omni
1173 4240 1337 4302 hominum
1359 4221 1592 4303 sermonelnon

265 4338 377 4413 armis,
399 4337 455 4400 sed
476 4336 667 4420 patrimonio
687 4355 746 4398 suo
768 4333 950 4398 vindicavit.
1057 4416 1060 4421 ¹

327 4433 415 4495 xxi.
436 4429 489 4494 60.
510 4432 577 4494 lam
599 4451 673 4495 vero
697 4429 783 4512 quod
801 4429 933 4503 obiecit,
955 4429 1163 4511 Pompeianos
1185 4447 1255 4490 esse
1278 4447 1298 4490 a
1319 4426 1407 4489 Sulla
1427 4427 1593 4511 impulsos,

330 4748 356 4799 Β.
375 4753 410 4798 ast
426 4760 479 4799 om.
499 4748 560 4808 ΤΒ,
579 4748 595 4797 Β
612 4747 723 4806 Osann,
742 4747 786 4797 ed.
806 4745 883 4803 tili,
911 4743 1043 4794 dissolvisti
1065 4744 1082 4793 S
1100 4744 1128 4793 et
1143 4741 1159 4792 l
1176 4742 1290 4799 Osann,
1317 4741 1462 4791 mutam
1477 4747 1513 4792 ast
1529 4742 1592 4794 edd.

266 4824 368 4875 incerta
388 4824 558 4881 auctoritate,
583 4821 688 4873 videtur
702 4820 718 4869 ὅ
732 4824 794 4887 post
809 4817 894 4871 suoi
905 4819 1081 4870 intercidisse.
1102 4844 1129 4853 -
1148 4818 1172 4866 ³.
1185 4821 1295 4866 casuros
1310 4816 1331 4865 Τ
1344 4841 1371 4852 ·-
1390 4817 1415 4867 5.
1428 4819 1521 4867 Romae
1537 4832 1592 4870 om.

266 4898 286 4949 Β
302 4922 331 4935 ·-
351 4897 376 4948 b.
393 4896 458 4962 atas]
477 4910 533 4947 aum
549 4901 601 4946 turn
614 4894 706 4945 Lamb.
722 4922 749 4932 -
769 4896 793 4944 Τ.
807 4895 946 4945 amandam
957 4895 977 4943 T
989 4897 1017 4944 et
1027 4897 1102 4944 Parc.
1115 4892 1262 4942 Torrentii:
1279 4892 1404 4942 mandare
1419 4894 1439 4943 Β
1454 4918 1482 4930 -
1499 4896 1594 4960 ubam]

265 4974 351 5024 m
368 4973 386 5022 S
401 4974 429 5022 et
446 4973 461 5022 b
478 4973 578 5022 monn.
595 4994 630 5008 -
646 4971 670 5021 8.
688 4971 715 5020 ia
731 4972 855 5033 inspecta
872 4972 891 5020 T
909 4971 943 5033 (ia
959 4971 1107 5034 Hispaniam
1123 4967 1252 5018 tttrbaltm
1267 4967 1325 5016 isset
1341 4966 1401 5017 cod.
1420 4969 1479 5017 Car.
1493 4968 1595 5032 Stepb.)

268 5074 296 5084 -
314 5047 349 5096 ad
364 5046 426 5096 boae
442 5047 502 5096 T-
521 5047 545 5096 9.
563 5047 736 5097 coniurations
751 5046 812 5095 Β-
831 5048 872 5095 tt.
891 5050 998 5095 cansam.
1015 5046 1109 5094 asuT:
1127 5058 1175 5092 aaa
1191 5043 1366 5093 comuatuttias
1381 5043 1431 5093 ΒΟ
1444 5069 1471 5080 -
1492 5044 1532 5093 lb.
1546 5056 1596 5094 csse

265 5122 336 5175 mei:
354 5135 372 5171 a
387 5134 413 5172 ss
428 5120 521 5172 Lamb.
543 5149 569 5159 -
589 5121 763 5170 arbitrabatur
774 5121 838 5170 TB:
857 5120 1027 5169 arbitraretur
1042 5119 1092 5169 Ro
1106 5144 1133 5154 -
1153 5119 1191 5167 ta.
1205 5131 1301 5179 smper
1310 5130 1392 5167 scama
1403 5117 1451 5167 ΤΒ
1461 5118 1494 5166 S:
1513 5131 1597 5169 muas

265 5208 361 5259 seraper
377 5196 398 5245 0
418 5223 445 5233 -
465 5198 505 5248 tb.
523 5199 662 5248 asmancia
678 5199 698 5248 T
715 5223 742 5232 -
763 5197 839 5246 amici
853 5210 933 5246 causa
950 5197 969 5245 Β
988 5221 1016 5232 -
1036 5194 1076 5244 ib.
1096 5207 1127 5242 ac
1143 5194 1176 5252 T,
1196 5192 1238 5242 ed.
1252 5192 1333 5242 titt:
1353 5198 1399 5242 aut
1414 5194 1493 5251 caB;
1512 5194 1595 5255 cata,

266 5275 283 5323 Β
299 5272 402 5323 monn.
423 5298 451 5309 —
466 5280 548 5336 posset
563 5288 620 5324 caan
637 5274 744 5324 libellum
760 5274 779 5322 Β
794 5297 821 5306 -
842 5273 882 5322 ts.
899 5272 992 5335 popoto
1009 5272 1037 5321 Β.
1055 5270 1087 5328 Τ,
1106 5270 1136 5318 ut
1147 5266 1299 5317 Gulielmius
1317 5269 1446 5318 coniecit:
1464 5267 1502 5317 rei
1516 5267 1599 5329 psalt·

265 5360 311 5398 ena
327 5347 385 5397 ΒΟ.
414 5346 453 5398 Cl.
472 5362 511 5399 or.
530 5348 603 5401 Catil.
622 5351 671 5410 ΙΙΙ,
690 5349 705 5413 5
722 5351 763 5399 bi.
777 5349 877 5411 (pondo
888 5374 925 5385 --
936 5347 1058 5397 amtiterit
1075 5357 1129 5394 om.
1142 5345 1169 5404 Β)
1189 5369 1216 5378 -
1238 5343 1277 5393 48.
1290 5344 1400 5393 actitent
1417 5344 1477 5393 T-
1497 5344 1538 5393 2⁰.
1549 5358 1596 5406 pas-

266 5423 329 5474 tarit
344 5423 412 5474 cani.
426 5421 575 5475 liuldricus.
590 5450 616 5460 -
635 5426 677 5475 ab.
690 5425 713 5474 ci
728 5424 904 5473 maniam:
921 5423 1051 5471 maximas
1066 5420 1089 5470 ai
1104 5419 1153 5468 ΒΟ
1166 5445 1194 5456 -
1213 5417 1255 5468 23.
1272 5420 1368 5470 maisit
1383 5420 1402 5468 Β
1416 5447 1443 5456 -
1463 5419 1598 5480 acicam

266 5499 364 5550 batam
380 5498 400 5548 T
417 5524 445 5534 -
468 5499 510 5550 il.
528 5501 608 5550 onmis
623 5513 682 5550 suas
699 5501 833 5562 portatam
849 5499 885 5557 T;
913 5511 996 5547 omncs
1014 5495 1176 5559 nassamones
1191 5506 1250 5542 atas
1265 5494 1285 5543 Β
1305 5519 1332 5529 -
1358 5498 1382 5543 ct
1398 5494 1428 5543 ds
1440 5492 1597 5555 patrimonio

266 5588 312 5624 suo
328 5578 410 5624 arant.
429 5586 454 5623 ss
470 5574 575 5636 spoliari
590 5576 610 5625 Β
629 5603 655 5611 -
675 5576 716 5625 stt.
734 5575 901 5625 baeditorum
917 5574 937 5622 T
956 5599 983 5607 -
1002 5573 1043 5622 26.
1062 5569 1115 5634 itta]
1132 5582 1164 5619 cc
1180 5569 1199 5618 Β
1219 5595 1246 5604 -
1264 5569 1306 5617 ΒΤ.
1324 5568 1452 5618 bominum
1466 5581 1544 5631 passu
1560 5569 1594 5618 T:

266 5661 344 5713 pasus
358 5648 485 5698 mm
502 5650 552 5699 ΒΟ
571 5678 598 5687 -
616 5651 657 5722 28.
675 5650 798 5711 canebat
813 5662 873 5699 suos
887 5648 1049 5712 possessiones
1065 5646 1085 5695 Β
1103 5644 1233 5707 (compleat
1249 5643 1329 5694 etiam
1341 5642 1447 5704 Lamb.)
1465 5669 1491 5678 -
1512 5642 1544 5692 ab
1559 5644 1598 5692 bis

268 5721 347 5773 codd.
366 5724 393 5774 et
409 5723 429 5773 0
448 5748 475 5760 -
495 5724 537 5776 ΤΒ.
554 5725 627 5778 eltittt
643 5724 726 5774 diuelli
741 5724 775 5774 T:
794 5724 877 5774 diocli
893 5724 965 5772 citius
981 5723 1031 5773 ΒΟ
1051 5749 1078 5758 —-
1095 5720 1173 5784 possa]
1187 5719 1302 5782 potiusB
1316 5746 1343 5755 —
1362 5719 1402 5769 30.
1416 5719 1467 5768 suis
1482 5733 1532 5768 ossa
1543 5720 1597 5769 wi·

267 5797 377 5849 simois
392 5798 467 5849 Parc.
484 5798 558 5850 solus
575 5813 608 5850 cx
625 5801 702 5849 notis.
717 5825 745 5837 -
767 5798 808 5849 34.
825 5798 960 5860 mspitioao
975 5796 995 5846 T
1013 5823 1040 5832 -
1063 5797 1139 5846 stiam
1155 5807 1209 5844 om.
1227 5793 1247 5844 Β
1266 5818 1294 5829 -
1314 5792 1355 5844 32.
1372 5795 1509 5844 emanavit
1522 5799 1592 5858 patr.

268 5886 312 5925 sua
328 5874 348 5924 Β
366 5899 394 5910 -
412 5875 453 5927 33.
471 5875 557 5927 abiait
572 5876 605 5937 Τ,
629 5877 712 5926 oxon.
731 5875 748 5924 S
765 5877 793 5925 et
808 5873 960 5925 Torrentius
977 5872 1062 5923 cani:
1087 5869 1160 5922 abicit
1175 5870 1234 5933 RS,
1253 5867 1314 5919 cod.
1332 5869 1415 5927 Pitb.;
1433 5869 1530 5920 subdat
1546 5869 1593 5919 οι.

269 5950 303 6012 c,
321 5947 364 6001 sd
383 5947 462 6015 ttta,
479 5951 500 6001 0
517 5977 546 5992 -
564 5963 615 6004 aras
629 5962 683 6006 om.
701 5951 730 6002 Β.
