3800 7350
324 1206 407 1276 lori
744 1208 895 1273 enarro
917 1209 960 1273 m
981 1208 1016 1273 r..
1037 1208 1216 1275 rrsorsu
1250 1159 1256 1172 '¹

324 1402 366 1446 ex
386 1380 473 1445 cirili
495 1399 621 1454 cruore,
654 1398 696 1442 ex
718 1382 859 1444 omnium
881 1379 1035 1443 scelerum
1056 1377 1294 1462 importunitate
1316 1383 1517 1463 conceptum,
1548 1386 1645 1464 atque

325 1476 437 1540 eodem
465 1478 499 1538 in
527 1473 660 1559 templo,
695 1473 805 1538 eodem
836 1473 899 1536 loci
933 1473 1067 1556 vestigio
1097 1480 1129 1536 et
1149 1474 1315 1555 temporis,
1346 1473 1474 1536 arbitria
1494 1494 1559 1536 non
1581 1472 1643 1537 mei

324 1571 442 1643 solum,
464 1566 520 1632 sed
542 1568 661 1653 patriae
681 1566 801 1631 funeris
823 1567 990 1631 abstulisti.

406 1665 447 1726 X.
471 1658 522 1726 22.
545 1660 631 1737 Quid
654 1682 712 1744 ego
733 1660 859 1725 illorum
881 1659 1003 1725 dierum
1027 1662 1150 1746 epulas,
1182 1661 1260 1744 quid
1281 1660 1433 1725 laetitiam
1455 1668 1487 1724 et
1508 1660 1644 1745 gratula-

299 1758 441 1822 ntionem
470 1763 573 1830 tuam,
604 1753 682 1840 quid
711 1776 781 1819 cum
803 1756 866 1819 tuis
894 1753 1121 1819 sordidissimis
1144 1754 1288 1836 gregibus
1309 1754 1644 1838 intemperantissimas

323 1848 563 1936 perpotationes
584 1846 788 1932 praedicem?
825 1848 903 1924 Quis
933 1857 964 1913 te
991 1850 1055 1912 illis
1083 1846 1194 1912 diebus
1216 1848 1373 1923 sobrium,
1406 1847 1477 1930 quis
1498 1855 1643 1931 agentem

322 1942 462 2027 aliquid,
486 1940 573 2026 quod
596 1949 680 2005 esset
700 1942 800 2006 libero
822 1941 971 2026 dignum,
994 1942 1066 2025 quis
1088 1941 1227 2025 denique
1250 1942 1283 2005 in
1305 1941 1433 2024 publico
1448 1939 1548 2006 viditt
1571 1962 1644 2005 cum

321 2038 461 2121 collegae
484 2036 530 2100 tui
552 2035 665 2099 domus
687 2043 780 2100 cantu
803 2043 834 2100 et
856 2035 1008 2120 cymbalis
1029 2041 1214 2117 personaret
1235 2054 1370 2119 cumque
1392 2035 1460 2118 ipse
1482 2033 1587 2099 nudus
1610 2036 1644 2100 in

321 2131 467 2196 convivio
489 2130 631 2205 saltaret,
653 2132 686 2194 in
708 2150 772 2213 quo
795 2150 864 2193 cum
887 2128 977 2192 illum
999 2128 1194 2192 saltatorium
1216 2134 1357 2193 versaret
1371 2128 1499 2202 orbem,
1521 2135 1645 2191 netum

283 2239 311 2286 sc
320 2224 449 2308 quidem
469 2223 614 2288 fortunae
636 2231 738 2287 rotam
766 2223 1017 2307 pertimescebat.
1059 2222 1119 2283 Hic
1148 2228 1254 2286 autem
1283 2242 1348 2285 non
1378 2227 1441 2283 tam
1470 2221 1644 2285 concinnus

318 2315 428 2382 helluo
456 2326 605 2381 nectam
635 2317 773 2380 musicus
804 2317 925 2381 iacebat
950 2315 985 2379 in
1017 2335 1147 2379 suorum
1177 2313 1367 2379 Graecorum
1396 2313 1518 2378 foetore
1547 2323 1644 2400 atque

319 2412 405 2477 vino.
448 2408 542 2487 Quod
573 2409 702 2494 quidem
732 2411 823 2474 istius
853 2411 885 2473 in
913 2410 976 2474 illis
1005 2411 1051 2473 rei
1072 2408 1218 2493 publicae
1239 2408 1376 2472 luctibus
1399 2408 1490 2492 quasi
1512 2407 1642 2493 aliquod

318 2504 522 2590 Lapitharum
544 2512 597 2568 aut
620 2503 845 2568 Centaurorum
867 2504 1044 2569 convivium
1065 2504 1247 2588 ferebatur:
1274 2503 1307 2566 in
1331 2521 1395 2587 quo
1419 2522 1511 2567 nemo
1539 2509 1646 2587 potest

319 2596 423 2664 dicere
444 2605 548 2662 uuum
569 2598 630 2661 iste
645 2598 718 2681 plus
732 2598 847 2662 biberit
863 2595 914 2682 [an
929 2593 1097 2680 vomuerit]
1114 2598 1155 2660 ab
1170 2597 1324 2660 effuderit.
1367 2593 1418 2659 23.
1441 2598 1531 2659 Tune
1547 2595 1644 2659 etiam

282 2687 511 2758 armentionem
539 2689 637 2755 iacies
665 2692 848 2755 consulatus
877 2700 932 2758 aut
960 2700 990 2757 te
1011 2692 1111 2756 baisse
1132 2691 1250 2755 Romae
1273 2691 1436 2755 consulem
1458 2689 1564 2753 dicere
1587 2710 1644 2753 au·

318 2787 431 2853 debis‘t
455 2785 564 2865 Quid?
586 2791 620 2848 tu
641 2784 676 2848 in
697 2784 862 2849 lictoribus
884 2793 916 2849 et
932 2793 1096 2871 praetexta
1115 2806 1184 2849 esse
1204 2785 1402 2849 consulatum
1421 2786 1536 2868 putast
1559 2787 1643 2867 quae

317 2891 503 2948 ornamenta
524 2880 618 2943 etiam
639 2880 674 2943 iu
689 2870 769 2943 'Seu
793 2878 903 2944 Clodio
926 2888 958 2944 te
980 2880 1109 2944 consule
1132 2899 1201 2944 esse
1224 2878 1365 2943 voluisti.
1407 2878 1465 2941 His
1488 2885 1539 2952 tu,
1572 2876 1644 2940 Clo·

316 2976 410 3042 diane
437 2973 541 3050 canis,
571 2972 749 3056 insignibus
779 2973 978 3038 consulatum
1008 2973 1160 3038 declarari
1188 2977 1302 3057 putast
1335 2972 1449 3036 Animo
1479 2969 1644 3034 consulem

316 3089 387 3134 esse
415 3074 556 3151 oportet,
585 3066 736 3142 consilio,
763 3063 839 3142 lide,
868 3070 1038 3150 gravitate,
1072 3068 1247 3154 vigilantia,
1280 3089 1373 3144 cura,
1405 3075 1472 3130 toto
1503 3065 1643 3151 denique

278 3178 446 3227 remunero
461 3159 643 3224 consulatus
657 3159 743 3223 omni
761 3156 865 3224 officio
883 3161 1018 3236 tuendo,
1040 3162 1259 3246 maximeque,
1281 3162 1313 3225 id
1333 3162 1419 3246 quod
1438 3161 1486 3224 ris
1504 3158 1643 3222 nominis

315 3257 384 3340 ipsa
405 3251 609 3339 praescribit,
630 3252 676 3315 rei
695 3250 840 3336 publicae
859 3254 1063 3319 consulendo.
1107 3257 1156 3318 Au
1174 3276 1233 3338 ego
1252 3255 1415 3320 consulem
1435 3274 1505 3318 esse
1522 3261 1643 3338 putem,

315 3349 371 3432 qui
400 3354 545 3410 senatum
574 3365 643 3409 esse
672 3346 706 3408 in
733 3346 915 3431 republica
941 3369 1006 3413 non
1028 3349 1173 3433 putavit?
1207 3358 1239 3412 et
1260 3351 1328 3413 sine
1350 3370 1389 3412 eo
1411 3348 1543 3412 consilio
1567 3368 1644 3411 con·

314 3441 417 3504 sulem
443 3460 621 3514 numerem,
658 3439 727 3502 sine
756 3461 820 3522 quo
847 3440 965 3505 Romae
995 3462 1035 3504 ne
1064 3461 1154 3525 reges
1183 3442 1313 3526 quidem
1342 3461 1412 3505 esse
1442 3444 1642 3526 potuerunt?

314 3535 441 3599 Etenim
462 3534 518 3597 illa
538 3533 601 3596 iam
622 3532 750 3596 omitto:
772 3554 844 3597 cum
866 3554 1028 3598 servorum
1050 3535 1183 3599 dilectus
1204 3535 1374 3599 baberetur
1395 3536 1428 3598 in
1443 3536 1530 3612 foro,
1552 3555 1642 3600 arma

277 3630 349 3694 stin
378 3627 529 3714 templum
559 3626 696 3692 Castoris
723 3627 794 3691 luce
828 3628 931 3712 palam
965 3636 1249 3715 comportarentur,
1283 3630 1316 3694 id
1349 3638 1454 3693 eutem
1488 3628 1642 3714 templum

314 3720 437 3787 sublato
464 3721 551 3786 aditu
579 3722 714 3786 revulsis
742 3723 891 3806 gradibus
913 3745 931 3788 a
953 3725 1184 3788 coniuratorum
1206 3724 1349 3808 reliquiis
1372 3729 1468 3808 atque
1490 3744 1510 3786 a
1533 3722 1642 3798 Catili-

313 3837 374 3883 nae
394 3817 643 3902 praevaricatore
665 3815 842 3901 quondam,
864 3824 930 3881 tum
953 3818 1071 3892 ultore,
1093 3821 1188 3882 armis
1210 3826 1385 3894 teneretur3
1421 3839 1492 3881 cum
1516 3814 1642 3900 equites

312 3912 445 3976 Romani
467 3912 699 3994 relegarentur,
720 3910 781 3975 viri
802 3911 877 3975 boui
899 3910 1056 3996 lapidibus
1079 3912 1183 3976 eforo
1200 3911 1410 3995 pellerentur,
1432 3908 1556 3974 senatui
1574 3928 1640 3971 uon

314 4007 417 4071 solum
438 4008 546 4072 iuvare
567 4026 633 4069 rem
654 4004 829 4090 publicam,
851 4003 907 4069 sed
929 4026 970 4069 ne
988 4003 1096 4088 lugere
1116 4008 1245 4091 quidem
1264 4007 1389 4081 liceret;
1412 4026 1482 4069 cum
1503 4003 1583 4068 civis
1603 4004 1641 4078 is,

379 4328 404 4378 4.
421 4340 455 4379 ecc
474 4326 542 4377 οιιιιιι·
557 4325 578 4374 'l’
595 4351 623 4361 -
647 4324 826 4388 inportunitate
846 4326 882 4376 l':
904 4325 1092 4387 importunitate
1113 4329 1136 4376 ct
1156 4324 1312 4389 flagitiorum
1328 4324 1391 4379 EG:
1413 4322 1601 4387 inponendae
1617 4329 1641 4374 et

311 4404 469 4469 βιρίιίοιιιιι
483 4401 631 4464 immiteis
646 4401 719 4451 FSO
736 4399 865 4464 (debebat
880 4400 976 4453 saltem
993 4414 1053 4452 osse
1070 4401 1225 4464 impuritate)
1243 4425 1271 4468 ·.·
1290 4404 1434 4462 conception
1448 4399 1481 4449 'l':
1499 4404 1641 4450 σοιιιιιιιιη

315 4477 393 4529 codd.
410 4476 467 4528 rell.
486 4477 549 4528 eto
568 4503 596 4514 -
614 4477 639 4526 2.
657 4477 740 4527 moon
756 4477 804 4526 loct
819 4478 854 4526 Τε
877 4479 962 4529 eodem
976 4484 1000 4529 et
1016 4478 1064 4529 toci
1081 4477 1145 4537 CO:
1172 4479 1272 4526 attam
1289 4479 1473 4540 exspectares:
1496 4476 1581 4526 sedeo
1595 4487 1641 4525 co·

313 4553 386 4615 sttpio
402 4556 426 4601 et
441 4551 489 4600 toci
505 4557 529 4602 et
544 4552 661 4615 umpcn's
678 4577 706 4587 -
726 4551 750 4603 4.
763 4551 868 4617 dicirst
880 4553 990 4604 dboms
1004 4581 1031 4591 -
1044 4554 1069 4603 s.
1081 4550 1368 4612 intemperatissima&
1386 4549 1642 4613 totsmpcroottrriosts

313 4626 375 4678 Ε-
394 4626 419 4676 l.
434 4625 531 4688 publice
548 4627 609 4677 Ε-
628 4627 652 4678 8.
670 4640 728 4676 mou
743 4628 842 4688 quidem
857 4628 952 4690 ipset:
971 4626 1378 4690 ncnqoctasnipssltommsen.
1391 4650 1419 4660 -
1437 4626 1502 4676 9.ιί
1518 4639 1567 4689 quo
1582 4638 1640 4677 man

312 4699 466 4750 midias
481 4701 639 4752 rumonim
654 4706 765 4752 nomn:
781 4702 873 4764 orbeca,
885 4715 916 4752 oe
932 4707 985 4752 tum
1002 4702 1144 4765 prasos:
1162 4703 1249 4762 loquo
1265 4714 1296 4750 oe
1312 4701 1483 4763 tumgctdem,
1495 4714 1553 4752 men
1568 4700 1640 4751 44666

313 4774 395 4838 (wan
409 4774 480 4824 444646
495 4776 609 4839 EFGP)
627 4777 785 4826 ιιὶιιιοήιιι
799 4782 910 4827 versaret
925 4777 1010 4828 orben
1026 4776 1104 4827 codd.
1122 4775 1179 4827 rell.
1198 4779 1225 4826 et
1240 4777 1261 4827 0
1279 4801 1307 4811 -
1325 4777 1365 4826 44.
1383 4776 1464 4825 bedae
1479 4776 1544 4827 TC:
1567 4774 1640 4826 belua

312 4848 333 4899 0
352 4875 379 4887 -
397 4862 500 4899 aarum
515 4851 544 4913 T,
562 4854 592 4901 ut
608 4852 720 4902 coniecit
737 4852 859 4903 Ursinus:
877 4865 921 4902 ιιιο
939 4853 988 4903 CO
1008 4879 1035 4889 -
1055 4851 1094 4902 43.
1114 4865 1144 4902 cc
1162 4852 1252 4914 (immo
1268 4851 1351 4912 etque)
1369 4851 1552 4902 Gcotmuorum
1568 4849 1637 4901 coni.

312 4924 415 4983 Garat.;
433 4922 570 4976 Wundero
587 4939 614 4990 p.
626 4927 670 4977 bil
686 4924 769 4976 verba
786 4932 831 4976 cut
848 4927 916 4978 Ceut.
934 4928 1045 4978 insiticia
1062 4925 1229 4977 videntur.-
1249 4926 1291 4978 ll.
1309 4930 1354 4976 cot
1368 4926 1491 4977 vomuerit
1508 4924 1569 4984 EF:
1588 4936 1639 4987 ego

311 5000 374 5050 cuni
390 4998 526 5050 Wundero
543 5000 787 5066 nusquamst.
806 5001 844 5053 ct.
858 5004 937 5053 etiam
955 5003 1048 5053 itendit
1065 4999 1174 5053 ltusell.
1187 5003 1211 5061 l,
1228 5013 1256 5065 p.
1268 5001 1326 5052 398.
1340 5027 1367 5037 ·-
1387 5005 1432 5052 out
1447 4998 1561 5064 elsudott
1578 4998 1636 5048 F-

310 5074 416 5125 asor:
441 5075 570 5136 tranlis,
592 5077 756 5126 tmoeoF—
776 5077 1026 5127 ducentesimari:
1051 5076 1313 5127 consutctuttoico
1333 5069 1637 5126 -roosltomoel’-

310 5148 352 5198 46.
364 5152 388 5198 et
399 5153 535 5211 praetecta
545 5149 696 5201 Wunderus
707 5152 792 5215 p.l.ll,
810 5153 840 5201 ut
857 5153 937 5202 etiam
948 5153 1070 5202 Garatoni
1082 5151 1174 5202 voluit:
1193 5152 1220 5202 to
1237 5156 1297 5216 toga
1307 5156 1331 5201 et
1343 5155 1480 5214 prosimu
1490 5151 1524 5211 C;
1541 5149 1569 5199 io
1579 5153 1639 5213 tego

305 5228 442 5285 pemseia
458 5222 612 5284 Turnebus:
629 5230 653 5275 ct
669 5227 696 5275 to
712 5231 772 5290 toga
784 5231 867 5288 praet.
886 5227 906 5277 0
924 5239 986 5278 cum
1003 5229 1152 5278 Garatonio.
1168 5251 1194 5263 —
1215 5228 1255 5276 tr.
1274 5230 1344 5277 secto
1360 5226 1423 5277 E-
1441 5226 1525 5277 clodio
1537 5237 1591 5276 om.
1605 5225 1638 5284 F:

308 5297 393 5348 ctostto
409 5300 429 5349 P
446 5323 474 5334 -
492 5299 530 5350 bis
545 5299 702 5352 Lambinus:
719 5301 828 5352 butruc
848 5328 874 5337 -
895 5301 1013 5352 deiooe
1029 5303 1088 5352 SL:
1108 5302 1217 5352 obtimi
1234 5303 1279 5353 EF
1289 5304 1323 5362 G,
1342 5301 1477 5352 Clodianae
1494 5300 1556 5352 edd.
1572 5300 1637 5350 vett.

309 5373 338 5424 et
348 5369 470 5436 ltlotzius,
490 5374 535 5437 qui
552 5374 646 5425 hebet:
664 5374 737 5425 buius
747 5381 775 5426 tu
787 5376 931 5438 Clodianae,
949 5379 978 5426 ut
990 5377 1078 5426 Garat.
1093 5375 1234 5440 aliquando
1245 5374 1334 5440 legere
1346 5373 1474 5427 voluerat.
1484 5403 1511 5412 -
1525 5376 1566 5427 49.
1578 5377 1640 5426 met

307 5447 374 5499 E·
392 5448 434 5501 66.
452 5450 747 5502 ιιιιᾶο--οοιιιαιιιιο
768 5465 821 5503 om.
841 5453 899 5512 is:
920 5452 1024 5517 primm
1046 5451 1147 5503 addidit
1167 5453 1295 5502 Gruterus
1317 5464 1349 5501 ex
1366 5450 1419 5501 Eri.
1438 5453 1466 5502 et
1481 5448 1561 5502 Palat.
1581 5461 1637 5500 see.

308 5522 417 5588 (behem
433 5525 513 5576 etiam
530 5526 586 5589 GP)
607 5552 634 5563 -
653 5526 695 5577 94.
714 5527 752 5578 roi
766 5541 792 5590 p.
810 5527 959 5578 consuendo
976 5525 1054 5576 atiert
1068 5527 1214 5578 Arusianus
1230 5539 1257 5591 p.
1276 5525 1324 5576 2⁴9
1341 5524 1416 5575 Lind.
1437 5551 1464 5562 -
1488 5539 1523 5576 oo
1539 5537 1584 5589 coc
1602 5525 1636 5574 G:

308 5597 348 5650 .K.
361 5599 558 5663 ocegoEPlli.
571 5601 707 5664 =chut;
725 5617 752 5654 v.
765 5600 837 5668 adp.
851 5601 907 5664 646,
920 5601 977 5665 iil:
995 5603 1087 5666 egos:
1106 5614 1160 5653 om.
1173 5602 1227 5652 F-
1240 5599 1281 5652 23.
1295 5601 1472 5658 arcemone
1486 5628 1514 5639 -
1531 5597 1639 5652 ibium

307 5684 360 5724 cm.
379 5674 396 5724 S
415 5699 442 5711 -
461 5673 566 5726 (44466463
582 5675 669 5726 50-
688 5676 729 5727 25.
744 5679 771 5728 io
787 5678 905 5741 teupisse
921 5676 1015 5728 EFG:
1032 5676 1060 5725 io
1077 5675 1167 5738 tempto
1184 5677 1243 5726 S-
1261 5673 1565 5736 scopulosorum:
1584 5672 1639 5724 luce

305 5750 331 5796 et
347 5746 439 5810 potem
459 5747 537 5799 codd.
557 5748 615 5802 rell.
632 5750 697 5800 noti.
726 5751 766 5802 Cl.
783 5764 810 5816 p.
829 5753 897 5803 Sest.
915 5750 931 5816 5
948 5751 989 5803 83.
1009 5749 1042 5803 de
1060 5751 1134 5802 Ollio.
1153 5751 1199 5813 ΙΙΙ,
1219 5750 1234 5814 5
1251 5749 1291 5801 93.
1317 5749 1405 5814 Antiq.
1424 5749 1500 5802 Rom.
1518 5742 1636 5802 dmum.

305 5819 357 5886 leg.
376 5822 418 5874 ed.
432 5822 517 5875 llaub.
529 5837 557 5889 p.
570 5825 602 5876 ’46
617 5825 706 5887 ριὶιιη
721 5825 785 5888 tuei;
804 5827 866 5878 add
884 5830 959 5878 occas
974 5825 1168 5887 viciaverat,
1186 5825 1202 5891 3
1218 5825 1260 5894 66.
1274 5851 1302 5862 -
1320 5825 1347 5874 46
1363 5822 1638 5889 cutem-pembr

305 5894 426 5950 habeta
444 5899 533 5954 -96
552 5898 740 5953 mucidis
758 5899 1122 5964 -rouosecoeuasc-
1141 5897 1618 5965 stammas-some.
