3800 7350
332 1351 455 1435 piimue
482 1369 597 1416 manus
623 1352 659 1420 ei
685 1352 852 1419 semdae
879 1354 1043 1420 tertinere
1062 1356 1219 1421 aoeurate
1239 1352 1539 1442 distinguerem,
1568 1371 1632 1439 qua

331 1490 368 1537 re
399 1471 499 1556 phne
527 1477 705 1559 perspecta
732 1475 881 1560 quaestio
908 1474 1113 1557 difficillima,
1145 1472 1187 1541 de
1216 1493 1281 1560 qua
1307 1475 1458 1541 Boionius
1482 1476 1517 1540 in
1543 1474 1632 1542 Neri

329 1594 433 1658 nne
452 1590 606 1660 suenni
627 1572 703 1660 vei.
717 1593 837 1679 unu,
858 1614 891 1681 p.
908 1592 986 1661 eei
1010 1614 1082 1682 sqq.
1100 1593 1415 1681 desomnem
1434 1601 1472 1663 en
1490 1591 1633 1663 aare·

330 1713 472 1781 retrudere
485 1712 606 1781 noem
621 1733 686 1780 orsa
698 1714 779 1781 deor
793 1716 904 1782 eodem
916 1713 1102 1783 Famem
1122 1733 1216 1782 nom.
1232 1712 1340 1783 ⁷⁷94
1359 1715 1634 1803 vindemietur)

331 1835 418 1923 egit,
438 1834 576 1901 submta
596 1838 667 1922 est,
688 1835 765 1921 quid
786 1835 996 1903 statuendum
1017 1841 1108 1902 esset
1129 1835 1171 1901 de
1192 1838 1319 1924 aliquot
1337 1838 1466 1904 lacunis
1485 1840 1520 1905 in
1534 1837 1634 1905 esn-

329 1956 414 2037 sinm,
434 1974 520 2042 quae
540 1975 562 2023 a
581 1957 723 2026 libralis
745 1959 985 2043 posterioribus
1004 1959 1039 2024 in
1059 1957 1175 2026 eodiee
1189 1959 1343 2043 expletae
1363 1959 1538 2045 apprrani.
1567 1957 1633 2041 Qui

330 2080 413 2145 enim
434 2078 652 2166 intellexerit,
674 2080 828 2165 quotiens
849 2081 883 2146 in
903 2079 968 2148 nne
988 2078 1103 2148 codiee
1124 2080 1213 2146 lavia
1233 2080 1316 2145 uitia
1335 2081 1370 2146 in
1390 2080 1531 2166 singuiis
1551 2098 1634 2146 rer·

332 2199 382 2265 isia
402 2200 573 2266 sumre
594 2218 698 2286 prave
719 2220 740 2267 a
761 2201 904 2268 librariis
932 2202 1171 2287 posterioribus
1190 2204 1342 2269 correcta
1361 2203 1443 2286 sint,
1470 2202 1524 2287 qui
1552 2199 1633 2267 iliud

328 2323 550 2408 reputaverit,
572 2339 615 2388 ex
636 2323 786 2389 omnibus
798 2322 935 2409 reliquis
955 2324 1065 2408 libris,
1086 2323 1204 2409 quibus
1218 2321 1352 2389 eaedem
1366 2324 1534 2389 orationes
1547 2341 1633 2390 eon·

329 2444 490 2527 tinemut,
516 2442 595 2508 niinil
621 2443 693 2510 iere
719 2442 856 2510 subsidii
882 2442 926 2510 ad
954 2445 1150 2530 seriptura-
1177 2443 1410 2511 emendandam
1433 2446 1500 2528 peti
1522 2464 1632 2529 posse,

329 2565 358 2629 is
379 2563 442 2631 iioe
462 2565 578 2630 saltem
600 2563 762 2633 concedet
783 2564 825 2632 de
847 2566 912 2631 iliis
932 2564 1015 2632 loeis
1036 2565 1218 2653 lacunosis‚
1240 2567 1294 2651 qui
1316 2566 1349 2630 in
1370 2565 1462 2631 libris
1479 2566 1631 2631 Parisino

328 2686 430 2774 longe
451 2683 670 2753 deterioribus
691 2687 816 2773 expleti
837 2690 925 2773 sunt,
946 2684 1118 2753 admodum
1138 2689 1237 2753 eante
1255 2678 1463 2753 iudicandum
1480 2705 1567 2770 esee,
1588 2707 1632 2755 ne

329 2796 435 2865 medio
457 2797 546 2881 eund
560 2802 683 2868 vorent
705 2818 791 2868 aevo
811 2798 969 2868 eonieeio
989 2816 1051 2883 pro
1072 2796 1232 2866 Tullianis
1251 2799 1473 2866 venditentur.
1503 2800 1545 2869 ln
1567 2820 1633 2871 iuna

328 2924 437 2990 umen
459 2921 628 3005 oratione,
647 2940 741 3007 uuam
763 2918 881 2991 Cicero
902 2920 1017 2989 habuit
1037 2939 1110 2988 eum
1131 2925 1211 3007 post
1231 2919 1371 2987 reditum
1392 2938 1435 2988 ex
1453 2923 1552 2988 exilio
1572 2941 1632 2989 sa-

327 3045 421 3112 nutui
441 3045 571 3131 gretias
591 3047 679 3132 egit,
699 3041 766 3110 duo
784 3041 920 3112 eodioes
935 3060 957 3108 a
972 3042 1067 3109 nabis
1087 3041 1253 3127 usurpati,
1274 3041 1375 3123 alter,
1397 3061 1461 3127 qus
1475 3044 1538 3112 iam
1552 3064 1632 3111 usus

329 3167 381 3232 eut
401 3164 579 3249 Pithoeus,
601 3183 642 3232 ex
664 3163 864 3235 biniiotneea
886 3163 1056 3246 Palatina,
1076 3166 1114 3231 ut
1127 3160 1269 3247 ridetur,
1291 3164 1428 3247 petitus,
1450 3165 1537 3233 aiter
1555 3164 1631 3231 Er-

325 3288 553 3376 langensls
578 3304 599 3352 a
627 3286 724 3353 nonis
745 3282 1086 3371 primoomnium,
1111 3285 1237 3369 aliquot
1258 3284 1364 3352 bonae
1382 3285 1543 3353 lectiones
1566 3285 1631 3351 iia-

325 3410 422 3490 bent‚
450 3424 535 3492 quse
562 3408 811 3480 manaverinine
837 3425 881 3474 ex
907 3406 1002 3473 fonte
1028 3406 1126 3474 etiam
1149 3406 1300 3491 puriore,
1320 3425 1365 3473 an
1384 3407 1452 3473 sint
1472 3406 1631 3476 emenda·

326 3532 434 3596 tiones
460 3530 566 3597 eritioi
594 3530 810 3619 intelligentis
836 3526 989 3596 dubitare
1018 3529 1137 3612 possis.
1185 3526 1257 3594 Nou
1283 3526 1411 3614 quidem
1437 3547 1526 3596 nuno
1547 3530 1631 3596 sutis

325 3650 482 3721 habemus
511 3670 578 3722 reni
613 3652 782 3742 iuligine,
812 3648 873 3719 sed
902 3648 1006 3740 dignu
1031 3646 1165 3715 videtur
1190 3647 1233 3716 de
1258 3667 1324 3736 qua
1352 3650 1407 3717 alii
1439 3648 1631 3740 diligentius

325 3779 494 3861 quaeruut.
536 3774 675 3845 Praeter
702 3773 887 3842 Parisiorum
914 3773 949 3843 in
975 3770 1097 3839 eisdem
1120 3772 1323 3840 orationibus
1343 3771 1513 3840 habuimus
1533 3770 1630 3839 eodi-

324 3916 393 3966 oen
409 3896 572 3981 nuendum
584 3895 924 3966 ilenblaoensem
933 3943 943 3984 ‚
965 3911 1054 3962 naue
1071 3892 1321 3961 Bruxellensem
1336 3913 1422 3959 num
1436 3890 1554 3980 5346,
1574 3895 1630 3978 uni

324 4021 360 4085 ut
382 4021 482 4109 longe
503 4023 556 4086 esi
577 4018 714 4085 inferior
735 4015 905 4099 Parisino,
925 4016 973 4081 ita
995 4017 1116 4083 esteris
1137 4018 1247 4080 umen
1266 4013 1453 4101 codicibus,
1475 4018 1530 4098 qul
1550 4034 1629 4082 eas-

324 4141 396 4208 don
425 4143 593 4210 orationes
619 4139 762 4226 habent,
790 4136 888 4203 facile
918 4138 1077 4221 praestat·
1120 4133 1184 4216 Qui
1210 4139 1318 4201 autem
1347 4135 1470 4203 laetum
1499 4139 1562 4224 rii,
1593 4142 1629 4203 ui

328 4264 467 4331 uuillen
489 4264 578 4330 illum
599 4262 860 4330 ilerdensem
881 4277 966 4324 num
991 4254 1082 4340 104,
1104 4275 1215 4343 quem,
1237 4259 1424 4344 priusquam
1446 4257 1628 4327 Parisinuau

323 4385 387 4468 ipsi
409 4385 659 4467 tentassemus,
692 4378 841 4453 sedicem
862 4379 985 4458 primae
1006 4381 1106 4445 notae
1127 4377 1310 4447 habendum
1333 4398 1408 4449 esse
1428 4384 1629 4467 putaremur,

326 4524 465 4589 prorsus
485 4504 715 4588 obtineremus,
736 4504 799 4574 iau
820 4518 922 4586 supra
942 4520 976 4587 p.
997 4503 1015 4567 l
1035 4499 1211 4568 iudieairnn
1233 4506 1294 4568 est

407 4745 659 4817 Orationem
686 4744 961 4815 Pisonianam
989 4744 1123 4811 saecun
1143 4740 1210 4809 XV
1237 4761 1259 4810 a
1285 4742 1416 4835 Poggin
1440 4734 1479 4820 ¹in
1498 4746 1629 4814 ltaliam

326 4876 526 4957 repuriutarn
548 4886 624 4936 asse
645 4869 708 4935 inm
728 4867 877 4935 diximus.
902 4846 1028 4934 Postea
1049 4868 1159 4930 tamen
1178 4883 1299 4956 magna
1319 4869 1391 4932 eius
1409 4883 1487 4951 pars
1500 4861 1561 4947 (88
1576 4864 1630 4935 32

325 4986 441 5064 *74)
458 4993 595 5058 inventa
614 4994 666 5055 est
686 4991 721 5055 in
735 4987 850 5056 codiee
866 4988 923 5052 iiio
938 4987 1063 5074 inclyto
1079 4986 1261 5054 tabulariae
1275 4989 1431 5056 basilicae
1445 4987 1630 5056 vaticanae

326 5117 361 5179 et
381 5116 496 5179 nostru
516 5115 628 5180 aetate
647 5112 772 5196 alluunt
786 5110 974 5197 fragmenta
992 5110 1026 5175 in
1044 5109 1259 5194 palimpsesto
1274 5108 1480 5176 laurinensi.
1503 5108 1631 5193 Quibus

325 5237 477 5322 pariibrm
497 5232 638 5302 deiectis
658 5237 695 5298 ut
717 5231 878 5318 permulta
900 5229 1060 5296 orationis
1079 5227 1197 5296 menda
1211 5232 1363 5297 correcta
1382 5233 1476 5315 suni,
1498 5231 1545 5294 iia
1565 5228 1629 5297 liae

326 5357 533 5428 nanifestam
562 5356 684 5423 iselam
710 5359 762 5421 est
783 5350 826 5420 ud
847 5351 992 5436 reliquas
1013 5350 1173 5418 orationis
1193 5353 1309 5434 partes
1326 5348 1548 5417 emendandas
1567 5368 1629 5418 eo-

325 5477 416 5546 dieos
443 5479 602 5562 vulgares
631 5495 699 5542 non
726 5473 897 5559 sulficere,
922 5471 984 5539 sed
1011 5473 1075 5539 arii
1104 5472 1239 5538 unitione
1266 5473 1419 5541 maiorem
1446 5473 1479 5540 ln
1500 5470 1628 5539 modum

324 5598 600 5668 incendendum
630 5616 715 5665 esse.
758 5595 840 5665 Nam
868 5593 1002 5662 eodiees
1023 5591 1237 5662 Germanicos
1263 5612 1408 5680 quoque,
1437 5610 1628 5680 quamquam

324 5722 491 5812 alquanto
520 5721 671 5788 meliores
698 5721 796 5805 sunt,
826 5734 868 5784 ex
898 5713 1013 5784 eodem
1041 5714 1135 5781 fonte
1156 5733 1308 5784 manans
1329 5735 1373 5786 ex
1394 5735 1458 5803 quo
1479 5733 1628 5803 apogra-
