3800 7350
303 1164 318 1233 l
324 1166 385 1234 204
716 1168 867 1236 ORATIO
888 1168 967 1235 PRO
990 1167 1029 1245 Q.
1051 1168 1215 1236 LIGARIO

300 1337 386 1422 apud
414 1345 577 1421 parentem
599 1337 730 1421 loquor:
765 1341 928 1414 «Erravit,
961 1348 1077 1404 temere
1107 1338 1197 1415 tecit,
1229 1338 1386 1421 paenitet;
1417 1338 1457 1401 ad
1484 1336 1629 1400 clemen·

302 1432 377 1497 tiam
399 1440 485 1496 tuam
506 1430 671 1515 confugio,
693 1431 801 1495 delicti
822 1433 946 1497 veniam
967 1440 1059 1517 peto,
1089 1440 1126 1497 ut
1145 1433 1328 1516 ignoscatur
1348 1452 1432 1495 oro.»
1472 1430 1507 1494 Si
1530 1449 1628 1494 nemo

303 1527 497 1610 impetravit,
518 1532 715 1609 arroganter:
738 1526 765 1588 si
787 1527 932 1610 plurimi,
953 1534 987 1591 tu
1011 1526 1095 1589 idem
1115 1524 1164 1589 ter
1184 1545 1287 1611 opem,
1309 1524 1364 1608 qni
1386 1544 1477 1607 spem
1495 1521 1628 1587 dedisti.

302 1615 354 1684 dl.
368 1622 417 1683 An
438 1619 584 1705 sperandi
605 1618 730 1701 Ligario
754 1638 848 1683 causa
869 1639 934 1682 non
955 1621 1012 1696 sit,
1034 1640 1103 1683 cum
1125 1618 1201 1683 mibi
1223 1619 1308 1704 apud
1324 1626 1355 1682 te
1369 1617 1458 1683 locus
1473 1620 1517 1683 sit
1530 1617 1629 1682 etiam

277 1720 360 1798 ipro
387 1713 486 1777 altero
515 1712 727 1797 deprecandi?
761 1733 954 1797 quamquam
975 1715 1088 1777 necin
1109 1713 1169 1776 bec
1190 1714 1334 1778 oratione
1355 1731 1428 1795 spes
1450 1720 1499 1777 est
1520 1711 1629 1795 posita

303 1826 433 1882 causac,
453 1825 513 1870 nec
532 1807 566 1869 in
589 1827 698 1870 eorum
720 1806 845 1880 studiis,
868 1808 923 1891 qui
937 1828 956 1871 a
969 1815 1000 1872 te
1016 1827 1074 1890 pro
1089 1808 1214 1890 Ligario
1228 1814 1358 1891 petunt,
1380 1805 1426 1870 tui
1439 1801 1627 1879 necessarii.

302 1901 358 1963 xl.
379 1898 453 1965 Vidi
485 1898 570 1962 enim
602 1907 634 1963 et
662 1900 813 1983 cognovi,
844 1901 920 1983 quid
949 1901 1085 1964 maxime
1110 1908 1285 1983 spectares,
1316 1921 1388 1965 cum
1409 1918 1469 1981 pro
1490 1895 1628 1961 alicuius

302 1993 404 2058 salute
433 1993 524 2057 multi
552 1993 751 2057 laborarent:
785 2013 896 2058 causas
927 1995 1012 2078 apud
1042 2003 1072 2058 te
1108 1995 1284 2077 rogantium
1317 1994 1521 2078 gratiosiores
1554 2010 1628 2056 esse
1655 2069 1660 2077 Ι

303 2105 398 2171 qnam
420 2086 540 2162 vullus;
562 2107 666 2171 neque
689 2094 720 2151 te
742 2095 901 2171 spectare,
924 2108 1019 2173 quam
1042 2096 1113 2152 tuus
1135 2094 1218 2151 esset
1239 2087 1434 2152 necessarius
1455 2088 1501 2163 is,
1524 2084 1628 2171 quite

267 2190 295 2236 ⁴⁰
303 2186 423 2255 oraret,
452 2180 507 2244 sed
535 2200 631 2265 qnam
658 2181 761 2257 illius,
790 2201 848 2266 pro
877 2203 940 2266 quo
968 2182 1135 2245 laboraret.
1169 2182 1280 2266 ltaque
1302 2181 1414 2245 tribuis
1436 2185 1471 2244 tu
1494 2177 1627 2264 quidem

302 2274 366 2339 tuis
387 2274 432 2337 its
452 2274 566 2350 mults,
587 2282 624 2338 nt
644 2274 721 2338 mihi
742 2276 900 2339 beatiores
922 2276 969 2340 illi
985 2275 1153 2339 videantur
1173 2273 1350 2350 interdum,
1372 2277 1427 2359 qui
1442 2283 1495 2340 tua
1508 2275 1629 2337 libera·

300 2368 391 2432 litate
417 2366 582 2443 fruuntur,
603 2388 698 2452 quam
719 2377 754 2434 tu
775 2368 860 2452 ipse,
883 2369 937 2453 qui
959 2369 1023 2432 illis
1045 2375 1108 2433 tarn
1129 2368 1227 2431 multa
1247 2368 1419 2444 concedam
1452 2364 1508 2432 sed
1529 2366 1628 2431 video

302 2469 407 2526 tamen
434 2460 518 2547 apud
546 2468 577 2525 te
604 2480 731 2537 causas,
753 2471 788 2525 nt
809 2460 894 2537 dixi,
917 2463 1021 2527 valere
1042 2462 1115 2545 plus
1137 2480 1231 2545 quam
1253 2481 1381 2544 preces,
1403 2461 1443 2525 ab
1464 2460 1574 2546 iisque
1595 2466 1628 2523 te

303 2554 423 2618 moveri
445 2555 598 2629 maxime,
620 2574 754 2636 quorum
774 2554 981 2619 iustissimum
1002 2555 1110 2619 videas
1132 2554 1274 2619 dolorem
1296 2556 1330 2618 in
1350 2555 1499 2639 petendo.

267 2660 295 2707 ss
386 2644 439 2711 33.
461 2649 497 2711 ln
519 2647 558 2724 Q.
580 2647 706 2730 Ligario
728 2648 943 2713 conservando
966 2649 1073 2712 multis
1101 2656 1135 2712 tu
1156 2648 1285 2732 quidem
1306 2656 1427 2731 gratum
1449 2648 1549 2714 iacies
1572 2668 1630 2713 ne·

303 2741 448 2805 cessariis
470 2740 551 2817 tuis,
580 2740 636 2805 sed
658 2741 732 2818 boc,
755 2762 891 2827 quaeso,
920 2742 1102 2816 considera,
1124 2743 1210 2827 qnod
1232 2742 1327 2806 soles.
1366 2744 1499 2808 Possum
1520 2742 1630 2807 tortis·

304 2835 401 2898 simos
422 2835 524 2910 viros,
547 2834 698 2910 Sabinos,
721 2836 778 2899 tibi
798 2835 1049 2920 probatissimos,
1072 2843 1239 2920 totumque
1259 2855 1368 2920 agrum
1385 2835 1549 2909 Sabinum,
1571 2831 1630 2899 llo-

302 2946 371 2991 rem
401 2928 509 2991 ltaliae
540 2948 578 2993 ao
604 2928 702 2992 robur
727 2929 774 2992 rai
801 2927 947 3013 publicae
974 2950 1159 3014 proponere.
1196 2929 1286 2994 Nosti
1313 2928 1449 3014 optimos
1468 2928 1629 2993 homines.

303 3020 524 3085 Animadverte
551 3021 665 3086 borum
694 3022 836 3086 omnium
858 3022 1045 3088 maestitiam
1067 3030 1100 3087 et
1120 3023 1278 3087 dolorem:
1307 3021 1403 3086 huius
1424 3023 1460 3084 T.
1482 3022 1629 3097 Broecbi,

266 3115 345 3180 esee
366 3134 431 3200 quo
453 3135 517 3179 non
538 3115 647 3179 dubito
678 3115 754 3201 quid
773 3116 945 3192 existimes,
967 3116 1109 3181 lacrimas
1129 3117 1374 3201 squaloremque
1393 3116 1496 3199 ipsine
1517 3112 1629 3181 attilii

304 3208 404 3273 vides.
445 3205 498 3271 33.
520 3208 604 3285 Quid
635 3207 674 3271 de
702 3207 849 3273 iratribus
878 3209 1002 3273 dinami
1034 3210 1123 3284 Noli,
1154 3208 1284 3286 Caesar,
1313 3217 1441 3292 putare,
1469 3208 1510 3272 de
1530 3209 1629 3272 unius

305 3304 409 3386 capite
436 3321 495 3366 nos
522 3321 624 3384 agere.
658 3304 722 3365 Aut
749 3310 813 3367 tres
844 3303 901 3366 tibi
928 3302 1046 3384 Ligarii
1074 3302 1232 3366 retinendi
1259 3304 1294 3366 in
1315 3302 1441 3367 civitate
1469 3306 1629 3366 cuntant

306 3405 370 3460 tres
398 3415 439 3459 ex
466 3390 591 3460 civitate
617 3395 856 3468 exterminandi.
890 3398 970 3459 Nam
997 3395 1131 3478 quodvis
1159 3396 1305 3460 exsilium
1332 3396 1383 3460 bis
1411 3403 1460 3460 eet
1487 3395 1628 3481 optatius

308 3509 403 3575 quam
423 3488 540 3572 patrie,
562 3510 656 3573 qoam
678 3490 802 3563 domus,
823 3490 964 3571 quamdi
984 3497 1131 3571 penates,
1152 3510 1216 3553 uno
1236 3491 1292 3553 illo
1306 3488 1482 3554 exsulante.
1515 3489 1550 3552 Si
1563 3487 1628 3551 fra·

268 3591 405 3658 eterne,
426 3584 453 3646 si
474 3583 535 3665 pie,
557 3582 584 3645 si
602 3582 801 3646 cumdolore
822 3582 953 3656 iaciunt,
974 3591 1120 3645 moveant
1141 3582 1307 3647 taborum
1328 3581 1486 3656 lacrimae,
1499 3586 1628 3645 moveat

306 3680 417 3764 pietas,
432 3685 558 3742 moreat
572 3678 775 3761 germanitas;
797 3678 901 3742 volem
921 3685 977 3740 tua
988 3697 1052 3740 vox
1072 3677 1138 3753 illa,
1160 3696 1241 3762 quae
1256 3679 1338 3741 vicit.
1361 3679 1405 3739 Te
1420 3677 1505 3739 enim
1519 3672 1626 3738 dicere

220 3818 222 3827 ·
306 3773 519 3848 audiebamus,
540 3792 599 3835 nos
621 3791 730 3836 omnes
753 3769 949 3834 adversarios
971 3777 1092 3854 putare,
1113 3772 1176 3835 nisi
1194 3772 1250 3855 qui
1269 3771 1435 3835 nobiscum
1449 3775 1572 3844 essent,
1593 3775 1627 3831 te

306 3887 430 3942 omnes,
452 3867 508 3951 qui
528 3873 637 3930 contra
658 3872 690 3930 te
711 3884 776 3928 non
795 3871 915 3939 essent,
937 3871 1019 3928 tuos.
1050 3864 1187 3930 Videsne
1209 3865 1305 3948 igitur
1317 3864 1404 3928 buno
1424 3862 1627 3949 splendorem

306 3961 459 4036 omnium,
479 3960 561 4024 hanc
581 3958 795 4022 Brocchorum
817 3958 960 4034 domum,
982 3957 1067 4022 hunc
1089 3960 1124 4022 L.
1145 3959 1307 4035 Marcium,
1331 3958 1364 4023 C.
1380 3957 1568 4034 Caesetium,
1589 3956 1626 4019 L.

716 4222 724 4251 t

306 4282 368 4335 illud
384 4284 428 4348 cpi
443 4283 502 4334 solet
518 4282 576 4333 est:
594 4295 627 4332 er
645 4283 776 4334 conuerte
792 4282 922 4332 sententia
938 4282 980 4332 sed
996 4294 1041 4346 ego
1057 4281 1092 4330 cd
1105 4285 1235 4343 poremem
1250 4280 1411 4344 borracum
1422 4279 1554 4344 facillime,
1567 4283 1624 4333 tom

305 4361 440 4425 aptissime
456 4355 606 4420 intelligitur
621 4357 735 4420 bouem
750 4355 885 4425 (sunem).
914 4355 953 4407 Ct.
972 4369 1040 4420 quae
1057 4356 1177 4420 proxime
1194 4354 1375 4420 praecedunt:
1396 4357 1435 4407 Ne
1449 4356 1510 4407 boec
1526 4357 1625 4420 ρυίὼω

304 4434 407 4498 oedipo,
433 4444 497 4496 quoe
517 4432 624 4495 tortam
642 4432 792 4483 veterent
815 4431 891 4482 etiem
910 4431 980 4494 opud
999 4430 1104 4482 ladmen
1120 4432 1188 4482 cet.»
1211 4433 1370 4483 Wrsrasrao
1386 4432 1420 4483 ed
1437 4445 1476 4484 or.
1494 4446 1521 4497 p.
1540 4433 1624 4483 Sestio

305 4521 333 4572 p.
350 4508 382 4557 00
399 4520 425 4557 n.
452 4505 549 4557 Similia
565 4508 627 4556 ante
644 4519 707 4558 eum
722 4506 895 4557 adnotaverat
911 4507 1077 4567 Garatonius,
1095 4507 1138 4556 eui
1155 4506 1227 4556 recte
1244 4504 1374 4569 glossema
1391 4504 1624 4569 exsuperioribus

306 4583 340 4644 (v.
352 4581 393 4644 it)
405 4581 439 4631 od
451 4585 582 4644 peresum
596 4581 632 4632 sic
647 4583 691 4646 agi
706 4582 765 4632 solet
781 4581 923 4633 confictum
941 4580 1088 4632 videtur.-
1109 4581 1133 4632 l.
1146 4580 1215 4643 epod
1225 4580 1285 4630 GE:
1302 4581 1403 4631 ado-
1417 4581 1626 4643 mactatum

303 4655 361 4719 [ecit
377 4654 437 4706 cod.
448 4655 606 4707 Pitboeanus
619 4668 681 4707 eum
692 4654 850 4718 quibusdam
862 4653 930 4707 aliis:
948 4655 1057 4716 Εηαυί,
1075 4654 1221 4718 macrescat
1232 4654 1313 4706 GEO.
1333 4655 1400 4706 Vide
1410 4654 1523 4718 iladvig.
1533 4655 1623 4718 opusc.

304 4729 611 4794 ocod.1,p.200sq.-
626 4731 858 4794 maturesc-
875 4733 900 4782 2.
917 4731 1063 4795 ignoscatur
1079 4732 1142 4781 GE:
1159 4731 1274 4794 tgooma
1290 4730 1350 4780 0-
1368 4729 1394 4781 3.
1411 4731 1545 4807 lespoeomt
1560 4732 1622 4781 G-

305 4806 456 4866 cerogoater
468 4808 525 4865 peto
540 4806 562 4855 si
578 4806 597 4856 C
617 4833 645 4842 -
664 4811 693 4855 tu
708 4805 742 4855 do
757 4806 876 4869 mutem,
895 4807 938 4869 gol
954 4819 1021 4869 spon
1037 4806 1123 4856 dedisti
1138 4807 1256 4856 Donatus
1273 4804 1307 4855 ad
1324 4805 1429 4858 Terent.
1446 4804 1529 4857 Andr.
1543 4805 1580 4868 Il,
1599 4806 1624 4868 l,

306 4877 338 4926 49
355 4889 387 4926 er
405 4879 587 4929 memoria.=-
614 4879 639 4930 i.
655 4880 695 4931 Aa
714 4880 1134 4944 paona--eeprmnaeauort
1155 4877 1327 4940 Quintilianus
1347 4879 1378 4942 V,
1398 4880 1438 4942 to,
1456 4879 1497 4931 93.
1517 4907 1546 4918 -
1567 4892 1626 4943 epe-

304 4951 683 5005 roodidecoracaoaertlc
703 4977 730 4990 -
750 4955 920 5006 saxon:
943 4956 1103 5018 aequeo-
1123 4956 1300 5006 rctioaeE-
1324 4953 1625 5018 peasacmere

307 5050 334 5060 -
353 5026 378 5076 8.
395 5027 519 5090 putas
534 5029 564 5079 13¹
582 5055 610 5067 -
628 5029 652 5080 9.
670 5030 753 5081 outtm
769 5030 806 5081 C:
830 5043 916 5094 preces
931 5032 995 5093 GE,
1013 5031 1061 5082 sed
1078 5031 1105 5081 in
1121 5030 1141 5081 E
1158 5030 1368 5095 superscriptum
1385 5030 1427 5080 eat
1442 5025 1623 5080 «salvaltor».

305 5101 371 5152 Vide
387 5103 546 5166 Madvigium
562 5103 650 5165 Opem.
667 5104 741 5154 acad.
760 5103 805 5154 ott.
823 5116 849 5168 p.
868 5103 915 5156 eoi
931 5118 973 5170 eq.
992 5130 1020 5142 -
1044 5118 1122 5167 oeque
1137 5104 1164 5154 id
1179 5110 1323 5168 esspeetm
1338 5106 1372 5165 Gi
1390 5102 1449 5155 tort.
1466 5116 1545 5167 sepse
1560 5103 1588 5154 td
1601 5107 1626 5154 te

304 5180 415 5239 mutare
433 5203 460 5213 -
478 5178 500 5228 ir
516 5179 604 5227 omi}
622 5204 649 5214 -
668 5180 709 5230 to.
727 5179 812 5242 mom]
829 5191 881 5241 ouo
896 5180 1012 5231 corr.ab
1030 5181 1125 5231 eadem
1142 5192 1223 5231 mann
1239 5181 1266 5230 in
1283 5193 1347 5244 qaae
1363 5180 1423 5231 E·
1440 5171 1515 5244 ttltos]
1530 5191 1626 5244 rupen

305 5252 434 5317 scriptum
456 5250 490 5302 ab
512 5251 608 5303 eadem
629 5264 666 5303 m.
684 5267 763 5304 caeso
779 5255 807 5304 in
823 5254 843 5304 E
861 5279 888 5289 -
912 5258 940 5304 to
956 5267 1010 5306 om.
1029 5255 1094 5313 GE,
1122 5253 1171 5305 sed
1187 5254 1247 5305 vide
1266 5255 1425 5317 Madvigium
1442 5254 1530 5316 Opere.
1548 5255 1622 5304 ocod.

306 5324 518 5390 cupam.
539 5327 995 5380 -ll.ttoom.E-muttamc
1015 5327 1326 5388 -illlc:esseitlt1·2;
1346 5328 1622 5380 essedo-ts.

305 5400 426 5463 [meam
442 5402 461 5451 C
480 5427 508 5436 -
529 5401 765 5454 coacedovGEC:
787 5403 934 5454 occumbo
953 5429 981 5439 -
1005 5402 1044 5453 43.
1063 5402 1131 5465 opud
1151 5406 1175 5451 te
1194 5414 1285 5452 mures
1302 5401 1400 5451 stdtzt
1415 5401 1501 5453 actm
1517 5400 1622 5452 GE¹C:

307 5475 375 5538 opud
391 5476 721 5540 terogcottaaacoosusst
737 5477 892 5530 disiectae
908 5473 953 5538 13¹3
972 5478 1199 5541 cpudoecwoe,
1215 5477 1326 5539 adici,
1344 5476 1624 5542 rogosttemoetere'o

310 5548 1622 5615 -obtsqaee030bbtsqoeli—tl.mouereC-uldeoedotoremGE:doloremeideos0-

300 5624 347 5674 ¹⁴5.
367 5622 407 5688 Q.]
426 5624 511 5688 quieto
527 5625 548 5676 Ε
567 5652 594 5663 -
613 5627 654 5677 48.
672 5627 775 5689 οριίωοε
791 5628 856 5678 GE:
876 5627 966 5691 optem
982 5629 1002 5678 0
1021 5652 1048 5662 —
1067 5628 1108 5678 49.
1127 5627 1164 5694 9.]
1181 5626 1220 5678 etti
1236 5627 1286 5678 GE
1304 5652 1331 5663 -
1349 5627 1392 5677 90.
1410 5625 1512 5689 quedl}
1529 5649 1559 5664 -
1576 5637 1625 5677 eo-

306 5698 1625 5766 mmo-emwmuaorc-se.mles-muezomo-wttvome-stet

308 5772 1624 5834 e:oqu-muaeo-ee.uom.c-se.omstuao1‹::onmemco-mootm

309 5846 756 5913 05meomli¹3mamw=
775 5852 943 5910 maeno.
1013 5884 1015 5889 -
