3800 7350
735 1233 809 1297 cu.
831 1234 967 1297 ru-v.
995 1232 1041 1317 §s
1063 1229 1191 1297 7-ra.
1542 1215 1624 1287 ner

302 1421 352 1464 me
374 1401 413 1464 ad
436 1408 558 1485 tempus
579 1420 781 1465 occursurum
802 1422 866 1465 non
889 1410 1049 1486 putarem,
1077 1402 1132 1465 sed
1155 1422 1194 1466 ne
1216 1400 1338 1464 tardius
1360 1418 1454 1483 quam
1477 1413 1624 1479 cuperem

300 1496 347 1559 rei
378 1496 525 1580 publicae
557 1495 739 1578 gratularer.
783 1497 886 1579 htque
915 1516 975 1579 ego
1004 1498 1147 1560 celeriter
1167 1495 1290 1559 Veliam
1320 1494 1469 1557 devectus
1494 1492 1623 1552 Brutum

299 1588 386 1652 ridi:
407 1596 527 1671 quanto
550 1608 621 1652 meo
643 1588 765 1664 dolore,
794 1609 856 1653 nou
888 1589 970 1652 dico.
1003 1593 1109 1674 Turpe
1130 1590 1208 1653 mihi
1229 1589 1291 1672 ipsi
1311 1585 1476 1650 videbatur
1496 1584 1531 1645 in
1552 1601 1621 1644 eam

299 1682 409 1744 urbem
432 1701 482 1745 me
503 1682 619 1746 audere
642 1684 773 1759 reverti,
796 1703 836 1748 ox
857 1703 921 1767 qua
942 1686 1057 1747 Brutus
1079 1683 1221 1759 cederet,
1244 1689 1277 1746 et
1295 1681 1339 1745 ibi
1354 1679 1437 1744 rollo
1457 1686 1525 1743 tuto
1540 1694 1621 1748 esse,

298 1775 352 1838 ubi
378 1773 433 1838 ille
455 1795 521 1838 non
551 1785 669 1859 posset.
711 1779 821 1862 Neque
843 1798 918 1841 uero
939 1777 1029 1840 illum
1052 1778 1200 1841 similiter
1220 1785 1316 1860 atque
1337 1777 1406 1857 ipse
1427 1792 1511 1836 eram
1534 1783 1649 1833 com-o

299 1876 418 1933 motum
444 1889 514 1933 esse
542 1869 628 1933 vidi:
661 1880 786 1935 erectus
813 1872 897 1934 enim
928 1871 1056 1935 maximi
1086 1891 1123 1934 ac
1152 1869 1354 1954 pulcherrimi
1376 1865 1449 1932 iacti
1472 1866 1521 1930 sui
1543 1883 1620 1927 con·

298 1963 430 2028 scientia
453 1963 532 2027 nihil
554 1964 594 2028 de
616 1984 675 2028 suo
697 1985 788 2040 casu,
820 1965 919 2028 multa
940 1965 980 2028 de
1003 1974 1109 2028 vestro
1131 1963 1330 2048 querebatur.
1374 1957 1424 2023 10.
1445 1961 1558 2042 Exque
1579 1976 1620 2020 eo

297 2057 431 2142 primum
460 2059 594 2141 cognovi
622 2078 705 2142 quae
731 2058 884 2122 Kalendis
913 2058 1087 2121 Sextilibus
1117 2059 1150 2119 in
1173 2063 1285 2121 senatu
1305 2055 1416 2119 fuisset
1437 2054 1472 2115 L.
1494 2050 1618 2115 Pisonis

297 2150 415 2213 oratio:
439 2151 492 2234 qui
515 2172 705 2235 quamquam
727 2173 836 2235 parum
860 2159 989 2216 erat-
1010 2151 1041 2214 id
1064 2151 1148 2214 enim
1169 2152 1273 2234 ipsum
1295 2169 1315 2213 n
1335 2153 1433 2212 Bruto
1454 2145 1617 2210 audieram

295 2263 378 2306 —a
404 2245 519 2328 quibus
549 2245 700 2309 debuerat
726 2248 871 2321 adiutus,
898 2254 1004 2310 tamen
1027 2253 1058 2310 et
1079 2246 1166 2309 Bruti
1189 2243 1433 2308 testimonio-
1455 2260 1519 2324 quo
1541 2235 1656 2321 quidro

295 2344 402 2421 potest
429 2357 500 2402 esse
527 2339 676 2421 gravius?
707 2374 749 2387 —
778 2349 808 2403 et
839 2340 979 2404 omnium
1002 2340 1253 2423 praedicatione,
1286 2356 1369 2422 quos
1397 2342 1508 2418 postea
1537 2329 1619 2406 vidi,

296 2450 440 2513 maguam
468 2432 546 2495 mihi
574 2432 740 2496 ridebatur
767 2433 897 2516 gloriam
925 2439 1125 2498 consecutus.
1168 2433 1260 2496 Hunc
1288 2433 1383 2515 igitur
1410 2436 1446 2491 ut
1467 2444 1620 2509 sequerer

295 2526 480 2608 properavi,
508 2545 601 2610 quem
624 2535 806 2609 praesentes
827 2546 892 2589 non
914 2535 988 2590 suut
1009 2528 1125 2601 secuti,
1152 2546 1216 2589 nou
1237 2534 1273 2589 nt
1293 2522 1476 2610 proficerem
1498 2518 1618 2603 aliquid

294 2651 337 2666 -
358 2638 416 2681 nec
444 2620 529 2681 enim
558 2620 723 2702 sperabam
752 2620 784 2683 id
807 2641 865 2684 uec
892 2629 1052 2704 praestare
1074 2630 1213 2704 poteram
1235 2653 1292 2695 —,
1326 2620 1381 2682 sed
1409 2626 1459 2691 ut,
1492 2611 1617 2697 siquid

295 2712 371 2775 mihi
398 2711 579 2776 humanitus
609 2714 836 2778 accidisset-
864 2714 964 2777 multa
993 2722 1099 2778 autern
1124 2714 1306 2798 impendere
1327 2712 1475 2777 ridentur
1497 2714 1655 2792 praetorto

294 2811 437 2868 naturam
459 2806 553 2869 etiam
575 2815 765 2892 praeterque
786 2808 884 2872 tatum
906 2841 967 2884 -,
988 2809 1083 2874 buius
1105 2819 1209 2874 muron
1231 2809 1296 2874 diei
1311 2827 1419 2873 rocem
1441 2811 1552 2869 testem
1571 2799 1618 2863 rei

293 2897 438 2982 publicae
459 2899 673 2984 relinquerem
695 2921 785 2965 meae
806 2911 980 2985 perpetuae
1002 2922 1074 2986 erga
1096 2924 1131 2966 se
1152 2902 1333 2967 voluntatis.

378 2988 429 3056 ll.
452 2994 608 3070 Quoniam
631 2995 798 3078 utriusque
820 2996 945 3060 consilii
961 3015 1102 3070 causam,
1126 3005 1231 3081 patres
1246 2994 1432 3081 conscripti,
1455 2992 1617 3077 probatam

295 3086 385 3151 vobis
406 3105 476 3151 esse
498 3085 639 3162 confido,
661 3090 749 3171 prius
772 3108 867 3172 quam
886 3089 926 3151 de
948 3109 983 3151 re
1003 3090 1130 3173 publica
1144 3090 1249 3152 dicere
1271 3091 1402 3172 incipio,
1424 3107 1525 3172 pauca
1539 3106 1617 3169 que·

293 3201 346 3245 rar
377 3181 417 3244 de
448 3182 597 3245 besterna
630 3184 671 3245 Μ.
693 3182 821 3245 Antonii
848 3182 977 3245 iniuria:
1012 3184 1061 3246 cui
1093 3204 1162 3245 cunr
1190 3183 1327 3257 amicus,
1358 3182 1457 3265 idque
1478 3201 1529 3243 mc
1550 3195 1654 3242 nonan

292 3275 382 3338 nullo
404 3276 472 3337 eius
495 3272 599 3337 officio
622 3274 738 3338 debere
762 3295 832 3338 csse
854 3294 931 3357 prae
953 3295 1003 3338 me
1018 3296 1141 3359 semper
1154 3278 1222 3339 tuli.
1254 3277 1291 3339 V.
1308 3275 1391 3351 Quid
1406 3276 1533 3340 tandem
1550 3278 1618 3336 erat

292 3388 406 3431 causae
435 3368 545 3430 curin
568 3377 711 3431 senatum
732 3367 881 3431 hesterno
903 3369 956 3431 die
979 3377 1040 3432 tam
1063 3372 1175 3433 acerbe
1197 3374 1351 3453 cogerer?
1385 3369 1520 3433 Solusue
1541 3366 1617 3428 abe·

291 3464 382 3524 rami
412 3480 452 3523 an
482 3480 547 3524 non
576 3481 671 3544 saepe
700 3462 804 3524 minus
831 3461 1017 3545 frequentes
1038 3461 1160 3527 fuistis?
1191 3484 1232 3528 an
1255 3484 1292 3526 ea
1314 3483 1365 3526 res
1387 3462 1550 3546 agebatur,
1582 3466 1617 3523 ut

291 3557 386 3619 etiam
408 3555 693 3637 aegrotos-deterri
714 3558 902 3638 oporteret?
934 3557 1108 3632 Hannibal,
1130 3557 1242 3633 credo,
1266 3564 1334 3622 crat
1355 3557 1394 3620 ad
1416 3562 1538 3640 portas,
1561 3562 1617 3618 aut

291 3650 331 3714 de
353 3650 463 3735 Pyrrhi
485 3669 563 3734 pace
584 3651 752 3733 agebatur,
774 3650 813 3714 ad
836 3670 932 3735 quam
956 3669 1080 3715 causam
1103 3653 1196 3715 etiam
1211 3652 1350 3736 Appium
1371 3650 1478 3726 illum,
1500 3656 1533 3713 at
1546 3663 1654 3714 eae-ra

290 3765 362 3808 cunr
386 3752 417 3808 et
438 3765 562 3821 senem,
585 3744 723 3808 delatum
745 3764 815 3808 esse
842 3746 1013 3809 memoriae
1035 3745 1194 3828 proditum
1216 3752 1273 3809 est.
1317 3741 1368 3807 lb.
1389 3747 1437 3807 lle
1457 3745 1616 3828 supplica·

290 3840 429 3903 tionibus
451 3839 661 3912 referebatur,
683 3858 748 3922 quo
770 3839 804 3901 in
827 3858 943 3921 genere
961 3845 1121 3902 senatores
1136 3838 1248 3903 deesse
1264 3858 1330 3903 nou
1345 3839 1458 3903 solent.
1492 3839 1616 3920 Cogun-

289 3941 342 3996 tur
362 3933 446 3996 enim
468 3952 532 3996 non
555 3933 755 4017 pignoribus,
777 3933 836 3997 sed
858 3952 983 4007 corum,
1007 3932 1047 3994 de
1062 3951 1198 4016 quorum
1219 3931 1340 3996 bonore
1355 3933 1476 4014 agitur,
1498 3933 1613 4013 gratia3

290 4028 374 4111 quod
397 4027 481 4090 idem
502 4024 555 4102 fit,
585 4047 656 4090 cum
679 4026 719 4089 de
741 4027 901 4109 triumpho
923 4025 1068 4089 refertur.
1105 4025 1152 4088 lta
1174 4025 1243 4088 siue
1265 4044 1341 4088 cura
1362 4025 1509 4090 consoles
1531 4033 1613 4102 sunt,

1497 4161 1612 4173 .—

353 4232 378 4282 t.
396 4245 446 4283 non
459 4236 579 4294 putorem
594 4231 631 4279 V:
648 4237 765 4294 putenm
781 4231 820 4281 Di
840 4255 867 4266 -
889 4231 916 4280 1.
930 4244 958 4292 p.
977 4229 1110 4294 (publicos)
1127 4243 1180 4281 om.
1200 4228 1231 4279 V¹
1251 4258 1277 4267 -
1296 4232 1422 4282 seducetur
1436 4233 1468 4295 V,
1485 4246 1499 4283 e
1515 4245 1551 4284 m.
1570 4244 1611 4296 pr.

289 4354 348 4404 ante
365 4366 383 4403 u
399 4364 534 4418 superscr.
554 4377 582 4387 -
601 4346 625 4401 3.
643 4352 695 4414 tpae
710 4352 770 4402 mthl
787 4353 795 4402 i
814 4377 840 4388 -
860 4351 885 4402 l.
904 4352 994 4402 andire
1010 4348 1041 4400 V¹
1058 4378 1085 4387 -
1104 4353 1200 4422 cpdcret
1215 4352 1257 4403 Vt
1274 4378 1302 4389 -
1320 4353 1392 4405 nodet
1407 4314 1458 4404 td’to
1473 4359 1533 4405 emet
1548 4353 1571 4403 V
1585 4379 1612 4392 -

288 4431 313 4479 o.
330 4442 381 4478 oon
394 4433 475 4490 posset
492 4428 518 4476 io
530 4426 553 4476 V
563 4439 623 4491 sup,
635 4424 678 4476 lin.
692 4426 758 4477 m.2
775 4426 894 4479 additum
912 4430 971 4488 est;
990 4428 1047 4479 lort.
1065 4428 1108 4477 nbi
1125 4429 1165 4480 tlte
1180 4443 1232 4479 noo
1248 4435 1307 4481 eant
1322 4429 1378 4481 scil.
1391 4430 1456 4480 tuto.
1471 4455 1498 4465 -
1518 4430 1542 4478 6.
1555 4429 1612 4494 csse]

287 4504 339 4567 tpac
354 4505 390 4567 gt
406 4503 467 4566 {ipae
482 4503 598 4552 adderem
613 4507 762 4552 comnsotnm
777 4501 795 4552 b
813 4515 853 4566 pr.
872 4515 908 4554 m.
927 4503 985 4554 siue
1002 4503 1129 4568 menidi)
1149 4528 1176 4540 -
1196 4517 1228 4554 oc
1243 4503 1298 4554 Vi:
1322 4510 1346 4556 et
1361 4504 1414 4565 bt;
1433 4509 1507 4567 atquc
1523 4517 1565 4568 ag
1583 4530 1610 4541 -

287 4578 395 4628 cotom.
414 4579 491 4627 ai-
519 4577 717 4627 inomni·
737 4577 966 4640 quaerebaturV¹,
992 4576 1144 4639 querebotb
1164 4578 1385 4642 -ecquceovz
1411 4580 1565 4641 ecqnollt
1584 4607 1610 4617 -

287 4654 311 4704 9.
329 4655 357 4704 td
377 4654 433 4703 ot:
455 4653 513 4703 tnde
529 4652 552 4700 V
570 4677 597 4687 „
622 4652 703 4714 iprum
720 4665 772 4703 om.
792 4653 840 4711 at;
863 4653 917 4716 ipso
933 4653 954 4704 0
972 4666 1063 4705 errore
1081 4666 1233 4718 operarum.
1254 4681 1282 4692 -
1303 4655 1343 4706 41.
1362 4666 1412 4705 erre
1432 4655 1537 4719 moetos
1556 4667 1611 4705 om.

287 4741 302 4778 a
321 4755 349 4766 -
367 4728 408 4778 49.
424 4726 533 4791 pterim
548 4726 678 4777 otdebctur
695 4740 710 4776 a
728 4753 757 4765 -
775 4728 846 4778 Hunc
857 4754 894 4766 ·-
904 4741 967 4793 crgo
983 4741 1008 4779 re
1023 4729 1157 4778 commis
1173 4728 1250 4779 affert
1266 4728 1362 4781 Gallius
1373 4731 1404 4780 N.
1417 4731 1447 4781 Α.
1459 4729 1531 4790 11111,
1544 4731 1567 4781 4.
1583 4757 1611 4769 -

286 4802 327 4852 13.
345 4801 426 4865 quens]
443 4813 467 4863 o.
486 4813 545 4865 sup.
563 4799 642 4852 ltu.V
661 4829 688 4838 -·
705 4808 846 4865 moerentes
861 4803 927 4854 dixtt
940 4817 990 4868 pro
1002 4803 1097 4867 popolo
1111 4809 1254 4869 procantu
1270 4807 1306 4855 ot
1323 4830 1350 4841 -
1370 4802 1410 4857 44.
1428 4804 1517 4856 necV:
1535 4819 1615 4869 noque

286 4878 324 4927 oi
341 4879 368 4928 et
379 4875 457 4927 codd.
470 4875 556 4936 Gellii;
575 4890 619 4927 nec
634 4878 733 4927 enimv
745 4879 825 4929 etlam
842 4877 926 4931 babet
942 4881 974 4941 11,
993 4880 1024 4945 §5
1037 4878 1061 4930 4.
1074 4878 1106 4930 te
1118 4884 1169 4930 cet.
1184 4905 1210 4915 -
1229 4881 1359 4930 entmorn
1373 4882 1409 4930 at
1425 4904 1453 4916 -
1471 4893 1614 4943 neqnepcr-

283 4952 358 5015 licere
370 4957 485 5014 potorem
502 4951 510 5000 l
524 4977 549 4987 -
570 4952 609 5002 444.
623 4953 739 5003 αεάάίιιο
754 4956 803 5001 4-
822 4954 956 5016 inpendere
966 4956 1048 5017 Vag;
1065 4957 1145 5007 mutto
1162 4962 1246 5007 auton
1261 4958 1401 5021 inopendm
1415 4958 1615 5022 videntne-prce·

285 5031 323 5076 ter
338 5031 459 5077 notarem
474 5031 498 5075 ct
511 5031 613 5088 praeter
627 5028 709 5089 sotem
725 5027 803 5078 atiert
819 5027 940 5083 Placidus
958 5029 1106 5081 bacuntius
1123 5032 1148 5080 lo
1161 5029 1247 5082 schol.
1264 5031 1298 5082 nd
1312 5032 1385 5082 Statii
1397 5032 1480 5084 Theb.
1492 5033 1536 5094 111,
1548 5036 1611 5095 2053

284 5103 366 5153 meuc
380 5103 441 5152 mitt
456 5102 584 5152 tmmlnere
598 5102 747 5152 videbantur
760 5109 865 5165 preater
880 5109 1000 5154 notorem
1013 5111 1163 5169 praeterque
1178 5106 1259 5168 fotum
1275 5107 1382 5159 Servius
1399 5108 1431 5159 ad
1449 5108 1528 5174 Verg.
1546 5112 1610 5161 Aeo.

285 5177 328 5237 lV,
341 5176 436 5228 4413.-
454 5176 571 5226 ιιᾶιὶιπειιν
582 5175 604 5224 V
616 5178 642 5226 et
654 5175 764 5229 Gellius:
784 5178 935 5229 uidebuntur
952 5179 987 5228 oi
999 5206 1025 5215 -
1045 5180 1085 5230 46.
1104 5181 1179 5230 etium
1190 5193 1243 5231 om.
1257 5181 1485 5244 DltueturGelitus
1496 5184 1611 5248 quoque)

287 5279 314 5288 -
332 5253 426 5316 [aaron
443 5254 479 5300 at
498 5276 524 5287 -
543 5256 626 5301 tomen
642 5251 676 5300 V:
696 5265 750 5302 om.
763 5253 805 5303 111
822 5255 848 5303 et
865 5251 972 5304 Gellius.
988 5280 1015 5290 -
1034 5254 1074 5304 49.
1091 5256 1171 5305 ιιιιι41
1184 5281 1211 5290 -
1229 5257 1325 5319 confido
1341 5257 1416 5306 ettam
1426 5257 1458 5318 V,
1476 5257 1611 5308 sedetiam

286 5340 327 5391 pr.
347 5339 383 5377 m.
401 5324 528 5376 deletum.
550 5350 576 5362 -
596 5327 716 5389 incipiam
732 5327 750 5378 b
771 5355 797 5364 -
816 5340 927 5390 quaeror
942 5328 971 5378 ha
986 5328 1016 5379 de
1031 5329 1146 5379 hortem
1162 5331 1188 5379 tn
1204 5336 1318 5381 motum
1333 5335 1386 5380 toan
1402 5331 1490 5381 acerbe
1505 5332 1536 5380 V¹
1553 5345 1612 5384 me-

285 5399 334 5450 diis
352 5399 471 5459 omissis3
489 5411 570 5450 mauu
587 5399 665 5465 paulo
681 5403 832 5453 recentiore
849 5403 875 5454 tu
893 5405 945 5454 ima
959 5405 1052 5468 pagiua
1063 5404 1183 5457 additum
1196 5408 1252 5458 eet:
1270 5406 1326 5457 ms
1342 5404 1447 5470 [lusere]
1459 5407 1612 5458 ochema

284 5474 372 5524 uotoni
394 5475 490 5524 intorto
511 5477 552 5526 cut
572 5490 626 5526 mm
646 5478 741 5528 arnicas
760 5479 812 5542 idq.
834 5493 874 5530 me
894 5495 943 5530 non
966 5481 1034 5529 nullo
1053 5481 1106 5530 ctos
1122 5480 1203 5546 officio
1219 5479 1304 5532 debere
1320 5492 1448 5544 camproe
1462 5494 1502 5531 me
1517 5495 1613 5545 semper

284 5549 331 5599 toti
346 5550 407 5610 qaod
422 5552 522 5601 tandem
538 5558 594 5602 erut
609 5565 700 5603 causae
715 5567 775 5616 cnr,
794 5557 823 5605 nt
840 5554 898 5605 lort.
911 5553 1083 5606 scribendum
1095 5555 1141 5605 sit:
1159 5554 1376 5605 cnrdtehesterno
1386 5556 1413 5605 in
1423 5560 1536 5605 sormam
1547 5559 1609 5618 cet,

283 5626 332 5676 nisi
348 5625 460 5676 hortm
477 5627 516 5676 dte
532 5640 642 5692 prorsus
659 5628 836 5681 obiiciendum
854 5631 904 5694 est.
925 5653 953 5666 -
975 5631 1016 5681 20.
1035 5634 1142 5680 atone
1157 5629 1169 5678 t
1186 5655 1214 5665 -
1232 5628 1274 5678 14.
1292 5641 1343 5679 esre
1359 5629 1533 5680 omittendum
1551 5643 1612 5681 ceu·

284 5700 336 5750 suit
351 5699 464 5751 Ernesti.
479 5725 506 5736 -
522 5716 587 5765 prae
602 5716 642 5752 me
658 5715 711 5753 om.
725 5716 740 5752 a
754 5728 781 5739 -
800 5703 841 5753 22.
860 5706 886 5755 in
902 5710 989 5756 senatu
1005 5718 1045 5767 ag
1058 5729 1086 5740 -
1105 5704 1219 5754 hesterno
1235 5717 1265 5764 a;
1284 5708 1388 5754 catomo
1404 5702 1438 5754 bt
1456 5729 1483 5739 -
1501 5703 1542 5753 99.
1561 5718 1611 5755 non

287 5785 341 5823 om.
360 5787 374 5822 a
394 5801 421 5811 -
438 5774 521 5838 subtis
535 5777 703 5839 frequentare
723 5802 750 5813 -
769 5775 810 5828 at.
828 5778 923 5840 deferre
939 5778 970 5840 V,
989 5778 1048 5832 lort.
1065 5780 1149 5830 recte.
1170 5806 1198 5816 -
1214 5779 1256 5830 th.
1271 5779 1347 5842 punt
1363 5782 1438 5844 ogt3
1457 5791 1511 5829 om.
1530 5777 1561 5827 V¹
1580 5806 1608 5817 -

281 5848 465 5912 opimbotnrb
487 5876 513 5886 -
539 5849 861 5913 reamplectonionst-
887 5852 1101 5919 thesaebg-
1127 5853 1247 5920 theon]
1268 5854 1330 5905 dea
1351 5880 1376 5891 -
1403 5852 1607 5921 Monomv:

281 5922 522 5984 qomondeino
542 5922 1052 5990 -2auem1etonv1-oenntt.
