3800 7350
629 1221 702 1287 cn».
723 1220 1007 1286 xxxam-xi.
1032 1216 1079 1304 35
1101 1214 1248 1282 or-oe.
1517 1199 1599 1274 loeo

285 1390 372 1475 quod
394 1389 527 1454 invites:
564 1389 727 1453 admoneri
756 1410 807 1453 me
837 1391 919 1454 satia
945 1397 1002 1453 est.
1045 1388 1235 1451 Admonebit
1263 1394 1367 1450 autem
1397 1402 1491 1446 nemo
1519 1379 1599 1443 alius

283 1485 347 1548 nisi
369 1484 413 1547 rei
435 1483 580 1566 publicae
610 1492 750 1565 tempus,
781 1483 866 1567 quod
897 1484 973 1547 mibi
996 1484 1124 1566 quidem
1146 1482 1244 1564 magis
1270 1481 1410 1551 videtur,
1440 1494 1535 1559 quam
1565 1480 1601 1535 tu

283 1596 432 1658 umquam
454 1576 622 1640 arbitratus
643 1597 693 1650 ea,
723 1578 987 1660 appropinquare.
1030 1578 1178 1639 xxxix
1209 1574 1331 1659 Ecquid
1353 1572 1456 1645 vides,
1486 1564 1601 1651 ecquid

283 1669 398 1741 sentis,
420 1669 491 1752 lega
513 1670 676 1734 iudiciaria
698 1670 761 1734 lata
782 1690 863 1753 quos
885 1671 1016 1755 postbac
1037 1671 1157 1734 indices
1178 1670 1276 1733 simus
1297 1666 1455 1731 babituri?
1488 1665 1601 1744 Neque

282 1764 405 1846 legetur
436 1764 581 1847 quisquis
617 1764 769 1837 voluerit,
802 1784 859 1827 nec
887 1765 1035 1849 quisquis
1070 1765 1208 1827 noluerit
1235 1784 1297 1826 nun
1327 1762 1458 1843 legetur.
1514 1750 1626 1817 Nulli⁸

282 1857 491 1922 coniicientur
512 1858 544 1920 in
566 1856 656 1920 illum
678 1859 836 1930 ordinem,
859 1858 936 1921 nulli
954 1860 1154 1921 eximantur:
1176 1878 1241 1919 non
1257 1854 1386 1919 ambitio
1404 1851 1443 1915 ad
1459 1847 1603 1932 gratiam,

282 1972 346 2016 non
375 1951 526 2035 iniquitas
548 1951 586 2014 ad
609 1951 800 2015 simultatem
824 1952 1056 2032 †coniieietur.
1103 1950 1225 2013 ludices
1247 1948 1430 2013 iudicabunt
1451 1943 1489 2014 ii,
1520 1957 1602 2022 quos

282 2044 335 2108 lex
356 2046 442 2130 ipsa,
464 2065 528 2107 non
550 2064 631 2129 quos
653 2045 814 2109 bominum
835 2045 935 2108 libido
957 2044 1120 2127 delegerit.
1157 2043 1252 2119 Quod
1276 2063 1345 2105 cum
1368 2040 1411 2102 ita
1433 2036 1491 2108 sit,
1524 2030 1600 2095 mibi

282 2139 391 2214 crede,
421 2140 579 2203 neminem
600 2139 731 2201 invitum
754 2139 918 2202 invitabis:
953 2159 1003 2201 res
1025 2140 1094 2221 ipsa
1116 2145 1148 2200 et
1167 2139 1214 2201 rei
1235 2137 1380 2220 publicae
1401 2139 1525 2212 tempus
1547 2131 1603 2188 aul

283 2253 333 2298 me
363 2233 481 2315 ipsum,
511 2232 598 2316 quod
631 2232 744 2305 nolim,
773 2233 944 2296 eutalium
966 2234 1143 2316 quempiam
1171 2240 1227 2294 aut
1246 2227 1391 2295 invitabit
1410 2231 1467 2289 sut
1488 2218 1641 2284 deboc-lo

283 2327 405 2391 labitur.

366 2418 417 2484 95.
451 2420 626 2504 Equidem,
661 2428 695 2483 ut
725 2419 820 2502 paulo
847 2427 921 2483 ante
953 2420 1037 2493 dixi,
1070 2440 1134 2484 noa
1164 2419 1275 2484 eadem
1303 2418 1455 2502 supplicia
1477 2431 1546 2478 esse
1567 2410 1603 2474 in

281 2514 462 2580 hominibus
484 2513 650 2588 existimo,
673 2533 756 2598 quae
777 2514 910 2577 fortasse
933 2514 1097 2598 plerique,
1128 2514 1362 2587 damnationes,
1388 2509 1601 2595 expulsiones,

282 2629 397 2683 neces:
419 2608 558 2691 denique
580 2608 700 2670 nnllam
722 2607 798 2669 mibi
822 2628 957 2691 poenam
980 2608 1105 2672 ridetur
1126 2608 1243 2672 babere
1264 2608 1317 2682 id,
1347 2605 1433 2691 quod
1455 2599 1602 2667 accidere

281 2702 461 2775 innocenti,
493 2701 578 2786 quod
607 2701 697 2775 forti,
730 2701 816 2785 qnod
845 2703 1000 2787 sapienti,
1030 2703 1116 2785 qnod
1145 2703 1230 2765 bono
1259 2702 1328 2766 viro
1350 2710 1382 2765 et
1403 2699 1464 2764 civi
1486 2696 1601 2780 potest.
1612 2705 1640 2750 ⁴⁴¹>

281 2795 447 2860 Damnatio
468 2795 546 2869 iata,
567 2816 649 2878 quae
671 2796 704 2858 in
727 2804 757 2859 te
779 2798 952 2878 flagitatur,
984 2796 1098 2879 obtigit
1119 2798 1152 2859 P.
1168 2796 1302 2870 Rutilio,
1332 2795 1417 2879 quod
1439 2790 1602 2875 specimen

283 2888 392 2954 babuit
412 2888 463 2954 laic
485 2889 563 2952 civis
585 2889 793 2952 innocentiae.
836 2890 937 2954 blaior
959 2890 1036 2953 mibi
1058 2890 1197 2953 iudicum
1220 2890 1317 2953 atrei
1339 2887 1484 2972 publicae
1498 2901 1603 2968 poena

280 2983 339 3047 illa
360 2983 427 3047 visa
448 2989 497 3046 est
518 3001 614 3065 quam
636 2983 753 3046 Rutilii.
798 2984 832 3045 L.
856 2982 1002 3065 Opimius
1033 2985 1152 3047 eiectus
1182 2992 1230 3048 est
1255 3003 1272 3046 e
1294 2984 1412 3067 patria,
1443 2982 1471 3045 is
1493 2976 1548 3060 qui
1570 2982 1603 3037 el

281 3084 355 3161 post
385 3082 561 3159 praeturam
591 3082 623 3138 et
654 3076 765 3139 consul
796 3078 940 3140 maximis
971 3096 1037 3139 rem
1074 3078 1233 3160 publicam
1266 3076 1412 3160 periculis
1445 3073 1602 3135 liberarat.

283 3174 352 3235 lion
374 3172 407 3233 in
428 3189 486 3242 eo,
520 3169 571 3232 cni
592 3169 675 3232 iacta
697 3178 746 3232 est
767 3171 899 3244 iniuria,
931 3172 987 3234 sed
1009 3173 1043 3234 in
1065 3172 1121 3245 iis,
1153 3172 1208 3254 qni
1230 3171 1388 3244 lecerunt,
1421 3165 1549 3231 sceleris
1571 3167 1641 3225 eta

283 3265 494 3329 conscientiae
515 3281 619 3344 poena
640 3264 799 3326 remansit.
841 3266 882 3326 44
903 3272 1011 3328 eontra
1032 3265 1081 3327 bis
1098 3265 1231 3329 Catilina
1245 3265 1408 3329 absolutas
1423 3267 1488 3334 est;
1509 3257 1603 3322 emis·

284 3378 338 3423 sus
359 3358 453 3421 etiam
473 3356 528 3418 ille
550 3365 659 3419 auctor
681 3364 753 3420 tuus
776 3358 972 3440 provinciae,
995 3379 1065 3421 cum
1089 3367 1232 3442 stuprum
1247 3362 1354 3424 Bonae
1367 3357 1445 3421 deae
1459 3351 1605 3438 pulvina-

284 3452 370 3515 ribus
398 3450 567 3514 intnlisset.
612 3450 701 3526 Quis·
720 3451 780 3515 fuit
811 3454 845 3514 in
875 3459 962 3515 tanta
983 3452 1123 3527 civitate,
1156 3454 1211 3537 qui
1233 3454 1322 3518 illum
1341 3454 1462 3516 incesto
1490 3445 1604 3511 libera·

286 3553 370 3620 tum,
401 3564 468 3607 non
489 3563 561 3618 eos,
595 3545 650 3628 qui
680 3545 724 3608 ita
751 3545 935 3620 indicarint,
967 3547 1036 3628 pari
1059 3545 1178 3610 scelere
1200 3548 1369 3610 obstrictos
1389 3544 1603 3609 arbitraretur.

286 3640 351 3704 XL.
374 3636 424 3702 96.
447 3641 495 3702 An
518 3658 577 3722 eqo
601 3648 798 3722 exspectem,
821 3639 897 3703 dum
918 3641 959 3704 de
981 3649 1012 3705 te
1034 3641 1177 3726 quinque
1199 3649 1232 3705 et
1252 3641 1450 3725 septuaginta
1470 3635 1641 3702 omousi

282 3733 493 3806 diribeantur,
516 3734 556 3803 de
579 3754 643 3816 quo
665 3735 727 3797 iam
748 3733 871 3817 pridem
888 3754 998 3799 omnes
1014 3736 1163 3799 mortales
1178 3737 1317 3799 omnium
1332 3754 1498 3818 genuam,
1519 3739 1604 3796 aeta·

281 3834 364 3901 tum,
385 3826 532 3890 ordinant
554 3827 793 3891 iudicaverunt?
816 3829 896 3904 Quis
917 3831 1004 3893 enim
1024 3838 1057 3893 te
1078 3830 1182 3904 aditu,
1204 3830 1276 3913 quis
1289 3829 1356 3892 nlln
1370 3830 1508 3902 bonore,
1531 3827 1604 3910 quis

221 3930 226 3944 '
281 3920 419 4004 deniqne
441 3923 600 3985 communi
622 3921 812 3984 salutatione
833 3923 964 4006 dignum
985 3927 1101 4006 putati
1133 3922 1251 3987 Omnes
1279 3925 1462 3987 memoriam
1489 3939 1603 3986 consu·

282 4017 363 4079 latus
376 4015 441 4088 tui,
461 4015 559 4088 lacta,
582 4034 704 4087 mores,
726 4014 839 4078 faciem
861 4016 999 4099 denique
1022 4036 1058 4080 ac
1079 4037 1195 4080 nomen
1217 4038 1236 4079 a
1258 4018 1431 4100 republica
1446 4015 1603 4078 detestan-

282 4118 341 4172 tur.
386 4108 512 4190 begati,
542 4110 598 4191 qui
625 4129 688 4177 una
710 4108 815 4182 luere,
843 4109 989 4184 alienati,
1018 4111 1136 4174 tribum
1157 4111 1310 4175 militares
1331 4111 1467 4183 inimici,
1494 4114 1640 4172 centu-ao

281 4205 387 4267 danos
415 4211 447 4267 el
474 4205 502 4266 si
532 4205 587 4286 qui
609 4223 649 4266 ex
672 4210 758 4267 tento
781 4206 921 4268 exercitu
944 4205 1059 4289 reliqui
1081 4205 1198 4269 milites
1220 4213 1362 4278 exstant,
1397 4225 1462 4268 non
1484 4189 1602 4266 aimusi

282 4298 337 4362 abs
359 4303 407 4371 te,
429 4297 486 4361 sed
508 4297 668 4380 dissipati,
695 4297 901 4371 tenderunt,
924 4300 980 4362 tibi
1002 4307 1123 4382 pestem
1145 4306 1314 4382 exoptant,
1334 4307 1366 4361 te
1388 4303 1602 4362 exsecrantur.

344 4569 369 4618 4.
387 4567 447 4616 mim
467 4567 565 4629 94444444
584 4568 649 4618 bts:
674 4568 772 4630 quidem
793 4581 847 4618 nm.
866 4570 900 4627 G,
925 4568 1024 4631 quimus
1044 4568 1216 4618 44444414-
1239 4567 1601 4630 &scqnidtanteoidedfiz

280 4648 304 4696 st
319 4644 379 4706 qnid
395 4641 451 4692 rell.
463 4669 497 4679 —·
513 4643 600 4703 ecquid
616 4644 690 4693 serub
707 4655 760 4693 om.
774 4646 809 4701 G:
826 4643 923 4706 etquid
939 4658 959 4693 s.
974 4642 1029 4694 rell.
1045 4644 1149 4706 (Ecquid
1159 4642 1318 4692 --bobttaes'
1334 4640 1454 4708 habetat
1468 4668 1495 4678 -
1514 4640 1538 4693 l.
1548 4647 1604 4706 pust

280 4718 340 4768 taso
355 4718 405 4768 En
424 4741 451 4753 -
470 4729 555 4766 :amns
571 4718 589 4768 4
605 4720 633 4768 et
649 4718 728 4769 codd.
747 4722 806 4769 Aac.
825 4721 931 4781 praeter
948 4720 1025 4769 Laur.
1040 4746 1067 4756 -
1086 4731 1164 4782 nsque
1180 4717 1324 4781 Madvigius
1342 4718 1447 4782 (Opnsc.
1460 4717 1498 4776 ll,
1516 4729 1542 4780 p.
1554 4715 1603 4767 445

281 4796 335 4843 not.
353 4795 392 4855 tl:
418 4806 468 4844 noo
488 4805 568 4852 osque
587 4792 667 4856 (sque)
689 4795 752 4850 CO:
778 4807 828 4842 nos
848 4796 915 4842 anim
935 4792 1027 4845 Lamb.
1051 4817 1076 4830 -
1101 4796 1125 4843 44.
1143 4807 1189 4844 aec
1210 4794 1321 4856 quisquis
1339 4792 1515 4843 mundam.
1535 4794 1555 4841 G
1574 4818 1599 4828 -

281 4889 304 4937 8.
323 4887 454 4936 :coeatur
474 4887 522 4937 ΕΡ
540 4888 580 4949 (in
597 4888 651 4992 Ena
668 4900 727 4951 sup.
745 4887 803 4948 col:
826 4868 983 4938 eontinentur
1000 4890 1020 4937 G
1038 4914 1064 4923 -
1083 4888 1108 4937 4.
1127 4889 1161 4937 cd
1177 4887 1326 4938 omnum
1342 4886 1502 4938 Lambinus:
1519 4888 1554 4936 ad
1568 4888 1605 4936 si-

280 5010 439 5060 medones
455 5009 505 5059 CO
525 5034 552 5044 -
570 5009 682 5058 moetas
697 5011 730 5067 G:
753 5009 905 5060 amiciatur
925 5011 989 5069 EF:
1013 5009 1175 5060 meatur
1190 5012 1221 5068 S:
1245 5010 1389 5060 coiisisstsr
1405 5010 1444 5066 lt:
1467 5011 1606 5060 connitatur

281 5085 408 5142 Faernus,
433 5083 573 5144 conseretur
589 5081 682 5132 bamb.
703 5109 730 5119 -
752 5083 787 5133 444
804 5097 864 5146 qnos
880 5086 914 5144 G,
937 5086 965 5134 s'ss
984 5098 1047 5145 qao:
1062 5085 1082 5135 E
1102 5112 1127 5120 -
1152 5085 1176 5135 9.
1194 5085 1301 5135 moen
1316 5085 1492 5136 Hotomanus:
1514 5085 1606 5136 44444444

281 5160 330 5209 CO
350 5183 376 5193 -
403 5158 441 5206 to.
459 5161 504 5205 ant
522 5158 584 5206 ante
607 5156 721 5206 incitabit
737 5159 877 5209 Garatonio
898 5162 1064 5223 suspectum.
1084 5186 1110 5196 -
1134 5161 1174 5210 44.
1193 5160 1275 5211 flatile
1291 5159 1311 5210 l:
1327 5159 1389 5221 (non
1407 5159 1438 5221 G)
1457 5185 1484 5196 -
1509 5160 1549 5210 47.
1566 5160 1606 5210 iic

280 5233 342 5283 uno
359 5233 445 5282 EFP:
464 5231 503 5280 bic
520 5232 591 5281 meas
607 5232 687 5282 Glls
703 5233 731 5282 et
746 5233 763 5282 a
778 5235 895 5293 Ossan:
916 5235 977 5285 boec
993 5236 1081 5286 dudm
1097 5235 1171 5297 edd,
1189 5247 1270 5299 quam
1287 5233 1429 5286 lectionem
1446 5234 1498 5283 um
1516 5233 1541 5282 in
1558 5234 1603 5284 ed.

282 5309 346 5356 ven.
360 5305 423 5356 4474
440 5306 542 5367 inveni,
561 5306 609 5356 sed
627 5308 654 5357 in
668 5310 777 5357 decens.
797 5309 855 5358 44444
877 5313 919 5360 est
933 5311 973 5360 bic
990 5312 1062 5361 catu:
1073 5338 1101 5348 -
1121 5312 1160 5361 48.
1178 5311 1207 5360 l..
1220 5310 1378 5372 Opimius·-
1388 5308 1508 5360 mot
1523 5307 1606 5359 babet

282 5381 1027 5446 l-opisiosE-eE01nFllS;electnspatcio
1048 5385 1258 5436 ostenduam.
1279 5385 1605 5447 -qststpcuprcssn-

281 5471 338 5507 rom
354 5459 385 5508 t:
413 5456 457 5517 qui
473 5461 577 5518 praetor
594 5458 643 5507 CO
663 5485 690 5495 -
716 5458 757 5507 49.
773 5459 961 5520 punctorum
977 5474 1005 5523 p.
1026 5463 1047 5511 Α
1066 5486 1093 5495 -
1112 5461 1153 5511 444,
1172 5461 1271 5510 besan
1286 5459 1492 5512 manase·
1509 5458 1606 5509 iniuria

281 5536 353 5583 ests
373 5559 400 5569 ·-
419 5537 443 5582 at
458 5532 548 5584 AEF:
571 5545 603 5582 oc
618 5533 669 5584 blS
686 5533 797 5596 (sesinii
813 5534 963 5584 conscimtic
979 5534 1063 5596 balal
1085 5561 1110 5571 -
1135 5535 1177 5584 at.
1194 5547 1276 5597 pom
1291 5546 1345 5584 nm.
1363 5534 1382 5584 4·“
1400 5561 1428 5572 -
1448 5535 1603 5584 rmssitd

281 5608 348 5658 llS:
364 5608 502 5670 mmmuit
518 5609 624 5659 EFGP
643 5636 669 5644 -
694 5610 819 5660 abaolw
834 5615 868 5661 ert
885 5608 978 5660 Orelli:
997 5615 1032 5659 est
1047 5621 1101 5660 om.
1120 5610 1171 5658 CO
1189 5634 1217 5646 -
1240 5610 1281 5660 88.
1299 5622 1357 5659 cass
1372 5609 1537 5671 4844444444»
1553 5610 1605 5660 844

282 5708 309 5717 -
328 5681 369 5732 43.
387 5682 512 5733 moraldi*
530 5709 557 5719 -
576 5681 617 5733 44.
635 5684 779 5734 iudinassau
795 5686 820 5735 44
839 5712 865 5722 -
884 5685 999 5734 aarum:
1015 5686 1079 5745 its,
1098 5686 1127 5733 ut
1143 5684 1185 5735 est
1200 5697 1227 5749 p.
1240 5682 1301 5734 soll.
1319 5683 1335 5747 4
1352 5683 1393 5735 88.
1413 5682 1477 5733 Phil.
1490 5683 1533 5744 lv,
1551 5683 1603 5746 59.

282 5782 307 5793 -
328 5757 369 5806 ae.
387 5756 544 5808 dimicentur
564 5759 623 5809 alat.
641 5759 817 5820 Augustinus:
845 5761 998 5821 diripiantur
1021 5761 1055 5813 C:
1081 5760 1236 5810 dirimantur
1249 5760 1280 5810 0.
1310 5759 1349 5811 Cl.
1367 5758 1495 5810 Wunderl
1518 5759 1603 5810 Praei.

280 5844 306 5896 p.
321 5831 463 5882 cxtvt.-·
482 5832 698 5885 444404444-
717 5833 907 5885 enooaus—
926 5833 1117 5896 adsumunt,
1136 5833 1465 5897 uodemallmsumsst-
1483 5834 1606 5884 4444444444

279 5903 375 5956 Orelli:
392 5906 445 5956 mil.
459 5908 514 5971 (sic)
530 5908 670 5967 Eleus:
689 5907 795 5958 4444444444
811 5909 840 5959 0.
859 5907 898 5960 Cl.
917 5907 949 5974 55
966 5909 1007 5962 88.
1026 5908 1066 5962 88.
1088 5935 1114 5946 -
1133 5909 1175 5960 84.
1190 5915 1292 5965 ΜΗ
1306 5910 1398 5966 ste:
1416 5909 1526 5962 seim
1541 5909 1601 5962 18.
