3800 7350
634 1177 707 1241 ιιι».
729 1176 967 1240 ιιιι-ιιιιιι.
995 1173 1041 1259 ss
1064 1170 1253 1240 tes-isa.
1539 1163 1602 1230 aar

283 1348 388 1435 potuit
428 1348 583 1413 sustinere
622 1357 655 1411 et
692 1368 815 1412 mecum
848 1347 961 1410 absens
993 1346 1147 1409 beneficio
1180 1366 1238 1409 suo
1268 1343 1363 1408 rediit
1393 1350 1427 1413 in
1460 1349 1601 1433 gratiam.

284 1436 354 1507 43⁴.
377 1440 470 1518 Quod
497 1450 597 1516 certe,
627 1445 653 1505 si
681 1451 729 1506 est
756 1443 856 1528 aliqui
886 1461 998 1504 sensus
1022 1442 1055 1504 in
1078 1448 1178 1503 morte
1200 1440 1431 1523 praeclarorum
1453 1444 1602 1517 virorum,

284 1557 356 1601 cunr
383 1535 528 1600 omnibus
556 1535 708 1611 Metellis,
736 1545 801 1599 tum
823 1555 898 1598 vero
921 1534 975 1598 uni
996 1534 1064 1597 viro
1085 1533 1253 1597 fortissimo
1279 1543 1310 1598 et
1331 1537 1602 1619 praestantissimo

284 1630 345 1695 ciri
365 1628 577 1713 gratissimum
599 1628 688 1692 fratri
711 1650 769 1692 suo
791 1628 880 1702 iecit,
911 1629 999 1692 socio
1022 1628 1180 1702 laborum,
1201 1628 1431 1710 periculorum,
1454 1630 1604 1694 consilio·

283 1742 352 1789 rum
372 1743 524 1787 meorum.
568 1722 679 1785 LXlll.
701 1722 831 1785 Reditus
852 1743 927 1785 sero
949 1743 1040 1785 meus
1062 1723 1117 1805 qui
1137 1721 1233 1785 inerit
1247 1724 1320 1806 quis
1337 1726 1485 1807 ignorati
1508 1740 1628 1807 queme

284 1818 323 1881 ad
347 1816 476 1879 modum
505 1815 583 1879 mibi
611 1815 791 1880 advenienti
814 1825 974 1899 tamquam
997 1816 1096 1880 totius
1118 1816 1224 1879 ltaliae
1246 1825 1341 1901 atque
1363 1817 1462 1901 ipsius
1483 1818 1604 1901 patriae

284 1911 424 1976 dextram
451 1910 652 1994 porrexerint
680 1909 879 1983 Brundisini,
906 1931 978 1972 cum
1005 1912 1081 1992 ipsis
1110 1910 1203 1973 nonis
1233 1911 1404 1975 Sextilibus
1429 1911 1512 1974 idem
1535 1911 1604 1973 dies

284 2004 437 2069 adrentus
459 2003 522 2076 mei
542 2003 655 2067 inisset
669 2004 870 2088 reditusque,
893 2006 948 2088 qui
964 2004 1077 2067 natalis
1092 2004 1176 2068 idem
1191 2007 1370 2069 carissimae
1385 2003 1484 2080 liliae,
1508 2026 1604 2089 quam

285 2118 325 2162 ex
342 2098 527 2182 gravissimo
543 2105 609 2162 tum
624 2100 759 2180 primum
775 2097 933 2161 desiderio
948 2098 1100 2181 luctuque
1117 2099 1280 2182 conspexi,
1295 2100 1380 2164 idem
1395 2102 1489 2165 etiam
1504 2101 1604 2186 ipsius

285 2190 426 2257 coloniae
438 2191 658 2266 Brundisinae,
679 2193 774 2264 idem,
792 2200 825 2253 ut
840 2192 937 2266 scitis,
953 2193 1039 2254 aedis
1056 2192 1187 2268 Salutis3
1210 2214 1345 2276 cumque
1360 2214 1411 2256 me
1426 2194 1538 2257 domus
1553 2210 1642 2258 aa·to

283 2284 354 2348 dem
376 2284 564 2369 optimorum
588 2294 621 2349 et
642 2285 893 2349 doctissimorum
916 2286 1068 2359 virorum,
1090 2287 1132 2348 Μ.
1153 2285 1264 2349 Laeuii
1285 2286 1388 2350 Flacci
1407 2294 1438 2349 et
1459 2287 1558 2370 patris
1573 2295 1606 2350 et

282 2378 385 2442 fratris
408 2377 476 2442 eius
498 2378 667 2442 laetissima
688 2378 878 2461 accepisset,
901 2398 984 2462 quae
1007 2379 1153 2461 proximo
1176 2399 1259 2443 anno
1278 2399 1422 2443 maerens
1443 2387 1607 2464 receperat

284 2479 316 2536 et
335 2491 394 2536 suo
415 2472 573 2556 praesidio
597 2473 802 2555 periculoque
824 2470 1024 2548 deiendemt;
1051 2492 1185 2556 cumque
1206 2473 1318 2536 itinere
1340 2482 1406 2538 toto
1428 2476 1521 2538 urbes
1544 2477 1606 2538 ita·

283 2567 344 2631 liae
365 2566 464 2631 festos
487 2568 555 2630 dies
577 2587 670 2649 agere
692 2565 847 2629 adventus
869 2566 930 2628 mei
945 2565 1149 2639 videbantur,
1170 2567 1240 2629 viae
1264 2566 1466 2631 multitudine
1488 2567 1606 2651 legato·

282 2680 352 2725 rum
372 2658 514 2744 undique
536 2661 701 2724 missorum
724 2659 978 2733 celebrabantur,
1001 2661 1039 2722 ad
1062 2660 1171 2723 urbem
1193 2679 1339 2725 accessus
1351 2661 1532 2726 incredibili
1547 2662 1643 2726 lio-ts

282 2755 402 2819 minum
423 2753 624 2817 multitudine
646 2763 678 2815 et
699 2752 910 2836 gratulatione
931 2754 1078 2827 florebat,
1108 2754 1167 2816 iter
1187 2774 1205 2816 a
1226 2764 1335 2838 porta,
1358 2755 1391 2818 in
1414 2755 1605 2838 Capitolium

282 2846 473 2923 adscensus,
503 2848 632 2910 domum
660 2848 782 2909 reditus
811 2853 879 2909 erat
907 2846 1104 2921 eiusmodi,
1132 2854 1168 2910 ut
1188 2868 1310 2912 somma
1332 2849 1364 2911 in
1386 2848 1505 2912 laetitia
1525 2848 1604 2911 illud

283 2941 439 3015 dolerem,
462 2940 617 3004 civitatem
639 2949 702 3005 tam
725 2947 843 3022 gratam
865 2947 928 3002 tam
952 2941 1099 3003 miseram
1120 2948 1214 3024 atque
1237 2962 1419 3025 oppressam
1441 2941 1550 3005 inisse.

366 3031 1604 3119 lfflfflmfflwmmmmwmmwmmwmmbm

282 3137 331 3195 est
349 3131 451 3205 natio,
479 3136 516 3191 ut
538 3128 665 3191 dixisti:
695 3128 781 3211 quod
804 3146 863 3210 ego
885 3127 1015 3189 verbum
1037 3128 1169 3209 agnovi3
1198 3137 1247 3192 est
1268 3129 1352 3194 enim
1374 3130 1476 3206 illins,
1497 3149 1517 3193 a
1540 3145 1643 3214 quoto

281 3244 344 3290 uno
365 3224 501 3314 maximo
523 3222 556 3285 P.
578 3220 699 3285 Sestius
721 3221 954 3328 sepppugnari
978 3220 1079 3295 videt,
1102 3220 1240 3286 bominis
1261 3223 1347 3299 eins,
1370 3226 1425 3309 qui
1447 3226 1530 3290 banc
1551 3245 1606 3290 na·

348 3554 372 3603 4.
390 3548 655 3615 44444444--94444444
670 3546 790 3599 habeti
809 3574 836 3585 -
855 3546 1030 3611 0444144444444
1045 3549 1081 3598 A:
1099 3560 1144 3597 4444
1160 3559 1213 3597 om.
1231 3549 1323 3606 Poo,
1349 3563 1394 3600 suo
1410 3550 1525 3615 bmefietc
1541 3564 1607 3602 con·

283 3629 383 3681 iecerat
393 3626 533 3680 itanutim.
547 3649 575 3660 -
593 3622 618 3673 2.
636 3623 714 3673 niteat
730 3625 749 3674 P
766 3635 857 3673 rasura
875 3634 908 3673 ex
922 3622 1016 3686 absi,
1034 3621 1126 3685 aliquis
1138 3622 1155 3671 i.
1168 3648 1195 3657 —
1214 3623 1238 3671 4.
1250 3623 1328 3687 mass]
1339 3625 1449 3677 cambe
1463 3652 1490 3661 -
1511 3626 1534 3677 6,
1547 3632 1608 3678 ω...

283 3717 359 3768 psum
374 3704 395 3754 P
413 3727 440 3740 -
459 3701 483 3752 7.
502 3700 619 3751 deum
635 3701 699 3751 PG:
722 3699 851 3750 4444444444
867 3698 897 3759 Q.
926 3699 1086 3761 atticumque
1103 3696 1260 3747 Ciceronem
1277 3696 1374 3750 dixisse
1391 3699 1434 3751 vel
1450 3703 1546 3752 Aratea
1566 3705 1607 3752 te-

282 3781 393 3840 stentur,
411 3776 457 3827 ubi
474 3777 566 3828 44444044
581 3774 677 3840 legitur
692 3788 718 3824 v.
732 3775 790 3836 tos,
807 3775 864 3836 004,
883 3775 940 3835 704,
953 3775 1010 3836 707,
1023 3771 1071 3824 744
1085 3775 1153 3822 eet.»
1172 3772 1330 3824 Wrsxmxas
1347 3787 1373 3839 p.
1387 3776 1427 3826 07.
1445 3776 1607 3828 iioaendnns

282 3855 371 3904 teman
393 3853 445 3913 est,
469 3851 625 3902 ciceronem
647 3851 673 3900 in
695 3862 819 3900 sermone
840 3848 973 3913 pedestri,
999 3849 1022 3900 si
1039 3846 1117 3898 codd.
1136 3849 1250 3911 optimos
1267 3848 1373 3910 andins,
1395 3850 1500 3900 desiero
1516 3851 1606 3902 dicere

282 3925 388 3979 solitum
405 3937 466 3977 esse
483 3924 581 3983 videri;
599 3922 649 3974 alia
666 3937 710 3975 res
728 3927 769 3976 est
785 3925 811 3974 in
827 3921 923 3973 talibus
940 3921 1019 3982 iocis,
1038 3920 1122 3985 qualis
1140 3923 1181 3972 est
1197 3921 1225 3973 in
1239 3922 1322 3974 Acad.
1340 3936 1381 3987 pr.
1394 3925 1429 3985 ii,
1448 3925 1464 3988 3
1482 3926 1542 3988 tas,
1560 3925 1606 3977 nbi

281 4003 373 4053 aare
388 4001 491 4051 sinistro
507 4000 676 4051 coniunctum
694 3997 797 4062 legitur.
812 4026 839 4035 -
857 4012 914 4048 cum
930 3999 978 4061 ipsi
992 3998 1064 4047 sonis
1073 3996 1201 4048 sectilibus
1211 3996 1324 4049 habeti
1338 4025 1366 4036 —
1383 3999 1408 4050 8.
1419 3999 1505 4062 {aem
1516 4000 1604 4053 codd:

279 4077 328 4141 tuit
343 4074 457 4127 lacobus
474 4077 502 4125 et
518 4074 583 4125 inira
600 4087 626 4124 v.
638 4074 671 4124 ts
687 4074 781 4135 occepit
802 4086 850 4138 pro
871 4073 1001 4135 accepisset
1024 4072 1116 4134 (totum
1133 4069 1222 4121 locum
1239 4072 1278 4120 sic
1293 4069 1401 4122 scribit:
1424 4075 1544 4125 edocuisse
1558 4076 1607 4124 4444

279 4147 327 4211 tait
344 4157 367 4202 et
382 4151 476 4202 reditas
492 4150 564 4213 queri
579 4150 684 4210 4444444444,
707 4149 772 4199 idem
788 4149 932 4198 4444440444
948 4147 1022 4209 cet).
1050 4149 1082 4197 st
1097 4159 1123 4196 v.
1141 4145 1310 4208 Seyiiertum,
1328 4149 1420 4197 contra
1436 4148 1604 4213 Madvigium,

281 4227 326 4292 qui
349 4225 385 4277 ob
407 4224 520 4277 eandem
538 4235 646 4275 eausam
663 4222 729 4273 inira
745 4236 771 4272 v.
790 4221 821 4272 ta
839 4234 943 4285 mamque
960 4221 1070 4282 delevit,
1089 4221 1127 4272 sic
1145 4220 1336 4285 disputantem:
1355 4222 1482 4274 «Pedites
1499 4225 1540 4275 sui
1556 4223 1606 4275 de-

281 4303 454 4367 scriptionem
471 4312 533 4350 cum
550 4300 588 4349 sic
606 4299 757 4350 inchoasset
773 4298 883 4360 cicero,
904 4302 932 4347 ut
949 4299 1104 4361 quaereret,
1123 4296 1214 4360 ecquis
1232 4297 1377 4359 ignoraret,
1396 4298 1527 4361 quemad
1545 4311 1605 4350 rno-

281 4376 346 4427 dnm
363 4375 414 4426 sibi
431 4373 580 4425 advenienti
591 4400 629 4413 ··
641 4372 761 4425 dextram
778 4375 944 4438 porrexerint
959 4371 1120 4431 Brundisini,
1136 4372 1281 4436 postquam
1292 4385 1323 4423 ea
1335 4371 1444 4434 addidit,
1457 4386 1526 4436 quae
1542 4373 1604 4425 huic

281 4453 321 4502 rei
336 4454 458 4515 tempore
476 4449 697 4501 antecessissent:
714 4462 771 4499 44444
786 4450 846 4512 ipsis
859 4450 938 4498 Nouis
947 4474 986 4488 --
997 4446 1135 4508 accepted,
1153 4446 1188 4496 444
1200 4447 1346 4497 institutum
1357 4458 1436 4497 suum
1447 4450 1605 4512 persecutns

282 4529 334 4589 est,
353 4523 425 4590 quod
441 4525 596 4589 saepissime
613 4525 640 4575 in
657 4522 822 4575 anacolutbis
839 4522 936 4574 lactum
954 4520 1189 4586 deprehendimus,
1207 4523 1237 4571 ut
1248 4519 1349 4586 reliqua
1361 4535 1414 4573 non
1426 4522 1460 4573 ad
1472 4524 1605 4588 inceptam

282 4599 389 4653 dicendi
404 4599 536 4651 rationem
552 4601 704 4659 revocaret,
727 4597 776 4650 sed
798 4597 832 4648 ad
850 4599 937 4650 media
954 4597 995 4648 iile
1013 4600 1041 4648 et
1056 4598 1211 4663 interposita
1227 4596 1386 4663 applicaret,
1409 4611 1462 4662 qua
1478 4600 1505 4650 in
1522 4613 1552 4650 re
1570 4600 1605 4650 ite

282 4679 339 4743 ipse
356 4687 465 4727 omnem
482 4687 602 4726 errorem
619 4672 734 4735 sustulit,
753 4675 783 4723 ut
799 4686 869 4737 quae
886 4671 1049 4737 singularum
1065 4673 1256 4724 sententiarum
1266 4673 1333 4723 ratio
1344 4675 1430 4737 esset,
1448 4675 1512 4726 setis
1530 4677 1604 4725 certo

282 4751 391 4815 indicio,
413 4749 555 4803 modorum
576 4752 604 4800 et
625 4752 777 4815 temporum
793 4748 959 4810 diversitate,
978 4746 1126 4800 declararit.
1152 4750 1285 4809 Quantum
1301 4761 1367 4799 vero
1383 4747 1418 4798 ad
1434 4749 1473 4799 rei
1490 4761 1606 4813 exagge-

282 4829 411 4879 rationem
428 4824 492 4877 illud
508 4827 550 4877 ter
566 4825 707 4889 repetitum
724 4838 782 4875 44444
792 4837 945 4887 -444444444-
956 4837 1060 4887 morse
1076 4824 1218 4889 pertineat,
1245 4824 1304 4888 quis
1321 4822 1430 4874 undem
1446 4825 1534 4875 animo
1552 4837 1605 4875 non

283 4904 496 4971 persentiscati»
516 4925 543 4936 —
562 4900 702 4960 4440444444
719 4899 762 4962 oui
777 4898 870 4950 4444444
885 4911 950 4950 nos:
968 4900 1063 4950 reditas
1078 4900 1122 4962 qai
1136 4900 1260 4959 4444444444)
1276 4900 1326 4961 (est
1341 4900 1436 4950 reditas
1446 4900 1472 4950 in
1484 4901 1604 4950 extremo

281 4979 385 5041 versu);
411 4977 506 5029 reditas
527 4974 668 5038 quiaadmts
688 4974 743 5037 (sic)
767 4974 800 5033 G,
825 4974 978 5037 reditusque,
1003 4975 1097 5025 4444444
1117 4977 1244 5033 Gruterus
1265 4973 1343 5040 prob.
1362 4973 1448 5026 iiadu
1467 4988 1493 5040 p.
1511 4973 1560 5026 sse
1578 4978 1605 5025 et

282 5051 410 5106 Wesenb.
429 5063 456 5117 p.
475 5049 507 5102 04
523 5062 581 5114 sq.;
606 5049 747 5111 4400444444
761 5048 866 5109 naute,
883 5049 949 5100 idem
966 5052 1016 5100 cat.
1036 5048 1114 5101 Orelli
1125 5049 1157 5114 (3)
1174 5052 1282 5100 auctore
1298 5048 1412 5100 Baitero.
1439 5048 1476 5100 Ex
1492 5050 1603 5111 ratione,

282 5141 365 5193 quem
388 5139 436 5180 nos
457 5125 542 5178 secuti
564 5135 670 5184 sumus,
693 5123 758 5174 dicit
779 5123 887 5174 Cicero:
912 5136 975 5174 cum
995 5123 1067 5175 idem
1084 5124 1142 5175 dies
1158 5123 1289 5175 adventus
1305 5125 1359 5175 mei
1374 5123 1529 5188 reditusque
1547 5123 1605 5176 dies

281 5203 388 5265 44444444,
407 5203 453 5267 qui
469 5212 539 5252 unns
555 5197 681 5262 idemque
698 5196 792 5264 triplex
809 5200 866 5250 erut
883 5197 985 5251 natalis.
1000 5226 1027 5237 -
1046 5201 1177 5250 4444444444
1194 5201 1214 5251 G
1227 5225 1255 5236 -
1273 5198 1299 5249 0.
1316 5212 1350 5249 σω
1366 5200 1387 5248 G
1402 5210 1471 5248 corr.
1490 5210 1523 5247 ex
1540 5203 1563 5248 et
1575 5227 1602 5236 -

282 5279 322 5330 40.
340 5279 415 5341 idota,
432 5283 461 5329 444
475 5276 551 5337 adds,
569 5275 637 5325 cedit
653 5273 747 5324 84444444
762 5286 827 5325 nos:
846 5275 915 5324 cedis
930 5273 1025 5325 84444444
1040 5288 1093 5327 om.
1107 5273 1197 5335 codd.;
1215 5275 1281 5324 4444444
1295 5272 1402 5335 Solatia
1419 5276 1449 5322 st
1462 5271 1530 5322 444444
1546 5272 1602 5330 4ος

281 5354 359 5416 idea,
382 5357 412 5404 444
426 5352 507 5412 etto,
528 5350 623 5401 84444444
637 5348 860 5413 Wesenbergins3
882 5349 978 5415 Solatia¹
992 5350 1113 5401 Ciceroni
1132 5348 1301 5400 reddendum
1318 5360 1379 5399 esse
1395 5349 1496 5413 primus
1513 5348 1607 5400 Mann-

282 5428 347 5490 tlns,
366 5428 413 5492 qni
428 5425 534 5491 scripsit
549 5425 615 5474 4444444
630 5428 653 5474 st
669 5423 776 5477 84444444.
795 5436 829 5474 ex
845 5424 921 5489 epist.
939 5423 974 5475 ad
990 5425 1067 5475 Attio.
1080 5425 1122 5486 iv,
1142 5423 1194 5486 4,4
1211 5423 1412 5475 demonstravit.
1426 5449 1453 5460 -
1472 5422 1514 5472 44.
1532 5427 1606 5485 opta-

281 5514 382 5553 morttm
397 5503 418 5554 P
436 5528 464 5539 -
482 5505 506 5551 et
519 5499 712 5564 torttsmnsm
729 5498 849 5549 Garatoni
866 5500 934 5551 coni.
955 5525 982 5535 -
1000 5500 1037 5551 ti.
1055 5513 1118 5550 nos:
1138 5512 1191 5549 om.
1209 5498 1288 5549 codd.
1301 5499 1360 5553 eto
1373 5523 1401 5533 -
1419 5496 1478 5547 laeli
1493 5498 1522 5559 P,
1539 5495 1608 5546 leetit

283 5578 317 5637 (t,
336 5578 364 5627 st
378 5589 405 5628 s.
422 5589 449 5643 p.
469 5573 557 5629 Pleno.
575 5574 591 5640 fi
608 5575 649 5625 07.
667 5573 701 5624 ad
718 5573 789 5625 Fam.
802 5573 867 5638 xiv,
885 5574 910 5636 4,
928 5576 953 5625 2.
973 5601 1000 5611 -
1021 5573 1060 5624 43.
1078 5573 1228 5638 detenderet
1244 5574 1336 5624 itinere
1351 5577 1401 5624 toto
1418 5571 1487 5622 coni.
1506 5569 1608 5621 liedvi-

283 5652 342 5715 gius
358 5665 386 5717 p.
403 5652 462 5703 000.
481 5676 509 5688 -
527 5649 569 5704 44.
586 5650 939 5716 acaunum-mutescere
956 5663 1009 5700 om.
1022 5650 1043 5699 G
1058 5673 1087 5686 -
1106 5649 1146 5699 ts.
1164 5649 1279 5700 4444444444
1294 5646 1324 5700 P¹
1340 5673 1367 5684 -
1386 5645 1426 5697 46.
1443 5643 1609 5710 4444044404

285 5748 314 5762 -
331 5727 381 5777 iter
401 5728 521 5791 adportet
541 5724 656 5792 (litterae
674 5727 691 5776 d
707 5727 735 5776 et
750 5730 760 5776 t
776 5726 937 5790 expunctae)
954 5727 974 5776 P
996 5750 1024 5760 -
1051 5723 1093 5774 47.
1110 5736 1227 5775 4444444444
1242 5724 1262 5775 Ρ
1285 5750 1313 5761 -
1340 5722 1381 5775 48.
1399 5720 1509 5772 dotorem
1530 5719 1560 5770 G¹
1578 5744 1607 5755 -

284 5798 326 5852 40.
344 5805 482 5864 masnata
498 5802 517 5853 P
535 5826 563 5840 —
581 5802 623 5854 40.
641 5800 824 5868 sdqtsooiP-
843 5807 878 5855 eet
894 5799 1084 5854 mes--vtac
1099 5798 1260 5852 habetit-
1278 5799 1347 5851 4444444
1361 5798 1426 5851 PG:
1443 5793 1611 5850 4440444400

283 5875 321 5938 i,
339 5878 410 5929 444.
427 5875 514 5931 444444.
531 5889 560 5946 p.
576 5876 635 5932 444.
1505 5919 1509 5927 .

327 5967 496 6021 timebit.
973 6027 981 6065 Ι
1354 5963 1396 6034 62
