3800 7350
309 1220 371 1287 860
703 1228 855 1295 ORATIO
876 1229 930 1294 DE
954 1230 1069 1296 bonit)
1093 1232 1168 1296 SUA

310 1400 478 1463 commissa
499 1401 680 1485 creditaque
703 1422 772 1465 esse
793 1401 971 1464 videantur.
1013 1397 1045 1462 2.
1069 1399 1168 1463 Vobis
1189 1399 1342 1464 hodierno
1365 1401 1416 1464 die
1438 1401 1634 1465 constituen-

309 1493 386 1556 dum
409 1502 473 1568 est,
494 1503 599 1558 utrum
622 1495 753 1578 posthac
775 1503 915 1558 amentes
938 1515 975 1559 ac
997 1494 1136 1577 perditos
1155 1494 1353 1577 magistratus
1368 1495 1581 1578 improborum
1596 1516 1633 1558 ac

201 1583 206 1588 ’
310 1586 534 1650 sceleratorum
557 1588 671 1651 civium
694 1589 849 1673 praesidio
871 1588 990 1651 nudare
1012 1608 1053 1651 an
1076 1587 1170 1650 etiam
1186 1588 1317 1652 deorum
1338 1589 1561 1654 immortalium
1583 1611 1634 1653 re-

310 1678 428 1763 ligione
456 1702 578 1744 armare
600 1681 726 1746 malitis.
768 1685 847 1745 Nam
869 1684 895 1746 si
916 1682 971 1745 illa
992 1681 1079 1744 labes
1101 1701 1137 1744 ac
1160 1684 1283 1745 flamma
1304 1682 1350 1744 rei
1373 1682 1519 1765 publicae
1541 1704 1633 1746 suum

287 1773 399 1837 billum
422 1775 606 1857 pestiferum
628 1783 660 1838 et
681 1775 841 1840 funestum
863 1778 1073 1851 tribunatum,
1096 1797 1191 1860 quem
1212 1775 1372 1859 aequitate
1394 1776 1531 1840 humana
1552 1776 1634 1839 tueri

311 1888 375 1932 non
403 1877 522 1954 potest,
551 1868 658 1932 divina
683 1869 835 1953 religione
857 1869 1051 1946 defenderit,
1080 1869 1394 1932 aliae'caerimoniae
1417 1870 1507 1933 nobis
1530 1877 1634 1945 erunt,

310 1962 367 2024 alii
380 1963 536 2027 antistites
552 1964 682 2027 deorum
702 1963 934 2039 immortalium,
956 1965 1009 2028 alii
1031 1965 1218 2045 interpretes
1233 1962 1421 2045 religionum
1435 1965 1634 2047 requirendi:

311 2057 359 2118 sin
386 2064 493 2120 autem
519 2064 622 2131 vestra
649 2058 835 2122 auctoritate
857 2059 1097 2143 sapientiaque,
1125 2052 1305 2141 pontifices,
1333 2077 1386 2130 ea,
1416 2076 1498 2141 quae
1526 2056 1635 2121 furore

310 2150 524 2234 improborum
546 2171 580 2214 re
602 2151 731 2235 publica
750 2152 789 2215 ab
810 2152 881 2216 aliis
902 2172 1071 2236 oppressa,
1094 2151 1133 2213 ab
1154 2150 1223 2214 aliis
1245 2150 1448 2226 deserta„ab
1469 2151 1539 2215 aliis
1560 2173 1636 2237 pro·

275 2241 378 2306 rodite
399 2250 487 2326 geste
508 2252 598 2319 sunt,
620 2245 859 2321 rescinduntur,
881 2247 942 2311 erit
963 2264 1073 2319 causa,
1096 2264 1152 2308 cnr
1171 2244 1337 2308 consilium
1353 2245 1505 2309 maiorum
1520 2244 1555 2308 in
1569 2266 1636 2311 am-

312 2335 461 2420 plissimis
481 2337 558 2401 viris
580 2338 620 2401 ad
644 2339 819 2403 sacerdotia
841 2340 1017 2425 deligendis
1039 2341 1108 2403 iure
1129 2359 1166 2403 ae
1187 2341 1298 2402 merito
1321 2338 1450 2403 laudare
1465 2340 1635 2422 possimus.

313 2426 344 2491 3.
367 2428 430 2493 Sed
452 2433 604 2513 quoniam
625 2432 679 2496 ille
701 2432 847 2508 demens,
870 2434 898 2498 si
919 2455 974 2510 ea,
996 2454 1080 2519 quae
1102 2453 1160 2517 per
1179 2433 1238 2497 bos
1260 2432 1328 2496 dies
1343 2452 1402 2517 ego
1419 2434 1452 2496 in
1466 2440 1579 2497 senatu
1593 2431 1635 2496 de

314 2544 348 2588 re
370 2524 497 2608 publica
518 2527 618 2602 sensi,
640 2527 865 2614 vituperasset,
887 2527 1027 2612 aliquem
1047 2548 1083 2591 se
1103 2526 1223 2590 aditum
1246 2526 1286 2590 ad
1307 2546 1399 2590 aures
1420 2534 1541 2591 vestras
1563 2547 1636 2591 esse

311 2618 491 2683 habiturum
513 2622 649 2704 putavit,
671 2621 811 2686 omittam
833 2620 978 2685 ordinem
993 2618 1118 2685 dicendi
1140 2637 1263 2684 meum:
1285 2620 1483 2704 respondebo
1497 2622 1636 2686 bominis

274 2711 420 2777 iniuriosi
442 2733 507 2777 non
529 2714 682 2790 orationi,
713 2734 776 2798 qua
796 2714 851 2779 illa
872 2715 919 2778 uti
942 2734 1007 2777 non
1030 2721 1150 2798 potest,
1172 2713 1228 2778 sed
1250 2715 1409 2790 convicio,
1432 2716 1523 2779 cuius
1544 2736 1637 2780 exer·

311 2806 492 2871 citationem
521 2829 593 2872 eum
622 2807 813 2872 intolerabili
840 2808 1035 2893 petulantia,
1064 2816 1131 2871 turn
1159 2809 1253 2872 etiam
1276 2807 1424 2873 diuturna
1449 2809 1637 2893 impunitate

310 2902 453 2966 munivit.

395 2998 435 3060 ll.
458 2998 502 3061 Ac
524 2998 658 3080 primum
681 2995 761 3059 illud
782 3017 802 3060 a
822 3003 864 3075 te,
886 2996 1014 3062 bomine
1031 3015 1167 3061 vaesano
1182 3015 1219 3059 ac
1241 2977 1371 3071 furioso,
1393 2999 1531 3082 requiro,
1553 3021 1637 3083 quae

312 3100 343 3157 te
365 3099 452 3156 tanta
473 3112 577 3175 poena
597 3099 723 3155 tuorum
745 3091 898 3155 scelerum
921 3092 1178 3174 flagitiorumque
1192 3100 1302 3165 vexet,
1324 3098 1358 3154 ut
1372 3092 1431 3156 bos
1447 3093 1525 3156 tales
1540 3093 1636 3169 viros,

274 3188 366 3270 ioqui
395 3205 459 3248 non
488 3185 590 3249 solum
620 3185 761 3261 consiliis
790 3186 872 3261 suis,
901 3185 958 3249 sed
987 3185 1081 3248 etiam
1112 3184 1219 3267 specie
1248 3185 1318 3267 ipsa
1340 3192 1372 3248 et
1396 3185 1547 3267 dignitate
1567 3207 1637 3250 rem

312 3278 466 3363 publicam
489 3281 660 3353 sustinent,
689 3279 775 3362 quod
798 3300 856 3363 ego
880 3280 912 3343 in
935 3277 1091 3342 sententia
1112 3277 1246 3341 dicenda
1268 3277 1401 3341 salutem
1425 3278 1541 3343 civium
1563 3301 1636 3343 oum

311 3373 430 3437 bonore
460 3372 515 3437 Cn.
538 3372 678 3456 Pompeii
706 3374 941 3447 coniunxerim,
971 3371 1048 3435 mibi
1074 3391 1146 3435 esse
1166 3374 1263 3435 iratos
1286 3381 1317 3435 et
1337 3372 1430 3435 aliter
1451 3372 1638 3444 desummo

311 3465 465 3548 religione
502 3467 563 3529 hoc
596 3474 737 3551 tempore
771 3459 921 3531 sensuros
956 3485 993 3529 ac
1029 3485 1079 3528 me
1109 3465 1238 3529 absente
1270 3466 1441 3541 senserint,
1474 3466 1637 3532 arbitrere.

311 3555 341 3621 4.
366 3559 502 3635 «Fuisti,
530 3560 650 3645 inquit,
675 3566 741 3623 tum
763 3562 847 3644 apud
869 3556 1034 3644 pontifices
1058 3559 1220 3644 superior,
1250 3559 1306 3621 sed
1327 3558 1408 3634 iam,
1430 3561 1582 3646 qnoniam
1604 3569 1638 3625 te

274 3653 351 3717 nau
373 3653 525 3739 populum
546 3653 724 3731 contulisti,
753 3655 796 3719 sis
821 3653 953 3720 inferior
979 3673 1111 3718 neeesse
1134 3661 1210 3718 est»
1256 3654 1343 3718 ltane
1364 3656 1464 3718 vero?
1492 3654 1580 3739 quod
1603 3655 1637 3720 in
1736 3648 1739 3655 ’

311 3750 457 3833 imperita
477 3748 676 3813 multitudine
698 3756 746 3812 est
759 3748 1014 3823 vitiosissimum,
1036 3748 1171 3812 varietas
1193 3755 1226 3812 et
1245 3749 1456 3814 inconstantia
1475 3758 1508 3814 et
1526 3750 1638 3815 erebra

311 3851 470 3928 tamquam
493 3850 712 3927 tempestatum
734 3841 780 3906 sic
801 3841 1030 3906 sententiarum
1044 3841 1262 3916 commutatio,
1284 3841 1345 3905 boc
1357 3849 1393 3906 tu
1407 3843 1447 3906 ad
1461 3843 1520 3908 bos
1534 3850 1638 3908 mans

311 3936 411 4013 feras,
433 3957 515 4022 quos
536 3937 576 4000 ab
596 3936 809 4000 inconstantia
830 3936 982 4019 gravitas,
1003 3953 1022 3998 a
1042 3933 1214 3998 libidinosa
1230 3934 1387 3999 sententia
1400 3943 1519 4000 certum
1534 3942 1567 4000 et
1581 3935 1638 4002 de-

310 4033 435 4096 finitum
456 4032 506 4094 ius
528 4030 734 4114 religionum,
760 4037 900 4094 vetustas
922 4028 1159 4110 exemplorum,
1181 4029 1350 4093 auctoritas
1372 4029 1547 4094 litterarum
1569 4051 1639 4094 mo-

274 4133 598 4209 ornamentorumque
621 4116 783 4188 deterret?
820 4128 926 4187 «Tune
949 4142 983 4184 es
1005 4121 1074 4195 ille,
1094 4122 1211 4206 inquit,
1227 4142 1292 4206 quo
1307 4129 1434 4186 senatus
1450 4143 1556 4187 carere
1572 4145 1638 4188 non

311 4221 430 4306 potuit,
453 4239 548 4304 quem
567 4219 645 4282 boni
667 4218 833 4294 luxerunt,
856 4237 952 4302 quem
975 4235 1026 4279 res
1043 4214 1169 4299 publica
1184 4215 1389 4290 desideravit,
1412 4237 1475 4301 qno
1487 4218 1638 4283 restituto

312 4323 438 4378 senatus
460 4314 676 4377 auctoritatem
698 4313 872 4377 restitutam
894 4311 1097 4394 putabamus,
1121 4329 1214 4394 quam
1232 4310 1364 4393 primam
1379 4309 1551 4373 adveniens
1565 4332 1639 4396 pro·

312 4406 466 4470 didistitn
500 4407 648 4471 Nondum
670 4407 709 4470 de
731 4426 801 4470 mea
823 4405 980 4469 sententia
1002 4403 1090 4467 dieo:
1112 4402 1328 4486 impudentiae
1349 4402 1487 4484 primum
1506 4422 1640 4487 respon·

312 4499 394 4563 debo
425 4507 507 4564 tuae.
551 4501 605 4563 lll.
627 4499 657 4563 5.
679 4501 772 4564 Hunc
799 4499 910 4582 igitur,
939 4495 1067 4560 funesta
1093 4495 1141 4559 rei
1171 4496 1316 4580 publicae
1342 4495 1455 4579 pestis,
1488 4495 1574 4561 bunc
1604 4506 1638 4562 tu

377 4728 402 4776 3.
418 4726 534 4790 posticae
550 4725 634 4778 GbiV
649 4751 675 4762 -
694 4726 798 4774 omentis
814 4725 862 4774 PG
873 4752 905 4761 -
923 4724 1054 4785 inprornm
1070 4718 1113 4780 P¹;
1132 4719 1294 4785 inproborum
1305 4723 1335 4771 P²
1348 4748 1375 4758 -
1394 4721 1418 4772 3.
1436 4719 1551 4785 religioni
1569 4718 1598 4773 1)ι
1609 4751 1638 4760 -

312 4802 337 4853 0.
355 4800 523 4851 conimonioe
538 4802 601 4849 PG:
624 4801 795 4848 coerernonine
812 4799 832 4848 0
851 4826 878 4834 -
900 4804 974 4850 munt
990 4798 1132 4848 tuiiontistis
1147 4793 1176 4846 Ρι
1195 4822 1221 4831 -
1241 4796 1265 4847 8.
1280 4795 1415 4862 pontificos]
1433 4797 1460 4846 in
1472 4797 1602 4860 pontifices
1619 4801 1639 4849 P

312 4904 340 4933 ,-
360 4879 383 4928 0.
401 4874 563 4938 inproborum
579 4876 613 4934 P;
630 4873 800 4936 improborum
816 4888 903 4924 amore
918 4874 1038 4924 bonorum
1052 4873 1118 4928 GV;
1137 4870 1307 4934 improborum
1322 4873 1410 4922 timore
1426 4871 1546 4921 domnam
1563 4873 1588 4922 bl
1608 4899 1637 4909 -

310 4966 380 5015 rep.
398 4953 436 5002 n:
453 4965 495 5013 ip.
514 4952 548 5009 G;
565 4950 603 4999 rei
619 4964 654 5012 ,μ
673 4952 705 5006 P;
723 4950 760 5000 rei
776 4950 811 5008 V;
830 4951 941 5012 inrep.
961 4950 1020 4999 0-
1039 4947 1071 4997 ab
1088 4948 1136 4997 aiis
1152 4960 1269 5009 oppressu
1285 4947 1354 4999 P¹·-
1374 4947 1462 4996 obitir
1478 4947 1575 4996 demto
1592 4950 1636 5007 Ρη

311 5028 343 5078 ob
353 5028 402 5077 iliis
412 5028 508 5077 moto
520 5028 549 5076 P²
563 5052 589 5062 -
603 5025 634 5074 ab
645 5025 692 5074 ciis
704 5026 808 5086 prodita
819 5028 847 5075 P¹
860 5052 887 5060 —
907 5026 946 5074 40.
961 5024 1134 5073 rescindantur
1145 5022 1321 5073 Ernestios.-
1334 5021 1462 5070 malornm
1473 5022 1492 5070 P
1503 5047 1530 5057 -
1544 5022 1585 5071 44.
1598 5023 1641 5072 de·

311 5103 414 5166 ligendis
431 5103 511 5166 (prior
526 5102 536 5149 i
554 5102 579 5150 in
596 5101 696 5162 rasura)
709 5103 766 5150 P-
786 5100 826 5150 43.
843 5114 890 5161 per
905 5101 949 5150 bor
965 5101 1015 5149 dios
1031 5113 1076 5162 ego
1093 5099 1126 5148 C:
1146 5111 1190 5161 epo
1205 5111 1251 5159 per
1267 5097 1310 5146 bos
1326 5097 1377 5146 dies
1393 5097 1413 5146 0
1433 5124 1460 5134 -
1480 5096 1520 5146 43.
1537 5097 1641 5159 publiea

312 5181 398 5229 om.P
414 5203 439 5214 —
457 5176 601 5226 bowwaon
616 5189 667 5225 esse
682 5177 704 5225 G
722 5202 749 5212 -
770 5176 810 5225 43.
828 5176 936 5225 connino
953 5176 1005 5227 ΡΜ
1022 5201 1055 5211 -
1073 5174 1113 5223 46.
1132 5173 1271 5235 inpunitate
1286 5175 1305 5223 P
1320 5199 1347 5210 -
1362 5172 1402 5221 48.
1420 5185 1532 5222 noeaono
1548 5175 1580 5223 P:
1599 5188 1641 5224 ve-

311 5267 374 5303 sano
390 5253 419 5302 0.
440 5250 478 5302 ct.
497 5251 565 5314 555.
579 5249 635 5302 444.
648 5252 764 5314 Wagner
781 5251 897 5314 Ortbopr.
913 5250 1002 5313 Vergit.
1015 5262 1041 5312 p.
1055 5246 1102 5298 ira
1114 5260 1155 5310 sq.
1170 5272 1197 5284 -
1217 5247 1258 5297 49.
1273 5259 1358 5310 poeno
1369 5249 1388 5296 P
1402 5273 1429 5283 -
1448 5248 1505 5297 tuiis
1516 5250 1596 5299 PGV
1609 5275 1638 5287 -

311 5328 353 5377 2⁰.
370 5327 427 5389 ipae
441 5331 465 5375 et
480 5326 601 5389 dipnitote
615 5338 669 5375 rem
687 5339 715 5388 p.
733 5327 772 5375 bl:
793 5326 860 5387 ipso,
881 5325 1027 5388 0490444440
1046 5322 1085 5372 rei
1103 5335 1131 5383 ρ.
1149 5325 1181 5382 Ρ;
1204 5322 1261 5383 ipse
1281 5322 1427 5385 dignitatem
1443 5323 1481 5373 rei
1500 5337 1527 5385 p.
1546 5325 1598 5373 GV
1608 5327 1639 5375 0.

312 5405 458 5466 iunguntur
472 5401 562 5464 specus
579 5401 605 5450 et
621 5401 729 5464 dignita
745 5401 825 5451 etiam
843 5398 909 5450 intra
926 5398 941 5461 5
958 5398 999 5458 89,
1018 5399 1045 5447 in
1061 5395 1177 5460 Pisong
1194 5395 1227 5446 al
1244 5398 1272 5446 et
1286 5409 1364 5458 rann.
1376 5396 1496 5445 setim
1512 5397 1576 5447 item
1594 5397 1642 5448 ba-

312 5476 363 5528 bes
380 5475 395 5540 S
412 5475 468 5526 444.
495 5475 535 5527 Ct.
553 5476 633 5525 etiam
651 5474 666 5537 5
684 5475 740 5526 433.
761 5500 788 5510 -
806 5474 1039 5536 inponente·
1056 5471 1131 5520 einer
1147 5470 1184 5522 bi:
1204 5471 1268 5521 aiios
1283 5473 1315 5531 P;
1334 5471 1474 5529 odnaGV;
1492 5471 1595 5524 atiudo
1610 5500 1638 5510 —

312 5547 1085 5615 wrctnionotocrnnporecznocnnpororettntonoo
1104 5572 1130 5581 -
1154 5544 1201 5610 mel
1224 5544 1306 5597 001)ι
1325 5549 1553 5614 5404444444-
1572 5547 1643 5597 orbi·

313 5630 383 5676 trare
397 5624 450 5676 PV
469 5650 495 5660 -
513 5622 555 5675 24.
573 5624 666 5686 inquit,
683 5628 737 5672 ton
753 5624 932 5674 Hotomanus:
951 5623 1032 5684 nonu
1047 5626 1075 5671 tu
1091 5617 1198 5678 P²Gbi;
1218 5621 1307 5682 inquid
1322 5626 1350 5670 tn
1365 5618 1439 5680 P¹V3
1462 5627 1503 5682 tu,
1521 5623 1603 5683 inanit
1619 5624 1641 5674 0

316 5727 343 5736 -
361 5701 501 5762 amariores
514 5699 557 5749 aad
572 5699 649 5750 ntea
665 5697 759 5752 PGV:
776 5699 891 5760 mesor
906 5701 967 5748 aaut
981 5697 1132 5747 44440404-
1151 5697 1193 5746 33,
1211 5695 1430 5746 contulistiaP1—
1445 5695 1551 5745 interior
1566 5696 1596 5746 4)ι
1609 5722 1638 5732 -

314 5772 357 5838 ert]
374 5779 398 5824 et
413 5772 442 5825 Ρ·
458 5799 486 5811 -
505 5775 546 5825 27.
564 5773 599 5839 te]
617 5780 671 5825 tens
686 5775 720 5831 1³:
744 5777 823 5823 mum
842 5773 942 5832 GllV3
965 5777 1023 5822 trau
1043 5769 1169 5821 Halmius.
1190 5797 1218 5806 -
1242 5771 1282 5821 30.
1300 5775 1359 5821 tune
1379 5775 1414 5821 ert
1429 5770 1471 5820 iiie
1485 5772 1574 5834 mquid
1589 5785 1641 5832 qno

314 5854 415 5898 motin
430 5862 517 5900 earm
531 5861 582 5899 aon
595 5851 677 5912 potnit
693 5845 796 5898 Grillius
813 5846 856 5899 iol.
868 5844 910 5908 44,
922 5845 950 5897 b.
966 5871 993 5881 -
1012 5844 1046 5911 es]
1063 5841 1183 5896 444441-
1202 5845 1290 5908 noeti
1305 5848 1374 5896 P1-
1389 5848 1479 5908 ouo,P
1493 5836 1574 5896 -32,
1585 5847 1641 5909 pri·

317 5935 387 5975 nrum
403 5925 435 5974 P:
451 5924 564 5990 primun
579 5923 693 5976 Gitvo
711 5948 738 5959 -
754 5921 862 5986 prodiit
876 5920 937 5974 Μ
953 5944 982 5958 ·-
999 5919 1041 5975 33.
1058 5920 1218 5984 inpudentiae
1232 5922 1266 5982 P;
1284 5920 1466 5984 innuendas
1481 5923 1512 5972 G.
