3800 7350
313 1143 376 1215 980
733 1149 885 1214 oaarlo
907 1148 986 1214 PRO
1008 1150 1042 1213 P.
1065 1148 1206 1214 SESTIO

312 1319 498 1398 floruerunt,
529 1320 724 1385 cohortabor.
767 1316 946 1384 t37.}1ae0
969 1328 1017 1384 est
1037 1339 1100 1383 uua
1121 1312 1187 1394 via,
1217 1318 1294 1382 mihi
1317 1316 1452 1394 credite,
1475 1327 1506 1383 et
1527 1318 1631 1385 laudis
1651 1395 1654 1399 g

313 1425 346 1483 et
366 1416 528 1501 dignitatis
550 1425 582 1480 et
601 1415 747 1479 honoris:
773 1437 793 1479 a
819 1416 911 1479 bonis
933 1415 1009 1479 viris
1031 1414 1228 1497 sapientibus
1257 1421 1289 1476 et
1315 1412 1395 1477 bene
1423 1422 1536 1479 natura
1558 1436 1632 1479 con-

313 1513 431 1577 stitutis
452 1510 572 1576 laudari
595 1518 627 1574 et
648 1510 754 1593 diligi;
776 1530 870 1574 nosse
887 1509 1133 1592 descriptionem
1148 1508 1280 1572 civitatis
1296 1507 1499 1573 amaloribus
1514 1509 1630 1573 nostris

313 1606 541 1692 sapientissime
564 1604 784 1679 constitutam3
807 1605 863 1688 qui
886 1624 957 1667 cum
978 1623 1088 1685 regum
1109 1609 1299 1684 potestatem
1321 1623 1387 1666 non
1408 1602 1564 1680 tulissent,
1586 1603 1632 1666 ita

288 1701 512 1784 omagistratus
540 1719 662 1762 annuos
690 1707 887 1773 creavenmt,
910 1705 945 1760 ut
967 1697 1133 1760 consilium
1156 1704 1283 1760 senatus
1304 1697 1350 1760 rei
1372 1697 1518 1780 publicae
1540 1717 1631 1781 prae-

311 1801 468 1881 ponerent
488 1793 731 1875 sempiternum,
762 1792 975 1876 deligerentur
995 1799 1100 1854 autem
1123 1792 1209 1853 inid
1232 1791 1399 1854 consilium
1420 1791 1459 1855 ab
1482 1792 1629 1857 universo

310 1888 431 1975 populo
458 1887 626 1970 aditusque
646 1888 680 1950 in
701 1887 791 1949 illum
812 1907 970 1950 summum
991 1885 1134 1948 ordinem
1156 1885 1296 1948 omnium
1319 1883 1436 1949 civium
1456 1886 1630 1952 industriae

311 2004 348 2050 ao
365 1983 474 2049 virtuti
495 1989 625 2064 pateret
660 1981 810 2045 Senatum
825 1981 871 2044 rei
888 1980 1031 2063 publicae
1047 1978 1219 2054 custodem,
1241 1980 1428 2063 praesidem,
1451 2000 1630 2065 propugna-

311 2089 410 2144 torem
441 2077 691 2142 collooaverunt:
719 2074 815 2138 buius
845 2074 965 2138 ordinis
988 2074 1173 2136 auctoritate
1194 2074 1241 2136 uti
1263 2076 1462 2158 magistratus
1485 2081 1518 2138 et
1538 2076 1629 2158 quasi

275 2184 302 2231 so
311 2173 471 2237 ministros
493 2169 667 2253 gravissimi
689 2169 812 2232 consilii
834 2189 904 2232 esse
926 2167 1109 2230 voluerunt:
1143 2175 1287 2231 senatum
1307 2176 1411 2232 autem
1433 2169 1537 2253 ipsum
1558 2189 1631 2253 pro-

310 2268 467 2331 ximorum
488 2265 632 2328 ordinum
655 2263 856 2348 splendorem
878 2258 1073 2335 confirmare,
1095 2260 1197 2344 plebis
1221 2262 1399 2326 libertatem
1421 2272 1453 2327 et
1467 2263 1632 2327 commoda

310 2360 394 2424 tueri
421 2366 514 2442 atque
543 2378 658 2442 augere
686 2358 864 2421 voluerunt.
915 2356 1026 2418 LXVI.
1048 2350 1118 2416 438.
1146 2355 1232 2419 Haec
1263 2357 1318 2438 qui
1348 2377 1405 2439 pro
1433 2358 1517 2421 virili
1541 2367 1631 2442 parto

311 2453 500 2528 defenduut,
526 2453 692 2540 optimates
715 2459 805 2527 suut,
835 2453 1062 2533 cuiuscumque
1084 2455 1157 2512 sunt
1178 2450 1316 2524 ordinis;
1338 2451 1393 2532 qui
1415 2458 1521 2515 autom
1541 2471 1630 2536 prae·

311 2550 404 2634 cipue
426 2549 492 2613 suis
514 2547 687 2611 cervicibus
709 2553 796 2610 tanta
817 2546 925 2609 munia
945 2552 1039 2626 atque
1063 2564 1129 2607 rem
1144 2544 1301 2627 publicam
1316 2544 1479 2621 sustinent,
1500 2545 1536 2610 bi
1549 2566 1630 2611 sem·

274 2653 368 2727 sopor
388 2641 487 2705 babiti
509 2648 583 2704 sunt
604 2641 802 2723 optimatium
823 2638 998 2722 principes,
1021 2646 1165 2702 auctores
1187 2647 1219 2701 et
1233 2648 1470 2704 conservatores
1485 2642 1629 2706 civitatis.

310 2736 392 2801 lluio
411 2736 577 2799 bominum
598 2734 705 2817 generi
726 2734 844 2808 fateor,
868 2741 901 2796 ut
922 2740 995 2795 ante
1011 2732 1092 2805 dixi,
1115 2732 1231 2796 multos
1246 2734 1454 2810 adversarios,
1476 2734 1630 2809 inimicos,

309 2829 434 2893 invidos
463 2848 552 2903 esse,
581 2828 680 2891 multa
705 2828 839 2912 proponi
867 2827 1024 2909 pericula,
1053 2827 1166 2889 multas
1194 2827 1303 2890 inferri
1324 2827 1470 2904 iniurias,
1501 2848 1630 2913 magnos

310 2943 380 2988 osso
402 2921 612 3008 experiundos
634 2929 667 2986 ot
687 2920 870 2987 subeundos
891 2921 1035 2984 labores:
1067 2919 1122 2983 sed
1143 2921 1220 2984 mihi
1242 2922 1344 3007 omnis
1366 2922 1467 2987 oratio
1490 2929 1539 2986 est
1559 2942 1631 2986 cum

255 3069 257 3074 <
309 3018 442 3093 virtuto,
471 3036 536 3079 nou
558 3036 629 3079 oum
650 3015 789 3089 desidia,
818 3034 890 3077 oum
912 3014 1078 3096 dignitate,
1107 3035 1170 3077 uon
1192 3036 1263 3079 cum
1284 3015 1462 3099 voluptate,
1485 3037 1555 3079 cum
1579 3016 1630 3091 iis,

273 3112 367 3196 ioqui
389 3132 423 3176 se
445 3110 583 3195 patriae,
605 3110 748 3193 quisuis
771 3108 907 3180 civibus,
930 3107 985 3189 qui
1007 3107 1109 3182 laudi,
1132 3109 1187 3192 qui
1208 3109 1343 3191 gloriae,
1365 3129 1430 3172 nou
1446 3112 1503 3195 qui
1517 3130 1629 3175 somno

310 3212 343 3270 ot
371 3203 523 3268 conviviis
551 3210 584 3267 et
610 3202 814 3265 delectationi
844 3208 935 3263 natos
958 3200 1156 3265 arbitrantur.
1188 3204 1267 3266 Nam
1290 3204 1316 3266 si
1338 3205 1393 3287 qui
1414 3205 1630 3289 voluptatibus

310 3299 470 3363 ducuntur
491 3302 524 3359 et
544 3315 578 3373 se
600 3295 749 3359 vitiorum
770 3294 928 3358 illecebris
950 3303 982 3358 et
1003 3295 1222 3379 cupiditatium
1246 3296 1410 3361 lenociniis
1433 3297 1630 3373 dediderunt,

310 3392 423 3456 misso's
451 3389 567 3454 iaciant
594 3390 747 3463 bonores,
775 3409 816 3452 no
846 3390 1002 3472 attingant
1022 3408 1087 3452 rem
1110 3391 1285 3472 publicam,
1314 3391 1473 3475 patiantur
1492 3394 1630 3457 virorum

309 3485 438 3550 fortium
467 3483 574 3547 labore
600 3503 634 3545 se
657 3483 722 3545 otio
744 3502 801 3545 suo
824 3481 953 3565 perfrui.
997 3478 1068 3544 439.
1091 3482 1153 3558 Qui
1176 3492 1280 3548 autem
1301 3485 1417 3548 bonam
1437 3484 1553 3550 lamam
1573 3485 1631 3547 bo·
1687 3517 1697 3534 ·

273 3591 441 3653 sonorum,
471 3595 553 3661 quae
586 3574 755 3640 solarere
784 3576 885 3658 gloria
906 3575 1062 3640 nominari
1084 3584 1205 3658 potest,
1236 3586 1408 3662 expetunt,
1437 3580 1508 3644 aliis
1530 3579 1629 3645 otium

310 3692 462 3759 quemme
484 3668 602 3735 debent
623 3675 655 3733 et
674 3669 869 3753 voluptates,
891 3690 954 3733 uon
977 3669 1047 3733 sibi.
1083 3670 1267 3737 Sudandum
1288 3683 1337 3738 est
1358 3674 1399 3739 iis
1417 3695 1475 3758 pro
1490 3694 1630 3738 commu·

310 3767 403 3832 nibus
425 3765 613 3840 commodis,
636 3765 800 3828 adeundae
821 3764 1020 3839 inimicitiae,
1048 3765 1231 3830 subeundae
1253 3787 1348 3851 saepe
1369 3788 1426 3852 pro
1448 3767 1630 3852 republica

310 3868 530 3945 tempestatem
559 3879 632 3922 cum
653 3857 759 3922 multis
781 3857 967 3932 audacibus,
988 3857 1154 3941 improbis,
1176 3880 1241 3922 non
1263 3882 1436 3946 numquam
1458 3863 1551 3927 etiam
1572 3882 1629 3945 po·

309 3955 448 4019 tentibus
470 3952 692 4016 dimicandum.
725 3951 810 4018 llaec
828 3950 1004 4015 audivimus
1020 3949 1059 4014 de
1075 3952 1319 4018 clarissimorum
1334 3955 1472 4020 virorum
1487 3956 1628 4021 consiliis

272 4056 343 4115 acet
368 4047 474 4122 factis,
507 4046 586 4111 baec
612 4046 805 4129 accepimus,
838 4045 916 4108 haec
942 4044 1085 4128 legimus.
1123 4049 1231 4131 Neque
1262 4069 1316 4113 eos
1339 4049 1372 4113 iu
1393 4050 1486 4115 laude
1507 4051 1628 4134 positos

310 4141 471 4216 videmus,
494 4141 549 4223 qui
571 4141 744 4204 incitarunt
765 4138 937 4222 aliquando
962 4140 1070 4223 populi
1086 4142 1207 4206 animos
1221 4144 1261 4206 ad
1277 4144 1483 4219 seditionem,
1504 4151 1559 4208 aut
1573 4144 1629 4227 qui

309 4235 475 4319 largitione
498 4241 666 4298 caecarunt
686 4241 807 4297 mentes
828 4233 1060 4317 imperitorum,
1085 4243 1140 4298 aut
1167 4238 1222 4320 qui
1251 4237 1347 4301 fortes
1370 4247 1402 4302 et
1423 4238 1524 4302 claros
1545 4237 1629 4302 viros

310 4335 343 4393 st
370 4329 451 4393 bene
480 4328 519 4391 de
548 4348 582 4392 re
608 4327 736 4410 publica
757 4327 882 4390 meritos
903 4329 936 4390 in
958 4328 1109 4392 invidiam
1130 4330 1270 4413 aliquam
1290 4340 1489 4397 vocaverunt.
1529 4332 1629 4396 Leues

309 4423 369 4487 lios
390 4442 514 4507 semper
535 4424 634 4486 nostri
654 4420 799 4485 hominos
821 4427 854 4484 et
873 4421 1009 4486 audaces
1032 4430 1064 4486 et
1083 4424 1183 4488 malos
1204 4432 1238 4489 et
1257 4426 1452 4510 perniciosos
1467 4427 1553 4492 ciros
1571 4445 1629 4509 pu·

375 4733 400 4782 i.
417 4744 472 4794 sap.
489 4737 513 4783 st
528 4732 588 4782 beas
603 4731 637 4781 d:
655 4744 710 4794 ssp.
728 4730 825 4781 besso
841 4734 874 4791 l’3
892 4737 985 4794 etsop.
1004 4733 1063 4785 boos
1078 4737 1148 4795 stG;
1165 4739 1189 4786 st
1204 4735 1366 4799 sapientibus,
1385 4736 1517 4788 beass-
1534 4739 1629 4787 snm

310 4806 373 4858 Po:
391 4806 605 4857 oooturoso-
622 4806 645 4856 3.
659 4807 1006 4869 umquamne-as:
1027 4811 1225 4874 om.PGprob.
1238 4810 1366 4863 Wesenb.
1379 4825 1405 4877 p.
1418 4812 1490 4862 64-
1503 4810 1629 4877 arem

310 4881 373 4931 PG:
386 4881 483 4944 regiam
493 4881 547 4930 SO.
566 4882 656 4945 «depos
668 4880 762 4933 melius
776 4883 944 4945 opponuntur
955 4883 1150 4948 magistratibus
1162 4886 1268 4944 anonim
1287 4886 1320 4936 ci.
1330 4885 1364 4936 dc
1378 4887 1442 4951 itep.
1455 4884 1582 4948 1,³r,to.
1600 4899 1627 4951 p.

309 4955 395 5005 Deiot.
414 4954 429 5018 ss
445 4953 491 5016 40;
508 4958 532 5007 si
549 4958 603 5008 Cic.
616 4959 713 5022 reptem
724 4957 844 5018 dixisset,
864 4956 973 5008 dixisset
988 4958 1060 5009 idem
1076 4960 1114 5009 ito
1124 4973 1236 5011 ossuum
1246 4961 1416 5023 instituerunt,
1435 4963 1465 5010 ut
1475 4958 1509 5010 de
1520 4961 1585 5025 llep.
1595 4960 1627 5021 11,

309 5028 389 5092 3563
416 5028 1019 5096 ct.1,5sooprmstca·repto-popotoro,
1044 5032 1627 5100 11,asaporpetoa-repsa,riu.1,sa‚

309 5102 355 5154 nbi
376 5107 437 5168 post
457 5106 584 5159 dumorc
603 5109 652 5158 rito
673 5107 768 5159 dicitur
787 5108 860 5172 repis
872 5113 1006 5171 potestas.»
1023 5111 1181 5161 Wrseuaeao
1201 5124 1227 5176 p.
1246 5111 1286 5162 68.
1306 5137 1332 5147 -
1361 5112 1385 5161 6.
1403 5109 1572 5174 daromae·
1587 5107 1627 5171 (3¹,

308 5179 470 5242 waratus
485 5184 504 5232 P
522 5206 549 5216 -
575 5182 600 5232 9.
617 5183 810 5232 conlocwnort
830 5183 902 5233 444443
922 5184 1067 5239 hordleiaP
1088 5213 1122 5222 —
1143 5186 1184 5236 tl.
1201 5187 1354 5249 spkodorsm
1375 5186 1524 5250 confirmare
1538 5182 1626 5235 Bake:

307 5254 436 5316 mandore
451 5258 597 5322 ommam
613 5259 690 5308 PGO
708 5285 735 5295 -
760 5264 853 5309 stom
872 5261 892 5309 G
911 5286 938 5296 -
964 5261 1004 5310 ⁴2.
1023 5257 1231 5331 oongGQ-
1250 5260 1291 5310 43.
1309 5259 1480 5322 optoosstssP
1498 5283 1527 5296 -
1544 5258 1629 5308 cadas

308 5340 413 5392 orsaque
428 5336 485 5380 suot
501 5335 564 5383 PG:
582 5334 749 5394 minimaque
763 5335 812 5385 sint
828 5333 968 5385 eddvett.
982 5337 1040 5386 oto
1054 5362 1081 5372 -
1100 5339 1183 5385 asam
1199 5338 1230 5386 1¹:
1248 5335 1341 5385 tsocG
1360 5358 1386 5372 ·-
1407 5334 1447 5385 ti.
1466 5333 1626 5384 wedam:

308 5406 445 5456 notamus
460 5409 511 5458 PG
529 5432 556 5445 -
575 5409 600 5458 44
616 5410 677 5459 PG:
695 5410 714 5459 ii
732 5410 752 5459 0
771 5437 798 5447 -
817 5411 857 5460 44.
875 5410 1110 5472 optmnatrsoots'om
1126 5412 1146 5459 P
1161 5435 1188 5445 -
1208 5410 1248 5460 47.
1267 5409 1374 5460 inimica
1390 5410 1421 5459 S:
1439 5409 1550 5460 latomos
1564 5409 1626 5468 Ρῦς

307 5479 412 5530 lutosos
428 5479 487 5530 d-
505 5483 546 5534 48.
564 5485 730 5546 sopmuodos
746 5488 778 5535 G:
796 5485 934 5549 mpioodos
949 5487 983 5543 P;
1001 5484 1158 5547 coaptandus
1173 5484 1232 5536 cod.
1251 5485 1381 5536 imno-
1400 5485 1448 5535 Sed
1463 5484 1628 5535 mutuos-

307 5554 405 5619 laptute
420 5555 539 5608 habeta
558 5584 586 5595 -
604 5561 684 5610 omnis
699 5563 787 5611 omi
804 5587 831 5595 -
850 5561 954 5610 orotiost
970 5561 1029 5611 P-
1047 5559 1089 5609 il.
1104 5561 1199 5610 manib
1215 5562 1275 5612 Ρ-
1293 5561 1533 5612 dolsctsttoooffl-
1551 5558 1628 5610 ibet

307 5632 1628 5699 ser:uuo-tstaeoorsse;essstntscsoraG-uptotraammozmptoosooms¹;as

305 5704 522 5766 maumo-
546 5707 755 5760 damaso-
774 5711 814 5761 23.
832 5708 1513 5774 {samem-pocioreurmpaaostsro1-ai.
1531 5708 1627 5760 labores

309 5780 635 5846 s-so.ootoptaaso¹
654 5812 680 5822 —
699 5785 899 5835 oenomao
919 5813 945 5823 -
971 5786 1185 5848 samsom-o
1204 5812 1230 5824 -
1250 5785 1498 5850 summotos·
1517 5784 1627 5837 iboro-

307 5851 465 5906 (4444444144-
483 5855 609 5922 mortls
624 5860 714 5909 PG·
732 5857 946 5911 33.lsrsisi’(i—
965 5859 1112 5925 etampes
1127 5858 1624 5927 morasmoras-mosomo.
