3800 7350
346 1275 436 1343 dnn.
457 1293 536 1341 nov.
564 1272 675 1359 philol.
697 1274 732 1338 et
760 1270 901 1361 paedag.
921 1269 995 1337 Vol.
1016 1269 1148 1353 LXXI,
1170 1291 1203 1358 p.
1228 1267 1316 1339 117.
1368 1270 1461 1355 Quae
1488 1291 1544 1340 res
1572 1292 1644 1341 cum

345 1399 393 1463 ita
420 1414 458 1463 se
485 1395 638 1483 haberet,
667 1412 757 1460 nova
778 1392 924 1460 subsidia
945 1394 1041 1460 nobis
1063 1393 1250 1480 quaerenda
1271 1399 1306 1461 et
1327 1394 1548 1481 comparanda
1567 1396 1646 1462 sue-

345 1521 432 1585 runt.
472 1517 514 1584 ln
536 1536 599 1604 quo
625 1516 761 1606 negotio
785 1514 872 1582 dubii
894 1535 1005 1581 sumus
1026 1516 1102 1602 quid
1124 1518 1230 1603 magis
1251 1516 1493 1603 praedicemus,
1520 1521 1646 1586 amico-

344 1657 458 1706 rumue
485 1638 611 1723 studia,
640 1640 693 1724 qui
721 1638 840 1702 multos
868 1636 1000 1704 codices
1026 1639 1059 1701 in
1081 1642 1227 1703 nostrum
1248 1658 1340 1705 usum
1362 1641 1470 1728 gratis
1491 1641 1645 1707 contule-

345 1767 439 1843 runt,
465 1780 507 1825 an
536 1758 806 1828 bibliothecarum
837 1759 1078 1844 praefectorum
1107 1759 1355 1845 liberalitatem,
1384 1764 1439 1847 qul
1471 1761 1645 1829 thesauros

343 1884 406 1950 sibi
427 1883 618 1950 commissos
638 1882 736 1948 nobis
757 1882 983 1964 recluserunt,
1004 1900 1047 1946 an
1069 1878 1208 1967 denique
1229 1881 1383 1949 fortunae
1399 1884 1644 1972 benignitatem,

343 2024 404 2092 per
425 2023 520 2091 quam
543 2004 638 2070 nobis
658 2021 748 2069 nova
769 2000 926 2088 quaedam
951 2002 1096 2087 reperire
1117 2002 1217 2068 licuit.
1261 1999 1323 2083 Qui
1345 2007 1452 2070 autem
1473 2023 1643 2095 recogno-

342 2144 437 2193 scere
457 2126 616 2209 volnerit,
644 2129 725 2211 quot
749 2122 882 2190 codices
910 2142 970 2209 per
1000 2124 1099 2190 breve
1120 2124 1260 2209 spatium
1286 2125 1427 2211 quinque
1450 2145 1555 2192 sexve
1578 2146 1643 2192 an-

344 2267 456 2313 norum
484 2247 615 2314 excussi
641 2246 724 2329 sint,
753 2247 790 2308 ut
817 2245 931 2310 melius
959 2244 1113 2311 instructi
1137 2244 1179 2310 ad
1203 2265 1304 2332 opera
1325 2243 1495 2315 Ciceronis
1515 2247 1642 2315 edenda
1703 2284 1706 2288 <

341 2368 591 2451 accederemus,
622 2366 803 2432 industriae
825 2364 953 2431 laudem
975 2365 1072 2432 iacile
1094 2367 1189 2433 nobis
1210 2366 1388 2453 concedet3
1414 2389 1487 2436 nam
1509 2375 1642 2457 praeter

341 2492 480 2576 amplum
510 2492 704 2576 apparatum
731 2488 894 2569 criticum,
924 2506 1020 2572 quem·
1046 2490 1079 2553 in
1107 2487 1170 2554 hac
1198 2492 1379 2554 orationum
1406 2489 1549 2556 editione
1570 2511 1642 2560 cum

341 2613 498 2679 litteratis
518 2611 702 2678 hominibus
723 2610 1043 2695 communicavimus,
1065 2628 1131 2674 uon
1153 2610 1258 2674 minus
1272 2613 1438 2696 copiosum
1459 2610 1644 2698 adscripta

341 2752 426 2821 quae
457 2732 500 2801 ad
532 2731 770 2819 philosophiam
802 2732 957 2816 spectant
989 2733 1264 2815 comparavimus,
1297 2750 1369 2798 cum
1401 2734 1643 2799 vetustissimos

342 2855 474 2924 codices
495 2854 611 2940 quibus
634 2853 716 2920 haec
737 2854 863 2937 scripta
885 2852 1097 2917 continentur
1117 2852 1213 2918 nobis
1227 2854 1442 2940 acquisivisse
1456 2853 1642 2940 videamur,

339 2977 384 3044 ad
414 2977 581 3045 rhetorica
609 2992 739 3061 quoquc
766 2973 916 3040 Halmius
943 2992 1008 3038 non
1037 2974 1138 3039 molta
1162 2975 1220 3040 illa
1244 2974 1372 3060 quidem
1392 2975 1555 3063 subsidia,
1582 2975 1641 3044 sed

340 3080 480 3191 egregia
511 3100 546 3165 et
576 3098 619 3164 ab
650 3097 724 3162 aliis
748 3093 892 3161 nondum
918 3093 1066 3161 adhibita
1097 3098 1217 3163 nactus
1244 3101 1304 3163 est.
1356 3097 1431 3166 Hoc
1468 3102 1641 3185 praeterea

340 3218 616 3308 praemonendum
644 3219 696 3287 est
720 3236 783 3282 nos
808 3217 843 3282 in
871 3217 1067 3284 lectionibus
1091 3216 1317 3285 exscribendis
1336 3223 1524 3307 aratione,
1546 3239 1640 3307 quam

342 3341 487 3412 ⁰rellius
522 3343 618 3409 etiam
655 3342 690 3406 in
723 3339 850 3405 duobus
882 3340 1101 3405 voluminibus
1129 3338 1294 3407 secundae
1322 3340 1476 3409 editionis
1506 3341 1665 3410 secutus'

341 3468 410 3552 est,
433 3465 569 3537 omnino
591 3462 795 3530 discessisse.
836 3461 908 3529 Nos
928 3462 1012 3527 enim
1034 3462 1153 3548 ubique
1176 3465 1368 3549 optimorum
1390 3463 1537 3533 codicum
1559 3485 1641 3552 quos

339 3587 510 3656 babuimus
539 3587 703 3653 lectiones
730 3586 881 3675 integras
909 3584 1077 3649 attulimus
1107 3603 1149 3650 ne
1186 3585 1324 3651 minimis
1353 3584 1481 3671 quidem
1515 3585 1642 3653 meudls

217 3724 220 3729 ·
339 3711 484 3798 primarii
510 3710 666 3794 cuiusque
693 3708 766 3774 libri
794 3707 1051 3792 praetermissis,
1076 3707 1220 3774 selectas
1246 3711 1373 3775 tantum
1393 3709 1429 3775 in
1449 3709 1491 3775 lis
1512 3709 1641 3775 oratio-

338 3833 453 3913 nibus,
484 3832 518 3898 in
547 3831 664 3917 quibus
690 3829 746 3895 aiil
771 3829 923 3897 meliores
949 3826 1083 3896 codices
1115 3833 1250 3914 praesto
1277 3833 1390 3912 erant,
1422 3829 1509 3916 quod
1536 3831 1641 3899 sicubi

338 3952 524 4022 iaciendum
550 3953 754 4039 putavimus,
782 3969 825 4017 ne
852 3953 986 4036 practer
1013 3951 1244 4018 necessitatem
1272 3954 1466 4037 apparatum
1493 3952 1641 4022 criticum

307 4054 310 4061 ⁴
339 4073 553 4165 augeremus,
586 4075 620 4140 in
652 4077 802 4140 notarum
833 4074 1073 4159 explicatione,
1105 4091 1188 4158 quae
1217 4076 1334 4160 cuique
1366 4074 1507 4141 orationi
1538 4093 1642 4161 prae-
1693 4138 1699 4151 ,

338 4200 465 4285 scripta
485 4198 554 4279 est,
584 4197 741 4287 religiose
762 4193 986 4263 indicavimus
1029 4197 1092 4262 llis
1119 4197 1309 4281 praemissis
1327 4198 1391 4265 iam
1413 4197 1561 4265 breviter
1580 4216 1640 4265 re-

338 4336 579 4411 cognoscamus
607 4320 724 4406 quibus
751 4316 920 4387 codicibus
946 4318 980 4384 in
1009 4319 1212 4387 orationibus
1238 4317 1399 4389 'lullianls
1426 4318 1642 4389 recensendis

337 4443 389 4508 usi
413 4442 523 4510 simus.

420 4686 462 4754 ln
484 4685 587 4771 prima
608 4685 757 4749 oratione
778 4679 1037 4764 Quinctiana
1064 4686 1140 4769 post
1161 4688 1355 4770 apparatum
1376 4685 1524 4755 criticum
1545 4705 1639 4774 quem

336 4806 376 4876 F.
397 4808 437 4875 In
457 4805 643 4874 Kmruus
671 4804 841 4894 congessit
870 4823 1153 4890 supervacaneum
1180 4807 1287 4873 visum
1312 4813 1365 4875 est
1384 4827 1474 4876 nova
1493 4807 1641 4879 subsidia

337 4947 515 5017 quaerere,
546 4947 618 4996 cum
650 4927 841 5012 praesertim
874 4926 1008 4994 codices
1043 4929 1177 4995 saeculo
1207 4926 1275 4995 XV
1306 4931 1508 5017 antiquiores
1542 4931 1641 4999 huius

336 5051 496 5119 orationis
514 5069 583 5118 non
604 5048 780 5116 videantur
801 5051 934 5117 exstare
956 5050 1106 5134 exceptis
1126 5050 1338 5139 fragmentis,
1359 5070 1443 5139 quae
1463 5054 1499 5120 ln
1518 5055 1639 5141 polim.

334 5176 450 5259 psesto
477 5170 672 5240 'l'aurinensl
692 5176 828 5238 servata
849 5175 935 5237 sunt.
977 5170 1206 5238 consuluimus
1227 5175 1336 5240 tamen
1358 5192 1402 5240 ex
1422 5178 1519 5261 parte
1540 5177 1638 5245 etiam

335 5292 469 5363 codices
497 5294 726 5363 Genevensem
754 5296 788 5358 et
819 5291 1023 5380 Mediceum,
1055 5294 1110 5380 qui
1141 5291 1260 5361 dicitur
1286 5293 1505 5381 Petrarchae,
1538 5301 1638 5384 atquc

333 5416 608 5503 locupletavimus
640 5415 820 5481 orationem
854 5434 896 5482 ex
923 5413 1058 5482 rhetore
1086 5416 1171 5482 lulio
1203 5411 1388 5486 Severiano
1421 5439 1453 5505 p.
1474 5415 1552 5486 341
1587 5418 1640 5486 ed.

334 5536 455 5627 capp,
481 5537 536 5625 qui
564 5555 607 5603 ex
634 5537 708 5604 loco
730 5554 804 5624 cap.
824 5531 877 5605 27
899 5539 1001 5619 extu,
1031 5537 1088 5607 ubi
1107 5539 1143 5606 iu
1162 5537 1258 5607 codd.
1279 5542 1334 5608 cst
1353 5558 1475 5630 magna
1500 5542 1634 5626 houna,

332 5658 446 5745 pluras
464 5660 650 5729 namnum
669 5659 793 5727 attulit
