3800 7350
620 1261 1001 1329 ommam-xc
1027 1257 1264 1345 sset-los.
1538 1250 1600 1320 sm

285 1432 462 1517 moniisque
484 1433 682 1508 convictum,
704 1433 779 1516 quia
800 1452 870 1496 cum
888 1432 1029 1516 fugitivis
1042 1431 1165 1496 fortiter
1177 1429 1296 1494 bellum
1310 1434 1465 1513 gesserat,
1487 1426 1604 1491 iudicio

284 1527 507 1590 liberaverunt
535 1527 667 1591 ¹Consul
695 1545 753 1610 ego
782 1546 885 1610 nuper
913 1526 1042 1590 defendi
1065 1525 1098 1589 C.
1120 1526 1280 1599 Pisonem,
1309 1522 1366 1607 qui
1393 1521 1470 1606 quia
1496 1519 1608 1583 consul

283 1619 374 1685 fortia
395 1629 608 1704 constansque
629 1620 748 1695 iuerat,
769 1620 937 1684 incolumis
959 1628 1007 1684 est
1020 1621 1066 1685 rei
1081 1619 1225 1705 publicae
1238 1624 1453 1681 conservatus.
1472 1611 1608 1678 Defendi

286 1716 363 1778 item
384 1715 497 1777 consul
519 1714 554 1776 L.
578 1716 758 1789 hlurenam,
780 1713 942 1777 consulem
964 1714 1179 1797 designatumt
1207 1731 1301 1776 nemo
1323 1711 1448 1774 illorum
1468 1707 1607 1772 iudicum

283 1807 467 1872 clarissimis
497 1808 575 1872 viris
603 1808 824 1873 accusantibus
851 1808 1043 1871 audiendum
1071 1806 1132 1871 sibi
1159 1805 1199 1870 de
1226 1805 1346 1869 ambitu
1367 1802 1506 1888 putavit,
1536 1815 1631 1865 cumo

283 1901 403 1965 bellum
433 1900 496 1964 iam
523 1908 651 1984 gerente
675 1901 808 1966 Catilina
830 1921 939 1966 omnes
961 1923 1012 1965 me
1032 1908 1163 1984 auctore
1185 1899 1266 1963 duos
1287 1899 1436 1962 consules
1456 1893 1608 1960 Kalendis

283 1994 437 2059 Ianuariis
460 1994 579 2057 scirent
600 2013 671 2059 esse
693 2004 850 2079 oportere.
894 1998 1048 2060 Innocens
1071 1995 1224 2059 othonus
1245 1993 1295 2057 rir
1309 2001 1341 2057 et
1354 1991 1499 2056 omnibus
1513 1988 1608 2052 rebus

283 2095 414 2153 ornatus
434 2088 483 2151 bis
503 2087 566 2151 hoc
587 2108 672 2152 anno
694 2108 744 2152 me
767 2089 957 2155 defendente
979 2089 1144 2153 absolutus
1166 2095 1216 2152 est
1233 2087 1271 2151 A.
1287 2088 1451 2150 Thermus.
1484 2084 1608 2160 Quanta

283 2184 328 2248 rei
358 2181 507 2267 publicae
536 2201 631 2246 causa
651 2182 770 2247 laetitia
791 2184 900 2269 populi
923 2184 1071 2258 Romani,
1100 2190 1220 2267 quanta
1248 2180 1416 2266 gratulatio
1443 2182 1609 2243 consecuta

282 2277 347 2341 esti
370 2278 503 2360 Semper
523 2295 635 2360 graves
657 2284 691 2341 et
711 2279 870 2361 sapientes
892 2278 1013 2341 iudices
1035 2279 1069 2341 in
1088 2277 1182 2341 rebus
1197 2275 1384 2349 iudicandis,
1400 2272 1477 2359 quid
1491 2272 1647 2337 utilitasto

282 2369 436 2445 civitatis,
471 2369 549 2456 quid
581 2372 757 2435 communis
791 2372 893 2447 salus,
928 2374 1004 2456 quid
1035 2370 1247 2456 reipublicae
1269 2377 1410 2454 tempora
1431 2372 1609 2453 poscerent,

282 2464 511 2546 cogitaverunt.
553 2462 604 2528 90.
628 2465 704 2529 Cum
733 2466 848 2530 tabella
877 2467 967 2530 vobis
994 2466 1134 2541 dabitur,
1168 2465 1305 2539 iudices,
1337 2483 1402 2527 non
1430 2461 1470 2525 de
1497 2460 1610 2525 Flacco

282 2556 410 2621 dabitur
430 2559 549 2624 colum:
579 2560 707 2624 dabitur
727 2561 767 2624 de
790 2562 923 2624 ducibus
945 2560 1191 2644 auctoribusque
1213 2556 1446 2622 conservandae
1466 2553 1610 2625 civitam,

282 2650 409 2715 dabitur
428 2653 469 2717 de
491 2655 637 2719 omnibus
658 2657 750 2720 bonis
774 2656 915 2730 civibus,
937 2655 1064 2719 dabitur
1086 2654 1126 2718 de
1140 2652 1408 2736 vobismetipsis,
1430 2649 1556 2713 dabitur
1569 2645 1609 2707 de

282 2745 390 2809 liberis
411 2748 541 2823 restris,
563 2751 603 2812 de
623 2751 706 2824 vita,
729 2751 768 2813 de
789 2750 907 2835 patria,
930 2751 970 2813 de
992 2749 1095 2814 salute
1118 2748 1288 2812 communi.
1319 2748 1391 2810 Non
1408 2742 1554 2809 iudicatis
1575 2740 1647 2807 inte

281 2839 342 2904 hac
363 2860 459 2905 causa
480 2841 520 2906 de
542 2843 660 2906 exteris
682 2844 882 2920 nationibus,
911 2865 977 2909 non
1007 2844 1047 2907 de
1074 2843 1186 2907 sociis:
1214 2843 1253 2905 de
1275 2840 1366 2905 vobis
1387 2858 1423 2903 ac
1443 2836 1484 2900 de
1505 2842 1610 2900 vestra

282 2954 317 2998 re
342 2935 469 3017 publica
498 2936 655 3002 iudicatis.
705 2939 772 3001 XL.
794 2933 866 3002 100.
894 2938 989 3016 Quod
1019 2938 1046 3001 si
1074 2937 1308 3021 provinciarum
1330 2954 1386 2999 vor
1407 2933 1489 2996 ratic
1512 2928 1610 3011 magis

282 3035 390 3093 moret
411 3049 507 3113 quam
530 3039 650 3107 verba,
674 3054 733 3117 ego
754 3053 830 3096 vero
852 3054 917 3097 non
940 3032 1035 3097 modo
1057 3052 1123 3095 non
1145 3050 1268 3105 recuso,
1289 3030 1346 3093 sed
1361 3030 1455 3093 etiam
1470 3023 1610 3109 postulo,

282 3130 316 3186 ut
344 3126 582 3206 provinciarum
604 3128 793 3191 auctoritate
815 3128 1016 3191 moveamini.
1055 3126 1181 3190 Etenim
1203 3142 1402 3209 opponemus
1422 3122 1516 3186 Asiae
1537 3136 1611 3203 pro·

283 3217 406 3280 vinciae
437 3219 574 3301 primum
603 3240 748 3304 magnam
778 3228 899 3306 partem
928 3220 1073 3285 eiusdem
1101 3221 1298 3303 provinciae,
1331 3237 1414 3302 quae
1434 3236 1493 3299 pro
1514 3213 1648 3278 huiusce

284 3309 432 3393 periculis
460 3313 582 3397 legatos
609 3315 854 3400 laudatoresque
876 3317 977 3392 misit,
1007 3313 1122 3378 deinde
1143 3314 1338 3398 provinciam
1359 3310 1508 3384 Galliam,
1536 3327 1611 3391 pro·

284 3404 421 3468 nnciam
450 3405 611 3483 Ciliciam,
643 3410 838 3492 provinciam
867 3410 1068 3492 Hispaniam,
1095 3408 1292 3491 provinciam
1315 3406 1455 3478 Cretam3
1481 3400 1610 3465 Graecis

283 3506 388 3562 autem
410 3500 506 3584 Lydis
536 3509 568 3565 et
589 3503 764 3588 Phrygibus
786 3511 819 3567 et
839 3504 937 3587 Alysis
961 3504 1117 3567 obsistent
1137 3502 1367 3575 Massilienses,
1397 3496 1529 3572 Rhodii,
1551 3496 1610 3558 La·

283 3591 496 3670 cedaemonii,
521 3595 748 3673 Athenienses,
780 3605 895 3661 cuncta
914 3597 1050 3674 Achaia,
1081 3595 1261 3672 Thessalia,
1283 3594 1424 3658 Boeotia.
1457 3589 1609 3675 Septimio

284 3693 316 3750 et
337 3687 444 3752 Caelio
465 3690 600 3755 testibus
620 3693 655 3754 P.
681 3692 832 3756 Servilius
854 3700 887 3755 et
908 3692 947 3767 Q.
968 3692 1114 3756 hletellus
1135 3692 1230 3756 huius
1251 3690 1384 3774 pudoris
1405 3684 1647 3770 integritatis-ro

283 3799 347 3864 que
369 3788 465 3845 testes
480 3784 709 3867 repugnabunt.
730 3785 889 3850 Asiaticae
903 3785 982 3849 iuris
996 3786 1127 3850 dictioni
1142 3786 1262 3848 urbana
1276 3785 1355 3848 iuris
1370 3782 1464 3846 dictio
1479 3798 1610 3862 respon·

283 3874 387 3950 debit3
415 3877 513 3939 annui
544 3879 696 3963 temporis
718 3880 969 3944 criminationem
991 3880 1094 3944 omnis
1115 3887 1202 3943 aetas
1224 3880 1259 3942 L.
1282 3878 1384 3943 Flacci
1406 3883 1437 3939 et
1457 3879 1611 3959 perpetua

284 3970 348 4032 vita
369 3969 528 4035 defendet
572 3966 644 4034 101.
667 3973 707 4036 Et
730 3973 757 4037 si
779 3975 932 4057 prodesse
954 3975 990 4036 L.
1013 3976 1145 4050 Flacco,
1173 3972 1311 4048 iudices,
1334 3971 1444 4045 debet,
1467 3966 1553 4054 quod
1575 3984 1610 4029 ce

284 4062 445 4125 manum
473 4063 626 4138 militum,
656 4065 742 4148 quod
772 4075 990 4150 quaestorem,
1020 4067 1106 4152 quod
1127 4068 1267 4151 legatum
1287 4065 1527 4151 imperatoribus
1549 4061 1611 4125 cla·

284 4156 433 4232 cissimis,
454 4158 648 4221 exercitibus
671 4161 899 4237 ornatissimis,
921 4161 1094 4246 provinciis
1109 4161 1303 4245 gravissimis
1318 4159 1449 4242 dignum
1464 4159 1531 4222 suis
1545 4172 1648 4223 macc

284 4250 405 4314 iuribus
426 4252 598 4335 praestitit:
625 4254 743 4336 prosit,
772 4255 860 4338 quod
881 4255 935 4319 hic
964 4255 1054 4320 vobis
1081 4256 1263 4319 videntibus
1291 4254 1325 4317 in
1353 4252 1505 4337 periculis
1526 4271 1611 4315 com-

284 4345 431 4409 munibus
463 4347 607 4410 omnium
639 4355 779 4410 vestrum
813 4369 871 4413 sua
900 4350 1041 4435 pericula
1072 4369 1145 4412 cum
1175 4349 1253 4413 meis
1279 4348 1460 4422 coniunxitc
1490 4345 1613 4432 prosint

284 4438 580 4504 honestissimorum
602 4442 847 4525 municipiorum
870 4443 1131 4528 coloniarumque
1152 4441 1367 4518 laudationem
1396 4439 1497 4525 prosit
1517 4439 1611 4504 etiam

285 4539 413 4597 renatus
434 4534 611 4618 populique
635 4536 769 4599 ltomani
791 4537 953 4619 praeclara
974 4545 1007 4601 et
1026 4557 1102 4601 vera
1123 4535 1275 4601 laudatio.
1319 4532 1391 4599 100.
1410 4532 1438 4597 0
1460 4554 1526 4598 nox
1546 4532 1611 4606 illa,

285 4646 367 4711 quae
396 4647 498 4710 pacm
526 4636 670 4693 aeternas
692 4630 766 4694 huic
787 4631 857 4694 urbi
878 4630 1024 4695 tenebras
1046 4630 1196 4705 attulisti,
1224 4651 1297 4694 cum
1318 4631 1400 4695 Galli
1420 4629 1460 4693 ad
1481 4623 1649 4702 bellumue

286 4721 419 4785 Catilina
441 4723 482 4786 ad
504 4723 633 4799 urbem,
656 4725 813 4788 coniurati
829 4725 868 4788 ad
885 4725 1003 4789 femm
1019 4732 1051 4789 et
1064 4726 1221 4789 flammam
1234 4725 1443 4800 accubantum
1465 4744 1536 4788 cum
1552 4740 1611 4805 ego

285 4824 332 4892 te,
353 4816 483 4893 flacce,
504 4817 628 4881 caelum
649 4826 840 4903 noctemque
863 4827 1060 4894 contestans,
1082 4820 1161 4883 flens
1179 4817 1309 4883 dentem
1323 4818 1520 4893 obtestabar;
1540 4835 1612 4879 cum

286 4919 358 4974 tuae
380 4907 455 4974 lidei
478 4913 615 4996 optimae
637 4920 668 4975 et
689 4913 936 4996 spectatissimae
958 4914 1092 4977 salutem
1113 4913 1200 4977 urbis
1222 4920 1256 4977 et
1276 4914 1393 4978 civium
1411 4909 1612 4975 commenda-

284 5005 366 5068 bam.
402 5007 451 5067 'l'u
479 5012 561 5079 turn,
589 5005 719 5080 Flacco,
747 5013 876 5089 praetor
896 5008 1072 5071 communis
1094 5008 1183 5071 exitii
1204 5007 1334 5071 nundos
1355 5007 1485 5090 cepisti,
1506 5012 1541 5068 tu
1563 5003 1612 5066 in·

286 5098 403 5161 ducam
425 5098 458 5160 in
481 5098 594 5161 litteris
615 5098 662 5161 rei
683 5099 830 5183 publicae
851 5108 974 5184 pestem
997 5101 1252 5184 deprehendisti,
1275 5109 1309 5165 tu
1331 5100 1542 5186 periculorum
1563 5099 1648 5164 into

287 5191 381 5268 dicia,
411 5199 447 5255 tn
478 5191 589 5256 salutis
618 5193 738 5255 auxilia
764 5191 804 5257 ad
826 5215 877 5257 me
899 5195 992 5258 etad
1014 5202 1156 5259 sonatum
1178 5196 1319 5259 attulisti.
1355 5195 1446 5272 Quae
1467 5192 1523 5256 tibi
1543 5198 1611 5255 tum

287 5286 402 5369 gratim
430 5291 505 5349 sunt
525 5305 545 5348 a
565 5305 616 5348 me
637 5286 742 5349 acme!
765 5306 848 5372 quae
869 5308 889 5351 a
910 5295 1039 5364 senatu,
1070 5309 1152 5374 quae
1174 5289 1308 5353 abonis
1332 5288 1497 5353 omnibusl
1531 5285 1610 5363 Quis

285 5518 326 5570 Μ’.
344 5517 501 5569 Lambinus:
519 5519 555 5570 At.
574 5519 746 5570 BsTAF—
764 5520 890 5583 Acutius
906 5521 996 5571 BST:
1013 5521 1152 5584 Aquilium
1168 5522 1259 5572 LO·
1277 5522 1302 5573 8.
1319 5521 1447 5573 Acms
1466 5546 1493 5556 -
1512 5519 1610 5570 boon·

284 5596 465 5645 mocul'-
485 5594 525 5644 ll.
545 5595 778 5659 qoidantercip.
798 5597 933 5647 om.S-
955 5596 996 5647 44.
1014 5595 1611 5647 ωειίὸεεὸοεεῑεάιείὁεεεΤΑεὺοείεοωεὸ·

285 5669 329 5720 bru
344 5671 403 5728 rm
422 5669 491 5719 boris
507 5668 618 5736 lclcbm]
635 5670 747 5721 manibus
763 5673 784 5722 0
802 5697 830 5708 -
849 5671 890 5721 46.
908 5683 940 5720 oc
955 5675 1040 5721 coebo
1055 5673 1090 5732 A;
1109 5677 1133 5722 et
1148 5673 1178 5723 dc
1192 5679 1276 5724 oestro
1293 5674 1313 5723 Ι.
1331 5698 1360 5709 -
1378 5672 1419 5722 tr.
1435 5685 1480 5722 cos
1494 5673 1610 5721 ratic--

282 5745 472 5808 prcctucicmm
488 5756 542 5795 om.
561 5747 581 5796 T
600 5771 628 5781 -
647 5746 686 5795 49.
704 5746 856 5796 moneamini
871 5746 891 5796 Τ
905 5768 933 5781 -
953 5746 996 5797 st.
1011 5748 1170 5810 procerem
1186 5750 1247 5798 ante
1263 5748 1478 5809 humectomom.
1492 5747 1608 5797 STA—

284 5821 326 5871 rc.
345 5821 374 5884 0.
392 5821 540 5883 Naugerius
557 5823 591 5884 (ln
609 5820 651 5872 ed.
670 5822 842 5885 Victorianal:
860 5822 891 5873 Δ.
909 5823 968 5883 εἲς
985 5823 1056 5873 IAA
1075 5849 1103 5859 -
1121 5821 1162 5873 32.
1179 5822 1323 5872 ammoni·
1339 5847 1363 5858 ·-
1385 5820 1426 5872 36.
1445 5826 1469 5873 ct
1484 5822 1519 5872 cd
1533 5823 1611 5886 44η-

283 5896 429 5946 ml·
447 5894 489 5946 88.
506 5895 746 5961 deputatum]
763 5899 1065 5961 ccpcctcticaimocSTA
1085 5925 1112 5936 —
1131 5898 1172 5954 30.
1192 5898 1370 5955 ratmot:
1389 5896 1610 5952 10444401.-

281 5969 322 6026 44.
340 5973 509 6025 amus:
527 5971 771 6026 omencourt
1492 5985 1495 5989 ’
