3800 7350
304 1212 367 1279 806
719 1209 874 1277 onarlo
895 1211 975 1278 PRO
996 1211 1033 1275 L.
1054 1208 1212 1275 FLACCO

306 1405 387 1471 quae
409 1403 511 1467 usqne
532 1382 572 1446 ad
593 1381 654 1445 hoc
675 1390 800 1464 tempus
820 1379 1011 1454 honoribus,
1033 1378 1192 1461 imperiis,
1220 1384 1506 1462 rerum-gestarum
1535 1377 1638 1460 gloria

305 1480 489 1543 continuata
509 1476 701 1559 permansit,
723 1496 858 1557 cumque
880 1474 919 1538 ab
941 1473 1001 1538 hac
1023 1473 1156 1556 perenni
1178 1479 1418 1556 contestataque
1432 1470 1549 1537 virtute
1570 1489 1638 1536 aaa·

305 1574 409 1636 iorum
437 1589 501 1633 non
528 1569 624 1633 modo
646 1589 709 1632 uon
732 1567 974 1650 degeneraverit
992 1568 1029 1629 L.
1051 1567 1200 1642 Flaccus,
1229 1566 1304 1641 aed,
1334 1566 1367 1629 id
1389 1564 1476 1651 quod
1498 1565 1637 1629 maxime

306 1667 419 1728 llorere
446 1663 480 1726 iu
506 1662 632 1746 generis
659 1663 709 1726 sui
731 1662 833 1745 gloria
854 1662 991 1735 viderat,
1022 1661 1149 1724 laudem
1170 1660 1291 1744 patriae
1309 1659 1343 1721 iu
1365 1658 1544 1722 libertatem
1566 1657 1638 1721 rin·

282 1758 460 1822 edicendae
481 1763 609 1841 praetor
629 1753 798 1819 adamarit:
822 1755 856 1818 iu
877 1753 938 1818 hoc
960 1774 1019 1837 ego
1040 1773 1096 1818 reo
1119 1774 1160 1817 ue
1182 1752 1269 1837 quod
1290 1752 1506 1834 perniciosum
1528 1772 1638 1818 exem·

305 1852 393 1937 plum
413 1850 581 1935 prodatur,
602 1850 841 1933 pertimescam,
863 1848 896 1912 in
911 1868 991 1932 quc,
1013 1847 1107 1912 etiam
1126 1846 1246 1931 siquid
1261 1852 1414 1921 errasset,
1434 1866 1546 1911 omnes
1559 1846 1637 1910 boni

306 1944 518 2011 conivendum
545 1961 617 2007 esse
646 1943 895 2007 arbitrarentur?
939 1938 992 2005 26,
1014 1940 1109 2017 Quod
1132 1942 1262 2025 quidem
1284 1959 1344 2023 ego
1366 1959 1432 2004 non
1454 1940 1551 2006 modo
1571 1960 1638 2005 non

306 2038 446 2124 postulo,
469 2038 527 2102 sed
548 2045 673 2113 contra,
695 2036 832 2111 iudices,
853 2053 911 2100 vos
933 2055 991 2100 oro
1012 2043 1044 2099 ct
1057 2034 1213 2109 obtestor,
1235 2042 1272 2099 ut
1285 2042 1383 2099 totam
1397 2053 1525 2098 eausam
1539 2052 1638 2118 wem

306 2134 445 2197 maxime
460 2133 587 2196 intentis
603 2132 716 2206 oculis,
736 2138 773 2195 ut
785 2132 887 2205 aiunt,
907 2130 1063 2194 acerrima
1074 2128 1344 2212 contemplemini.
1377 2126 1465 2192 Nihil
1479 2126 1638 2209 religione

270 2240 298 2287 to
307 2235 471 2301 testatum,
502 2224 583 2289 nihil
612 2226 744 2290 verimtc
775 2223 959 2298 fundatum,
991 2222 1072 2287 nihil
1094 2222 1205 2287 dolore
1227 2241 1431 2307 expressum,
1463 2228 1638 2304 contraque

307 2321 415 2386 omnia
436 2327 585 2403 corrupta
604 2316 753 2393 libidine,
776 2317 956 2392 iracundia,
983 2317 1107 2391 stadio,
1130 2316 1245 2400 pretio,
1266 2317 1409 2400 periurio
1430 2314 1638 2399 reperientur.

391 2416 463 2478 ΧΠ.
484 2410 536 2476 27.
557 2411 685 2475 Etenim
711 2412 774 2476 iam
800 2409 949 2475 univerae
981 2410 1115 2475 istorum
1143 2411 1269 2493 cognita
1297 2409 1469 2494 eupiditate
1489 2405 1638 2472 accedam

307 2507 347 2574 ad
370 2508 509 2591 singulas
531 2504 680 2590 querelas
702 2506 1001 2589 criminationesque
1016 2505 1217 2568 Graecorum.
1250 2504 1368 2567 Classis
1390 2502 1520 2567 nomine
1541 2520 1639 2584 pecu·

307 2604 392 2667 uiam
414 2600 591 2665 civitatibus
614 2599 799 2681 imperatam
821 2607 1013 2683 queruntur,
1043 2598 1132 2683 quod
1151 2618 1212 2662 nos
1232 2597 1370 2672 factum,
1398 2597 1537 2672 iudices,
1564 2616 1639 2660 eou-

260 2693 440 2760 actitamur.
473 2693 538 2759 Sed
559 2692 669 2758 silice
690 2693 809 2756 crimen
831 2699 894 2767 est,
916 2694 1027 2757 autin
1049 2712 1089 2757 eo
1106 2699 1172 2769 est,
1195 2693 1282 2776 quod
1304 2712 1368 2757 non
1390 2691 1515 2757 licuerit
1535 2691 1639 2774 impe·

307 2809 393 2865 rare,
414 2797 469 2852 aut
490 2787 524 2851 iu
546 2806 601 2862 eo,
627 2787 714 2870 quod
736 2807 802 2850 nou
824 2807 905 2870 opus
926 2786 1023 2852 inerit
1044 2787 1197 2861 navibus,
1225 2787 1335 2851 autin
1357 2805 1414 2861 ec,
1438 2785 1528 2871 qnod
1549 2784 1639 2849 nulm

305 2883 367 2947 lace
388 2888 533 2965 praetore
555 2881 668 2945 classis
688 2881 853 2964 navigarit
887 2881 1030 2945 Licuisse
1044 2887 1080 2944 ut
1101 2880 1278 2963 intelligas,
1299 2899 1475 2964 cognosce,
1495 2879 1573 2965 quid
1587 2899 1638 2943 me

306 2976 438 3041 consule
466 2983 595 3039 senatus
624 2976 814 3049 decreverit,
845 2994 915 3038 curn
939 2975 1068 3059 quidem
1090 2974 1172 3037 nihil
1193 2993 1212 3037 a
1234 2976 1451 3057 superioribus
1472 2974 1639 3039 contirmo·

305 3091 375 3134 rum
398 3089 552 3134 annorum
568 3069 704 3133 decretis
720 3067 901 3131 decesserit
924 3069 1066 3134 Ssrsarvs
1083 3088 1276 3133 cosavnrvu.
1298 3069 1481 3133 Proximum
1496 3076 1547 3132 cst
1560 3087 1638 3151 ergo

269 3172 357 3240 aaut,
381 3183 462 3247 opus
482 3162 578 3226 fucrit
599 3162 699 3227 classe
720 3182 837 3238 necue,
867 3181 1067 3246 quaeramus.
1108 3165 1218 3227 Utrum
1239 3163 1336 3245 igitur
1356 3163 1418 3227 hoc
1440 3163 1553 3228 Gracci
1575 3171 1639 3229 sta·

306 3264 397 3322 tuent
417 3264 472 3321 eut
493 3256 579 3319 ullae
602 3263 730 3319 exterae
753 3256 915 3330 nationes,
938 3276 978 3318 an
997 3258 1094 3321 vestri
1110 3264 1284 3340 praetores,
1305 3257 1403 3321 vestri
1417 3257 1527 3333 duces,
1540 3258 1639 3324 vestri

304 3354 539 3435 imperatores?
571 3350 730 3434 Equidem
752 3350 917 3424 existimo,
940 3350 974 3412 iu
996 3352 1064 3413 eius
1086 3351 1172 3414 modi
1193 3351 1322 3433 regione
1344 3358 1442 3435 atque
1462 3351 1639 3435 provincie,

306 3467 388 3532 quae
409 3444 488 3509 mari
510 3445 630 3519 cineta,
659 3442 806 3527 portibus
828 3443 996 3520 distincta,
1025 3444 1138 3508 insulis
1160 3445 1355 3510 circumdata
1374 3451 1476 3519 esset,
1497 3463 1565 3510 non
1584 3465 1639 3511 so·

305 3540 371 3604 lum
404 3538 572 3621 praesidii,
604 3539 662 3603 sed
698 3538 793 3601 etiam
825 3537 960 3602 ornandi
992 3538 1115 3622 imperii
1151 3558 1247 3602 eausa
1283 3539 1496 3621 navigandum
1526 3540 1638 3606 fuisse.

267 3632 358 3699 2⁵28.
380 3635 466 3698 llaec
495 3633 580 3697 enim
609 3633 690 3698 ratio
712 3651 749 3697 ac
771 3632 957 3716 magnitudo
978 3634 1157 3699 animorum
1177 3634 1211 3697 in
1232 3632 1404 3698 maioribus
1426 3635 1545 3700 uostris
1564 3633 1637 3712 tuit,

306 3738 352 3805 ut,
375 3749 447 3793 cum
468 3728 502 3795 in
523 3728 653 3811 privatis
672 3726 766 3792 rebus
782 3728 913 3811 suisque
927 3729 1115 3811 sumptibus,
1131 3727 1262 3791 minimo
1277 3728 1433 3802 contenti,
1447 3728 1637 3794 tenuissimo

305 3823 393 3887 cultu
414 3822 572 3895 viverent,
600 3821 634 3884 in
662 3822 795 3904 imperio
817 3829 913 3906 atque
934 3822 969 3886 in
990 3822 1119 3905 publica
1140 3821 1294 3906 dignitate
1314 3823 1421 3894 omnia
1441 3822 1482 3887 ad
1504 3823 1639 3907 gloriam

306 3917 571 4001 splendoremque
593 3923 788 3981 revocarent.
823 3916 994 3990 Quaeritur
1015 3917 1100 3979 enim
1122 3917 1155 3979 iu
1176 3936 1211 3980 re
1234 3915 1409 3981 domestica
1422 3917 1638 3984 continentiae

305 4011 393 4084 laus,
415 4009 449 4071 in
471 4008 599 4092 publica
619 4010 789 4092 diguitatis.
825 4008 918 4084 Quod
938 4011 966 4072 si
981 4013 1077 4074 etiam
1091 4009 1242 4094 praesidii
1256 4030 1351 4075 causa
1366 4011 1499 4074 classem
1513 4011 1636 4087 habuit,

268 4104 379 4189 eequis
401 4105 461 4167 erit
481 4112 545 4167 tam
567 4102 716 4186 iniquus,
740 4103 795 4187 qui
813 4103 1051 4186 reprehendat?
1084 4104 1171 4167 Nulli
1193 4111 1283 4168 eraut
1305 4106 1493 4188 praedones.
1527 4106 1636 4182 Quidt

305 4197 412 4260 nullos
437 4196 507 4261 fore
537 4198 611 4281 quis
639 4206 800 4280 praestare
828 4201 974 4280 poterat?
1011 4199 1145 4274 ilionis,
1172 4199 1292 4282 inquit,
1322 4199 1455 4281 gloriam
1481 4201 1636 4284 Pompeii.

305 4289 356 4356 29.
379 4292 479 4355 Immo
501 4299 535 4356 tu
556 4310 655 4375 auges
676 4293 865 4356 molestiam.
900 4293 958 4373 Ille
974 4295 1059 4357 enim
1074 4294 1191 4357 classes
1206 4292 1420 4377 praedonum,
1441 4293 1548 4368 urbes,
1563 4315 1637 4377 por·

305 4394 374 4460 tus,
395 4386 597 4467 receptacula
617 4387 764 4462 sustulit3
792 4406 902 4470 pacem
924 4389 1113 4452 maritimam
1134 4408 1257 4453 summa
1277 4389 1393 4452 virtute
1415 4395 1512 4473 atque
1534 4389 1638 4454 incre·

306 4479 397 4544 dibili
419 4479 580 4544 celeritate
603 4480 760 4544 coniecit:
783 4480 864 4544 illud
885 4501 961 4545 vero
983 4501 1089 4564 neque
1111 4482 1250 4564 suscepit
1269 4500 1375 4566 neque
1397 4482 1560 4565 suscipere
1581 4483 1637 4546 de·

268 4573 388 4647 eehuit,
418 4579 471 4647 ut,
501 4574 528 4636 si
557 4593 622 4655 qua
651 4575 777 4657 uspiam
805 4575 952 4639 navicula
973 4575 1170 4657 praedonum
1192 4576 1406 4659 apparuisset,
1438 4577 1637 4642 accusandus

306 4665 475 4730 rideretur.
509 4667 620 4749 ltaque
641 4667 711 4750 ipse
733 4669 767 4732 iu
788 4669 880 4743 Asia,
902 4689 972 4732 cum
994 4670 1101 4733 omnia
1122 4670 1185 4732 iam
1206 4670 1291 4735 bella
1305 4679 1388 4736 terra
1401 4673 1546 4754 marique
1560 4692 1637 4737 con·

305 4759 449 4833 lecisset,
478 4760 613 4824 classem
640 4768 746 4825 umen
776 4762 877 4826 isdem
898 4762 968 4825 istis
990 4762 1170 4826 civitatibus
1191 4764 1364 4847 imperavit.
1405 4764 1498 4840 Quod
1520 4765 1548 4828 si
1569 4772 1637 4830 tum

306 4853 417 4917 statuit
445 4873 527 4935 opus
556 4874 643 4929 asae,
677 4875 749 4920 cum
777 4856 879 4938 ipsius
906 4856 1083 4938 praesentis
1104 4856 1234 4920 nomine
1256 4864 1323 4922 tuta
1344 4859 1452 4921 omnia
1473 4867 1506 4922 et
1525 4867 1638 4943 pacata

307 4965 378 5010 esse
398 4953 561 5028 poterant,
584 4949 675 5031 quid,
698 4969 771 5013 cum
792 4950 847 5013 ille
868 4950 1073 5023 decessisset,
1095 4950 1208 5014 Flacco
1228 4950 1418 5016 existimatis
1433 4951 1637 5021 statuendum

269 5047 341 5105 teet
360 5038 539 5105 laciendum
561 5040 688 5106 fuisset
732 5044 819 5106 Xlll.
840 5040 892 5107 30.
916 5043 1024 5121 Quid?
1046 5063 1106 5108 nos
1126 5044 1179 5108 hic
1201 5064 1307 5110 nonne
1327 5045 1398 5129 ipso
1413 5046 1565 5129 Pompeio
1580 5066 1638 5110 au·

306 5141 393 5198 ctore
416 5133 524 5200 Silano
546 5140 580 5199 ot
599 5137 732 5200 Murena
753 5138 935 5204 consulibus
958 5137 1172 5213 decrevimus,
1195 5147 1232 5202 ut
1253 5139 1362 5203 classis
1384 5140 1417 5203 in
1439 5140 1531 5206 ltalia
1547 5141 1637 5204 navi·

372 5304 395 5352 t.
415 5302 527 5364 inpedit
542 5301 603 5352 cod.
615 5303 641 5352 S.
653 5302 766 5355 Victoris
779 5307 807 5355 et
817 5305 949 5356 Faernus:
967 5306 1067 5368 inperii
1083 5307 1140 5367 ST3
1158 5307 1263 5370 torpete
1279 5309 1341 5356 Α-
1360 5307 1384 5356 2.
1397 5312 1564 5370 contemtoque
1579 5310 1634 5358 S-

306 5377 330 5426 3.
348 5392 399 5427 noc
414 5378 564 5441 postmodo
580 5379 664 5429 oms
682 5405 708 5413 -
728 5380 916 5444 degeneraverit
931 5383 1020 5433 STA:
1039 5382 1196 5445 &emovit
1212 5382 1325 5433 sto-
1343 5383 1386 5432 sed
1400 5383 1428 5432 td
1444 5384 1510 5445 qood
1524 5385 1638 5435 memma

305 5452 378 5514 Μ
398 5451 731 5515 commendatoriam:
753 5456 1528 5522 aedqnodqeommceimetl.iegeneeiaauiglortom8;
1551 5461 1638 5513 tedia

306 5527 1110 5603 quomocienett.gecerieaaicloeiomPFLO—l.loadem]
1127 5531 1634 5597 sameas-epraeterlreps-

306 5602 539 5654 odomweita-
555 5615 615 5666 erpo
631 5604 688 5653 S-
704 5604 937 5665 peaetmms-
958 5608 1179 5670 ttrepers'etisA.
1197 5607 1317 5671 etsta.
1332 5633 1361 5644 -
1379 5607 1557 5674 tiprcetore]
1574 5614 1638 5659 ten-

302 5678 488 5741 porepr.8-
507 5676 695 5728 dedecentem
710 5679 741 5738 83
759 5679 895 5731 eneceris
911 5683 968 5731 L-
986 5684 1120 5733 themoi
1136 5683 1292 5746 (terlTL-
1310 5682 1352 5733 23.
1367 5683 1482 5744 portibus
1497 5684 1555 5734 St:
1571 5698 1637 5746 por-

305 5750 535 5803 semasso-
553 5752 677 5818 dtettaeto]
695 5754 848 5805 dottam
862 5782 889 5792 —
908 5757 949 5808 29.
963 5759 1092 5820 Quidsia
1112 5784 1140 5795 -
1158 5756 1393 5821 commutasse?
1407 5759 1517 5810 Ateadi
1533 5760 1637 5810 Schue-

306 5825 382 5876 tzius.
396 5851 424 5873 .-
444 5826 505 5889 qatd
520 5827 576 5890 qne·
590 5827 900 5893 woutermannus
917 5832 990 5896 (qiud
1006 5847 1023 5884 a
1039 5846 1120 5886 mauu
1136 5846 1192 5887 see.
1210 5846 1345 5903 superscr.
1365 5833 1425 5898 est.)
1444 5860 1472 5873 -
1490 5833 1532 5886 ³8.
1549 5835 1637 5886 mucio

306 5900 904 5967 om.S-lt.8ultcaoSA-t'ottolids.
