3800 7350
316 1187 398 1256 tito
552 1187 703 1254 obsuto
725 1188 859 1251 PRIDIE
882 1186 1060 1263 Quanta
1081 1185 1279 1250 exstantia
1299 1184 1392 1250 lllET

314 1366 393 1428 Nam
416 1384 479 1437 me,
501 1380 595 1446 quem
617 1360 712 1444 paulo
734 1356 955 1423 ante.fortuna
974 1362 1118 1420 erexerat
1138 1356 1177 1419 ad
1199 1354 1346 1437 gloriam,
1368 1357 1418 1418 cui
1441 1354 1549 1419 virtus
1572 1369 1659 1416 con-

316 1458 387 1521 tulit
408 1458 550 1528 laudem,
576 1454 712 1538 populus
734 1452 844 1516 tribuit
865 1452 1036 1525 bonorem,
1059 1448 1195 1513 eundem
1218 1450 1333 1513 tribuni
1355 1448 1444 1514 furor
1465 1447 1658 1531 exagitatus

315 1551 437 1634 depulit
465 1550 504 1613 ad
525 1548 743 1611 calamitatem.
788 1544 946 1622 Quoniam
969 1542 1234 1608 animadvertistis
1262 1542 1350 1606 illam
1374 1542 1657 1627 conspirationem

315 1645 480 1706 conflatam
504 1643 548 1704 ita
571 1660 640 1704 esse
663 1639 860 1715 restinctum,
882 1639 1026 1702 utnulla
1048 1638 1185 1701 scintilla
1207 1645 1387 1722 compareat
1407 1636 1567 1712 incendii,
1594 1655 1656 1699 vos

288 1748 442 1818 equoque
476 1734 677 1798 tribuniciam
711 1733 818 1796 sedate
851 1733 1079 1796 temeritatem:
1113 1732 1167 1815 qui
1199 1751 1283 1794 nunc
1316 1751 1350 1794 se
1384 1731 1461 1795 mibi
1498 1732 1655 1815 iniquum

213 1836 217 1848 '
315 1829 468 1903 ostendit,
497 1850 531 1893 se
560 1829 647 1912 prius
676 1847 746 1892 esse
775 1835 914 1891 vestrum
937 1819 1099 1911 professus
1122 1833 1171 1888 est
1191 1823 1372 1887 inimicum:
1398 1827 1509 1889 nerei
1533 1825 1655 1888 crude-

314 1922 387 1985 litas
418 1932 548 2006 experta
575 1924 608 1985 in
637 1944 686 1986 me
718 1922 751 1984 in
782 1943 838 1984 vos
868 1921 1067 1984 convalescat
1095 1926 1127 1982 et
1154 1918 1314 1980 calamitas
1341 1928 1499 1983 remorata
1521 1918 1653 2001 longius

315 2025 420 2098 serpat
442 2036 477 2079 ac
501 2018 736 2101 progrediatur,
760 2021 954 2097 praecavete.
1000 2011 1050 2077 45.
1073 2015 1164 2076 Nunc
1182 2012 1232 2074 vel
1255 2013 1343 2075 solua
1366 2012 1508 2076 delectus
1530 2012 1575 2076 ad
1600 2032 1654 2075 ca·

315 2111 487 2175 lamitatem
513 2112 563 2174 vel
590 2112 709 2194 primus
739 2112 778 2172 ad
808 2110 870 2172 tale
901 2116 1051 2171 evocatus
1073 2106 1246 2191 periculum
1268 2107 1408 2169 omnium
1429 2108 1554 2171 animos
1578 2108 1651 2169 iure

279 2204 417 2266 redebeo
441 2223 649 2268 commovere.
686 2204 800 2266 Omnia
823 2211 897 2266 sunt
918 2205 1099 2266 immutata:
1122 2222 1234 2266 manus
1256 2201 1428 2285 religantur
1449 2200 1489 2264 ad
1513 2202 1651 2265 demon-

315 2299 476 2361 strandam
497 2300 662 2374 iniuriam3
685 2298 792 2380 lingua
807 2298 957 2361 inciditur
970 2298 1009 2359 ad
1027 2295 1251 2380 deplorandam
1269 2297 1495 2371 calamitatem
1517 2297 1650 2359 animus

316 2391 529 2473 praecluditur
555 2392 595 2455 ad
624 2392 843 2476 exponendam
867 2392 913 2454 rei
937 2391 1167 2474 indignitatem.
1204 2391 1418 2454 Humilitatem
1441 2392 1568 2474 generis
1592 2390 1652 2452 ob·

315 2485 428 2549 iiciunt
449 2487 557 2561 nobis,
588 2487 643 2571 qui
666 2505 779 2550 novam
801 2486 954 2549 rationem
977 2486 1146 2560 suscitant,
1177 2489 1330 2549 maiorum
1353 2484 1502 2549 obterunt
1522 2483 1650 2547 laudes.

316 2577 378 2641 Sed
402 2577 477 2661 quid
506 2600 565 2662 ego
594 2580 685 2662 plura
714 2581 753 2644 de
782 2579 907 2642 illorum
930 2587 986 2642 aut
1007 2581 1040 2643 in
1063 2600 1113 2642 me
1136 2579 1312 2643 maledictis
1333 2585 1387 2642 aut
1408 2578 1441 2641 in
1464 2596 1522 2642 vos
1544 2577 1650 2641 scele-

279 2679 382 2735 israte
405 2671 516 2755 loquar
536 2672 651 2737 factis?
675 2695 809 2758 quorum
824 2675 950 2756 cognita
972 2673 1157 2756 improbitas
1173 2694 1224 2735 me
1244 2680 1369 2736 tacente
1383 2674 1566 2756 coarguitur
1581 2680 1653 2736 tur-

316 2765 459 2849 pitudine
490 2768 586 2841 vitae,
615 2774 651 2830 ut
672 2767 711 2831 de
740 2767 780 2830 iis
803 2787 866 2829 non
890 2768 932 2830 sit
954 2786 1084 2829 necesse
1106 2767 1250 2830 inimicos
1272 2765 1472 2849 praedicare,
1502 2765 1541 2829 de
1565 2786 1652 2851 quo·

316 2879 384 2922 rum
413 2860 532 2923 scelere
562 2881 603 2924 ne
632 2862 724 2925 amici
755 2862 884 2944 quidem
914 2868 967 2923 ant
995 2860 1057 2944 ipsi
1084 2868 1221 2944 possunt
1248 2879 1375 2943 negare.
1419 2857 1556 2925 tovos
1587 2880 1650 2943 ego

315 2952 456 3036 appello,
479 2973 615 3038 quorum
638 2953 678 3016 de
700 2974 749 3017 me
773 2954 910 3017 maxima
933 2962 982 3017 est
1004 2961 1161 3036 potestas3
1190 2955 1275 3037 apud
1298 2974 1354 3017 vos
1377 2955 1492 3037 loquor
1513 2955 1553 3017 de
1576 2974 1650 3018 mea

317 3045 502 3121 calamitate,
519 3068 600 3131 quos
616 3048 711 3111 babui
726 3068 851 3131 semper
865 3049 1066 3111 innocentiae
1083 3056 1114 3111 et
1129 3048 1253 3112 virtutis
1269 3067 1358 3111 meae
1373 3056 1479 3112 testes.
1501 3048 1571 3112 vlt.
1587 3048 1651 3131 lgi-

278 3147 369 3202 aotur
397 3158 438 3202 cx
467 3142 592 3204 civitate
618 3142 700 3205 bene
727 3142 857 3204 meritus
886 3139 926 3204 de
955 3161 988 3204 re
1011 3141 1139 3224 publica
1161 3142 1238 3204 civis
1260 3141 1465 3205 exturbatur?
1490 3143 1650 3205 innocens

316 3232 508 3315 expellitur?
542 3236 716 3299 consularis
749 3235 863 3309 homo,
895 3256 960 3299 non
991 3236 1128 3298 minimis
1157 3235 1359 3298 facultatibus
1384 3256 1462 3299 usus
1484 3235 1648 3320 quondam

316 3328 504 3402 amicorum,
527 3349 612 3392 nunc
635 3330 747 3412 partim
770 3329 809 3391 ab
832 3329 965 3404 invidis,
987 3329 1103 3411 partim
1124 3329 1162 3390 ab
1184 3330 1321 3391 inimicis
1343 3330 1576 3393 circumventus
1599 3332 1650 3393 in-

317 3422 433 3503 digne?
454 3423 537 3486 Huic
559 3423 585 3486 si
607 3442 699 3505 opem
722 3443 786 3485 non
808 3423 943 3486 tuleritis
967 3424 999 3486 in
1023 3423 1165 3505 periculo
1189 3423 1317 3504 capitis,
1341 3443 1412 3497 vos,
1435 3424 1547 3498 oredo,
1570 3426 1650 3487 reti·

316 3514 429 3578 nebitis
458 3526 592 3580 vestram
622 3517 813 3590 libertatem,
842 3518 896 3599 qui
925 3537 1030 3599 neque
1059 3524 1180 3578 tanturn
1202 3516 1313 3578 valetis
1335 3518 1518 3580 auctoritate
1539 3538 1649 3603 neque
1676 3572 1678 3575 .

279 3616 484 3672 attentorum·
500 3607 673 3674 officiorum
696 3611 872 3694 impensam
895 3610 1015 3672 lecistis
1038 3611 1070 3671 in
1093 3612 1250 3692 patriam‘l
1272 3610 1350 3672 Mihi
1371 3610 1505 3685 credite,
1527 3612 1591 3675 boc
1613 3614 1648 3675 in

316 3724 381 3767 uno
404 3704 636 3769 incommodum
660 3702 875 3768 confirmatum
892 3705 1061 3767 multorum
1081 3701 1251 3767 infirmabit
1272 3705 1522 3769 incolumitatem
1544 3717 1596 3782 et,
1619 3711 1647 3772 si

315 3799 406 3862 initio
438 3820 502 3862 nou
535 3800 596 3862 erit
627 3798 813 3872 refutatum,
848 3800 977 3880 impune
1006 3798 1046 3861 ad
1078 3798 1217 3861 omnium
1241 3798 1412 3881 perniciem
1436 3800 1647 3865 convalescet.

315 3893 451 3956 Proinde
472 3893 579 3955 autin
602 3912 672 3955 meo
695 3893 837 3974 periculo
853 3893 985 3954 salutem
1008 3894 1160 3974 integram
1177 3899 1334 3975 praestate
1351 3911 1567 3969 communem,
1591 3906 1648 3959 aut

315 3990 349 4051 in
371 3989 483 4050 vestris
514 3987 575 4049 hoc
604 3987 689 4049 idem
718 3995 897 4070 exspectate
928 3986 1161 4049 incommodum
1189 3985 1335 4048 fortunis.
1379 3981 1429 4047 47.
1452 3989 1550 4050 Nemo
1581 3999 1646 4052 tam

277 4080 438 4165 aoperdita
460 4081 663 4153 auctoritate,
686 4087 748 4143 tam
771 4080 948 4142 facinerosa
974 4083 1121 4143 inventus
1144 4088 1192 4142 est
1213 4080 1292 4152 vita,
1320 4080 1392 4162 qui,
1421 4100 1491 4143 cum
1516 4081 1554 4145 de
1578 4103 1648 4147 soe·

314 4175 381 4237 lese
410 4172 575 4247 fateretur,
608 4193 671 4235 non
701 4182 807 4237 tamen
830 4175 995 4237 sententiis
1018 4175 1105 4257 prius
1128 4174 1266 4236 iudicum
1289 4175 1527 4237 convinceretur
1549 4197 1647 4259 quam

315 4269 472 4351 supplicio
501 4268 713 4331 addiceretur.
758 4270 824 4351 Ego
855 4277 985 4351 repente
1013 4269 1043 4332 vi
1074 4268 1240 4331 tribunicia
1270 4274 1433 4350 correptus
1462 4287 1527 4330 non
1549 4272 1647 4334 modo

315 4361 468 4444 loquendi
493 4361 588 4424 libere
610 4362 643 4423 in
666 4362 803 4435 iudicio,
826 4361 882 4425 sed
905 4383 944 4425 ne
969 4362 1163 4425 consistendi
1186 4361 1315 4445 quidem
1337 4363 1370 4425 in
1393 4362 1519 4427 civitate
1541 4364 1647 4428 babeo

316 4461 515 4538 potestatem.
550 4454 670 4518 Eiicior
690 4476 755 4518 non
778 4455 881 4519 solum
903 4457 971 4520 sine
994 4463 1084 4531 teste,
1107 4456 1176 4519 sine
1198 4455 1313 4530 iudice,
1335 4456 1392 4519 sed
1414 4454 1482 4520 eine
1502 4458 1647 4535 crimine,

383 4689 406 4736 4.
424 4688 509 4749 partito
526 4689 586 4737 0-
607 4689 647 4735 cni
665 4701 728 4738 nos:
746 4701 800 4738 om.
815 4690 862 4739 CO
877 4716 902 4725 -
922 4690 1025 4739 contulit
1041 4689 1140 4739 taudem
1157 4691 1191 4740 C:
1211 4689 1300 4740 eatulit
1316 4689 1350 4738 ad
1366 4689 1497 4742 laudsmo
1511 4720 1538 4730 -
1555 4694 1581 4743 2.
1598 4709 1650 4757 po-

313 4763 414 4825 patisli
433 4788 460 4797 -
480 4764 504 4811 t.
518 4763 635 4824 quoniam
648 4764 682 4812 C:
701 4763 733 4811 Et
750 4763 868 4824 44444444
885 4764 903 4812 0
918 4790 945 4799 -
965 4764 1108 4814 advertistis
1119 4765 1160 4814 ES
1176 4792 1203 4800 -
1223 4764 1247 4816 l.
1260 4770 1407 4826 conspurcat
1423 4768 1455 4816 P:
1473 4775 1601 4830 conparet
1617 4773 1649 4820 G¹

316 4839 376 4894 ES;
394 4843 548 4900 compareret
564 4837 595 4887 G²
608 4863 635 4872 -
654 4838 678 4887 s.
696 4837 853 4887 tribunitiam
869 4840 934 4887 G-
950 4853 1017 4887 nunc
1035 4839 1067 4888 E:
1086 4855 1136 4889 non
1152 4835 1189 4904 (ri)
1206 4841 1280 4890 PGS
1302 4865 1328 4875 -
1347 4841 1409 4889 aiibi
1425 4841 1518 4891 inicum
1535 4845 1567 4902 1³3
1585 4846 1649 4894 miti

316 4914 445 4962 inimicum
461 4913 519 4972 G03
538 4913 666 4962 inimicum
682 4913 742 4961 444444
758 4913 800 4961 ES
818 4940 844 4948 -
864 4914 888 4962 o.
905 4925 930 4962 sa
952 4914 982 4962 E:
1008 4914 1050 4963 sed
1069 4917 1141 4964 PGS
1155 4939 1182 4950 -
1204 4916 1277 4976 priua
1293 4928 1343 4964 esse
1359 4920 1469 4965 uestrum
1485 4917 1519 4966 C:
1537 4924 1649 4968 vestrum

314 4989 388 5050 prius
403 4988 484 5038 esico
499 5014 525 5023 -
544 4989 569 5037 7.
587 4988 744 5038 connoteacat
761 4989 900 5037 calamitas.
920 4992 942 5036 ct
958 4993 1087 5038 remorata
1105 4990 1123 5037 C
1140 5017 1165 5026 -
1185 4990 1209 5039 8.
1228 5003 1259 5038 ac
1276 4990 1309 5040 C:
1328 4996 1404 5050 atque
1421 4992 1481 5040 0-
1500 4993 1608 5054 (44444444
1626 4997 1647 5044 C

320 5087 346 5099 -
361 5065 386 5113 9.
398 5067 515 5112 meatus
527 5064 561 5113 C:
579 5069 681 5112 vocatus
693 5065 712 5112 O
726 5088 753 5097 -
774 5064 813 5112 40.
827 5063 913 5112 debebo
930 5065 988 5113 P-
1007 5064 1149 5128 retipaatur
1164 5066 1197 5113 ad
1213 5066 1432 5115 denonstrandam
1445 5067 1478 5116 C:
1499 5069 1533 5116 od
1544 5069 1650 5118 4144444-

317 5139 450 5186 444444444
465 5138 605 5200 religantur
622 5139 641 5188 0
660 5163 687 5172 -
709 5140 747 5187 44.
767 5139 867 5186 animas
885 5139 917 5186 C:
937 5140 1062 5188 animno
1082 5167 1109 5178 -
1130 5143 1168 5189 lt.
1187 5142 1380 5205 indipnotionern
1398 5145 1417 5193 G
1435 5171 1461 5179 -
1480 5147 1576 5209 penoris
1592 5148 1649 5197 obi-

318 5214 385 5261 ciunt
401 5213 470 5261 nobis
486 5208 611 5268 P²GES;
634 5225 712 5275 panae
735 5212 840 5261 obiciunt
860 5213 948 5261 risobis
970 5214 997 5263 P¹
1016 5241 1043 5249 -
1069 5215 1109 5264 43.
1128 5216 1253 5265 maiorum
1271 5218 1305 5266 C:
1327 5223 1420 5267 veteres
1435 5221 1560 5269 maiorum
1577 5223 1597 5271 0
1617 5251 1646 5259 —

318 5286 431 5336 obterant
448 5288 466 5335 C
488 5313 514 5322 -
537 5286 577 5336 44,
596 5288 622 5335 44
638 5300 677 5337 nie
699 5288 953 5349 pronuntiandae,
977 5289 1025 5338 sed
1043 5290 1069 5338 in
1087 5293 1106 5340 P
1125 5305 1172 5351 pro
1188 5288 1281 5340 lineola
1299 5293 1429 5343 subducta
1447 5293 1591 5346 dolendum
1609 5299 1648 5347 si-

319 5362 465 5422 gnificatur.
480 5387 506 5395 -
528 5362 566 5410 45.
586 5365 672 5423 apnita
685 5364 703 5410 G
718 5388 743 5396 -
764 5364 917 5424 turpitudine
934 5365 953 5411 G
965 5365 983 5412 E
993 5366 1022 5413 S:
1042 5366 1200 5426 turpitudonc
1216 5367 1256 5425 P¹;
1276 5369 1452 5430 turpitudoque
1468 5372 1497 5419 P²
1509 5395 1535 5406 ·-
1556 5372 1596 5420 46.
1610 5373 1649 5422 bis

320 5437 382 5490 PG;
400 5435 447 5496 tiijs
463 5435 480 5482 S
499 5461 525 5470 -
545 5436 586 5485 at.
604 5437 712 5485 minimis
728 5437 888 5500 facultatibus
904 5452 963 5486 usas
979 5441 1104 5500 quondam
1122 5441 1157 5489 C:
1178 5441 1336 5500 facultatibus
1351 5457 1411 5492 usus
1427 5447 1552 5504 quondam
1567 5448 1648 5496 44444-

319 5509 402 5558 nu'sO
423 5536 448 5545 -
468 5511 509 5560 94.
528 5512 667 5560 amicorum
685 5513 718 5560 C:
741 5514 880 5563 amicorum
900 5516 1036 5565 muitarum
1055 5517 1182 5578 praesidio
1201 5520 1310 5566 munitus
1327 5519 1346 5568 0
1365 5545 1391 5554 -
1416 5521 1515 5584 4444944
1533 5522 1565 5570 C:
1593 5527 1648 5584 opst

319 5583 420 5645 indipne
436 5585 456 5633 0
475 5611 501 5619 -
528 5585 568 5637 at.
588 5592 685 5636 tantum
706 5591 737 5637 P:
764 5595 836 5638 tanta
858 5592 962 5640 GESO
987 5619 1013 5627 —
1036 5593 1076 5641 25.
1095 5592 1223 5654 inpensam
1241 5595 1288 5640 PG
1316 5619 1343 5628 —
1368 5595 1460 5656 fecistis
1475 5607 1539 5644 noa:
1565 5597 1648 5645 cistis

322 5657 463 5721 (superscr.
481 5657 528 5709 litt.
546 5676 563 5726 9
579 5675 594 5711 a
612 5675 693 5712 manu
710 5664 774 5725 sec.)
794 5666 825 5722 t’;
845 5667 926 5729 aptatis
943 5667 1017 5716 GES
1028 5668 1056 5716 0.
1077 5667 1115 5717 Ct.
1135 5682 1160 5731 p.
1182 5667 1255 5729 4443,
1275 5668 1313 5717 49.
1329 5694 1355 5703 -
1375 5669 1416 5718 97.
1433 5671 1563 5731 pernitiem
1580 5673 1601 5719 G
1617 5697 1646 5706 -

320 5732 360 5781 29.
380 5734 405 5780 in
421 5737 512 5784 nostris
527 5737 544 5786 S
563 5764 590 5776 -
609 5743 736 5800 superlata
751 5739 932 5790 incommodum
949 5744 981 5791 C:
1001 5743 1183 5793 incommodum
1200 5745 1377 5806 moserano
1397 5769 1423 5779 —
1444 5743 1485 5794 30.
1502 5745 1649 5808 facinorosa

322 5809 355 5856 P:
373 5808 517 5869 4444444444
534 5813 638 5862 GESO
655 5839 682 5849 -
706 5813 746 5865 34.
765 5817 840 5865 eicior
857 5817 876 5866 C
896 5843 922 5852 -
941 5814 1022 5868 iudice
1039 5819 1073 5868 C:
1092 5818 1172 5867 indice
1188 5818 1208 5867 0
1227 5844 1253 5853 -
1272 5820 1314 5868 sed
1329 5818 1382 5868 sine
1397 5820 1515 5881 crimine,
1533 5821 1586 5871 stas
1601 5834 1650 5870 ac·

322 5887 437 5933 curatore
453 5898 515 5937 nos:
533 5888 585 5938 aine
600 5889 712 5941 crimine.
729 5889 782 5941 sias
798 5898 942 5943 manutere
959 5894 993 5953 C,
1011 5894 1064 5944 aine
1079 5894 1196 5955 crimine,
1214 5894 1256 5944 sed
1271 5893 1324 5946 aina
1339 5898 1485 5945 merore
1502 5894 1530 5945 0.
