3800 7350
298 1160 381 1231 ileo
652 1160 802 1226 oaarlo
824 1161 902 1225 rao
924 1164 961 1224 T.
982 1159 1107 1224 ANNIO
1129 1159 1282 1223 MILONE

299 1336 361 1409 dit,
384 1334 487 1397 triduo
510 1330 598 1393 illum
620 1338 675 1392 aut
696 1351 850 1393 summum
872 1328 1049 1413 quadriduo
1071 1348 1140 1391 esse
1168 1328 1356 1411 periturum:
1386 1347 1481 1410 quam
1503 1344 1619 1390 vocem

299 1426 427 1492 eiusad
450 1425 533 1486 hunc
554 1426 595 1486 M.
619 1424 768 1487 Catonem
790 1425 894 1487 statim
915 1422 1071 1485 Favonius
1090 1421 1210 1486 detulit.
1254 1423 1293 1483 X.
1316 1418 1366 1481 47.
1389 1421 1516 1483 interim
1540 1439 1616 1481 cum

300 1523 392 1585 sciret
413 1517 540 1581 Clodius
562 1548 603 1564 -
625 1537 729 1599 neque
751 1518 835 1579 enim
857 1524 922 1579 erat
943 1512 1068 1578 difficile
1090 1515 1171 1578 scire
1195 1549 1233 1561 -
1255 1515 1315 1577 iter
1335 1514 1504 1588 sollemne,
1536 1512 1618 1595 legi·

299 1615 427 1685 timum,
449 1612 660 1673 necessariam
682 1619 753 1674 ante
776 1610 859 1673 diem
882 1630 941 1672 xm
963 1608 1120 1672 Kalendas
1140 1609 1324 1671 Februarias
1345 1607 1454 1671 Miloni
1469 1628 1539 1670 esse
1554 1608 1619 1668 La·

277 1707 429 1771 anurium
451 1704 490 1766 ad
506 1704 661 1766 flaminem
677 1704 882 1785 prodendum,
907 1700 1002 1785 [quod
1021 1711 1088 1763 erat
1101 1702 1235 1764 dictator
1249 1702 1380 1764 Lanuvii
1394 1696 1491 1782 Milo,]
1516 1702 1618 1762 Roma

299 1799 403 1863 subito
426 1798 494 1880 ipse
516 1796 672 1880 protectus
694 1796 793 1879 pridie
815 1805 880 1869 est,
907 1802 943 1857 ut
969 1804 1042 1858 ante
1063 1815 1156 1858 suum
1176 1795 1326 1869 tondum,
1355 1794 1441 1877 quod
1463 1813 1496 1856 re
1520 1791 1619 1855 intel·

299 1892 415 1954 lectum
437 1897 498 1964 est,
526 1889 636 1952 Miloni
657 1890 787 1953 insidias
808 1888 985 1953 collocaret
1020 1889 1123 1971 Atque
1148 1888 1191 1951 ita
1212 1888 1370 1973 protectus
1392 1895 1455 1961 est,
1482 1896 1518 1950 ut
1539 1906 1619 1949 con·

300 1987 419 2048 tionem
445 1983 670 2057 turbulentam,
700 1984 731 2044 in
763 2003 826 2065 qua
853 1983 920 2045 eius
942 1982 1031 2046 furor
1052 1982 1247 2046 desideratus
1269 1991 1335 2056 est,
1365 2002 1447 2066 quae
1469 1981 1523 2043 illo
1545 1982 1619 2063 ipso

302 2078 353 2140 die
373 2078 480 2141 habita
501 2084 562 2151 est,
584 2074 790 2159 relinqueret,
813 2096 917 2159 quam,
940 2077 999 2139 nisi
1023 2075 1111 2139 obire
1134 2076 1280 2140 facinoris
1301 2076 1403 2139 locum
1426 2083 1619 2158 tempusque

264 2191 292 2236 ro
301 2173 470 2244 voluisset,
498 2189 669 2252 numquam
691 2170 878 2253 reliquisset.
922 2166 974 2232 28.
997 2170 1073 2238 Milo
1095 2176 1199 2237 autem
1225 2191 1294 2233 cum
1317 2171 1351 2231 in
1373 2177 1483 2232 senatu
1503 2167 1620 2231 fuisset

301 2286 338 2328 eo
362 2266 429 2338 die,
451 2263 555 2347 quoad
577 2270 704 2327 senatus
726 2270 774 2327 ost
788 2263 953 2337 dimissus,
975 2264 1100 2326 domum
1117 2263 1219 2337 venit,
1242 2264 1365 2326 calceos
1386 2271 1417 2325 et
1431 2264 1619 2325 vestimenta

302 2360 447 2431 mutarit,
478 2357 652 2440 paulisper,
684 2357 757 2421 dum
780 2376 813 2420 se
835 2376 932 2430 uxor,
967 2364 1001 2418 at
1026 2357 1076 2429 tit,
1109 2364 1283 2438 comparat,
1318 2363 1528 2419 commoratus
1552 2362 1618 2428 est,

302 2453 374 2515 dein
397 2450 554 2535 proiectus
576 2451 608 2514 id
630 2452 794 2534 temporis,
817 2471 888 2512 cum
910 2450 972 2512 iam
997 2449 1140 2523 Clodius,
1163 2452 1190 2512 si
1213 2450 1340 2533 quidem
1357 2472 1396 2514 eo
1412 2448 1463 2511 die
1485 2449 1617 2510 Romam

302 2550 452 2608 venturus
479 2553 559 2617 erat,
592 2543 694 2607 redire
722 2544 884 2628 potuisset.
929 2544 1061 2606 Obviam
1092 2540 1125 2606 fit
1152 2544 1180 2605 ei
1205 2543 1333 2607 Clodius
1360 2542 1545 2626 expeditus,
1582 2540 1618 2602 in

266 2658 402 2722 raeque,
425 2636 511 2700 nulla
531 2636 621 2711 reda,
643 2636 737 2700 nullis
759 2637 1009 2720 impedimentis,
1033 2636 1126 2700 nullis
1148 2637 1276 2700 Graecis
1298 2638 1484 2709 comitibus,
1507 2642 1543 2696 ut
1565 2653 1619 2695 so·

302 2731 400 2803 lebat,
431 2730 500 2793 sine
527 2749 642 2803 uxore,
674 2731 761 2813 quod
791 2750 964 2813 numquam
985 2730 1068 2792 lere:
1099 2750 1169 2792 cum
1191 2730 1243 2793 hic
1265 2731 1445 2804 insidiator,
1479 2729 1533 2812 qui
1555 2728 1619 2790 iter

301 2826 380 2888 illud
408 2824 449 2888 ad
476 2822 603 2886 caedem
632 2821 805 2887 taciendam
834 2833 1033 2905 apparasset,
1066 2843 1136 2885 cum
1168 2843 1267 2887 uxore
1289 2825 1454 2888 veheretur
1474 2824 1506 2885 in
1529 2822 1617 2894 reda,

303 2918 506 3001 paenulatus,
533 2933 646 2996 magno
668 2922 699 2978 et
727 2915 877 2999 impedito
900 2924 933 2979 et
955 2916 1097 2979 muliebri
1118 2936 1155 2979 ac
1177 2916 1311 2980 delicato
1334 2917 1517 2981 ancillarum
1539 2936 1618 2999 pue·

301 3030 472 3094 torumque
494 3010 651 3075 comitatu.
694 3007 744 3071 29.
765 3011 816 3073 Fit
836 3011 960 3074 obviam
983 3011 1092 3074 Clodio
1114 3019 1186 3074 ante
1208 3012 1338 3075 fundum
1359 3013 1428 3074 eius
1449 3012 1528 3074 hora
1550 3012 1619 3073 iere
1675 3043 1681 3058 ·

266 3103 468 3170 aoundecima
490 3110 626 3167 autnon
649 3104 746 3167 multo
769 3123 870 3166 secus.
905 3106 1014 3168 Statim
1037 3106 1215 3188 complures
1238 3126 1307 3169 cum
1330 3105 1401 3168 telis
1417 3106 1449 3168 in
1464 3106 1550 3168 bunc
1571 3104 1619 3166 ta-

302 3197 390 3260 ciunt
412 3196 451 3258 de
472 3195 541 3259 loco
556 3197 718 3279 superiore
738 3198 906 3280 impetum,
930 3199 1051 3262 adversi
1067 3198 1224 3261 rederium
1241 3200 1397 3262 occidunt.
1420 3199 1496 3261 Cum
1511 3206 1618 3262 autem

303 3289 354 3351 hic
382 3288 422 3350 de
452 3287 544 3363 reda,
575 3290 690 3352 reiecta
718 3290 852 3372 paenula
881 3292 1062 3355 desiluisset
1090 3313 1187 3376 seque
1212 3294 1275 3356 acri
1297 3293 1402 3355 animo
1424 3292 1618 3366 detenderet,

303 3381 368 3456 illi,
395 3382 449 3465 qui
477 3390 566 3446 erant
595 3403 666 3445 cum
688 3383 814 3458 Clodio,
843 3374 958 3467 gladiis
978 3387 1100 3448 eductis
1121 3386 1233 3470 partim
1255 3404 1415 3448 recurrere
1436 3387 1475 3449 ad
1498 3386 1618 3461 tedam,

303 3482 340 3539 ul
366 3496 385 3537 a
414 3483 501 3558 tergo
526 3475 674 3539 Milonem
703 3476 917 3552 adorirentur,
948 3479 1078 3561 partim,
1107 3479 1195 3562 quod
1225 3478 1308 3540 bunc
1338 3479 1398 3541 iam
1421 3479 1617 3544 interiectum

266 3574 465 3653 aepularent,
494 3568 625 3633 caedere
646 3570 799 3654 incipiunt
820 3572 889 3634 eius
911 3592 1036 3645 servos,
1066 3574 1120 3656 qui
1143 3580 1214 3656 post
1235 3580 1338 3646 erant,
1365 3573 1538 3655 exquibus
1560 3574 1616 3655 qui

303 3662 408 3725 animo
430 3657 516 3726 fideli
536 3664 570 3726 in
592 3664 752 3728 dominam
776 3672 807 3729 et
828 3666 984 3748 praesenti
1003 3666 1130 3729 luerunt
1145 3667 1257 3750 partim
1273 3667 1367 3730 occisi
1384 3675 1471 3742 sunt,
1493 3668 1617 3750 partim,

304 3777 373 3820 cum
396 3756 435 3819 ad
458 3757 564 3820 radam
586 3759 717 3842 pugnari
739 3758 894 3833 viderent,
930 3760 1056 3823 domino
1079 3781 1260 3823 succurrere
1282 3760 1537 3843 prohiberentur,
1559 3762 1619 3823 Mi·

303 3851 567 3913 lonem'ocoisum
590 3858 682 3914 etex
703 3854 773 3935 ipso
796 3852 907 3915 Clodio
930 3854 1074 3916 audirent
1095 3861 1126 3915 et
1147 3874 1181 3916 re
1203 3875 1275 3916 vera
1296 3861 1455 3937 putarent,
1477 3853 1619 3916 lecerunt

304 3942 337 4005 id
364 3943 445 4005 servi
474 3944 599 4007 Milonis
629 3947 792 4008 —dicam
820 3947 904 4010 enim
935 3956 1042 4029 aperto
1071 3967 1135 4010 non
1164 3948 1325 4010 derivandi
1353 3948 1490 4010 criminis
1512 3965 1621 4026 causa,

354 4258 378 4307 4.
396 4261 442 4306 eut
458 4257 477 4307 E
494 4259 698 4309 etGaratonius:
715 4260 749 4308 44
765 4257 819 4320 TS;
838 4261 871 4310 cl.
886 4274 911 4324 p.
926 4262 998 4318 4456,
1012 4260 1036 4309 i.
1051 4286 1076 4294 -
1093 4260 1302 4321 quadriduoTE:
1320 4260 1509 4321 quutriduoSO
1522 4286 1550 4297 -
1569 4274 1621 4312 4444

305 4334 367 4383 TE:
386 4345 439 4382 om.
452 4333 496 4382 80
506 4357 533 4367 -
552 4332 576 4382 3.
593 4336 649 4381 erut
664 4332 763 4396 difficile
778 4333 841 4382 scire
851 4334 881 4382 S:
899 4339 955 4383 orat
971 4335 996 4381 id
1007 4334 1104 4397 44414444
1120 4336 1182 4384 scire
1192 4347 1210 4382 4
1220 4335 1346 4383 4444444444
1355 4336 1390 4391 Τς
1409 4341 1464 4385 erut
1479 4337 1577 4397 difficile
1593 4337 1620 4385 id

303 4409 367 4458 44444
382 4420 400 4456 4
415 4406 524 4456 leoninis
540 4407 558 4455 E
573 4432 600 4442 -
617 4404 641 4457 l.
659 4407 717 4470 1111]
733 4408 836 4457 tercium
853 4409 975 4457 decimum
990 4408 1038 4457 TE
1052 4435 1077 4443 -
1097 4409 1224 4458 4444444444
1241 4410 1260 4458 E
1275 4436 1300 4444 -
1320 4411 1345 4458 5.
1362 4410 1428 4471 quod
1442 4415 1498 4459 erut
1512 4410 1620 4460 dictator

305 4481 411 4530 Lanuuii
427 4479 495 4544 44444]
514 4478 791 4531 upostulabatursane
808 4482 960 4543 quodenset,
979 4481 1026 4531 sad
1046 4495 1097 4530 non
1115 4483 1289 4545 corrigemus,
1307 4495 1401 4532 uerum
1419 4485 1485 4534 baec
1501 4485 1618 4547 quinque

305 4554 442 4615 vocabula,
456 4557 545 4618 utpote
557 4554 694 4604 maniiesto
705 4568 721 4604 a
732 4553 870 4606 scholiasta
883 4558 999 4620 protecta
1013 4557 1174 4608 eiiciemus.»
1187 4558 1263 4606 Bisa.
1278 4583 1305 4592 -
1319 4558 1437 4608 lanuuiE
1451 4585 1478 4595 -
1496 4561 1574 4609 444444
1585 4563 1616 4609 S:

305 4627 378 4680 romb
388 4630 433 4680 TE
448 4657 474 4665 -
493 4629 517 4679 8.
529 4641 581 4688 qua
596 4629 722 4690 eiuanuue
737 4633 776 4679 ius
787 4631 806 4680 E
816 4657 843 4667 -
856 4645 920 4692 quoe
936 4632 978 4679 illo
994 4632 1046 4693 ipso
1063 4632 1100 4681 die
1116 4630 1201 4680 444444
1211 4637 1245 4680 eat
1255 4631 1411 4682 scholiastae
1423 4633 1515 4683 deberi
1526 4638 1620 4684 censet

306 4705 408 4756 Baiias.
421 4729 446 4740 -
465 4704 504 4752 40.
517 4702 577 4752 Milo
593 4707 677 4752 444444
687 4729 724 4739 --
734 4711 901 4756 conunoraun
916 4711 950 4755 444
970 4706 1050 4755 lrabot
1067 4705 1237 4765 Quintilianus
1255 4707 1296 4766 tv,
1313 4708 1338 4767 4,
1350 4707 1390 4755 67.
1406 4734 1432 4742 -
1453 4712 1539 4758 senatu
1555 4708 1615 4758 E-

307 4782 346 4829 44.
364 4783 399 4829 444
415 4778 527 4827 4444444444
542 4777 629 4827 TES:
648 4779 762 4828 dimissus
777 4785 811 4829 444
827 4780 887 4830 0-
908 4783 947 4830 ta.
962 4782 1091 4843 paullisper
1106 4781 1189 4831 TES:
1205 4782 1372 4843 paullisperO
1386 4807 1413 4816 -
1433 4782 1472 4831 43.
1490 4784 1545 4831 dein
1557 4783 1616 4833 TE:

305 4853 444 4902 deindeSO
458 4878 485 4888 -
500 4851 625 4914 profectur
641 4852 716 4902 TES:
732 4855 857 4916 protectura
871 4857 937 4905 4440
953 4883 980 4893 -
998 4856 1037 4904 46.
1050 4856 1112 4904 redu
1128 4856 1181 4905 TS:
1200 4857 1280 4905 raeda
1297 4857 1330 4912 E;
1348 4856 1425 4904 rhoda
1436 4857 1469 4913 0;
1488 4857 1527 4906 sic
1538 4858 1618 4907 etiam

306 4942 349 4976 vv.
366 4928 390 4975 7.
409 4927 449 4976 44.
467 4926 507 4976 44.
526 4927 567 4977 46.
587 4954 614 4964 -
638 4927 807 4989 inpedimentis
822 4930 842 4979 Τ
860 4957 887 4966 -
915 4931 954 4980 46.
973 4944 1110 4992 numquam
1125 4932 1177 4994 {erre
1192 4945 1245 4980 om.
1264 4932 1284 4981 T
1307 4932 1331 4981 iu
1350 4934 1468 4980 44444444
1484 4943 1572 4981 versu.
1589 4957 1616 4965 -

307 5005 345 5053 46.
362 5002 494 5064 pmuiutur
509 5001 583 5051 ΤΕΒ
601 5029 628 5038 -
646 5007 670 5052 44
684 5002 797 5052 muliebri
814 5017 844 5053 ac
860 5005 922 5054 TE:
941 5018 972 5054 uc
988 5005 1101 5054 muliebri
1117 5009 1140 5054 44
1156 5005 1240 5053 SO-
1260 5006 1299 5054 ta.
1318 5005 1377 5068 eius}
1393 5005 1463 5054 cuins
1479 5005 1539 5053 T-
1556 5005 1621 5054 hora

305 5105 341 5116 ·-
353 5077 465 5127 44444444
480 5074 561 5125 habet
577 5076 596 5126 Β
615 5102 641 5112 -
659 5076 729 5138 serae
745 5078 763 5126 B
779 5104 806 5114 -
825 5079 865 5128 40.
884 5080 1012 5141 conplures
1027 5081 1077 5129 T-
1095 5093 1151 5129 cana
1168 5080 1221 5128 telis
1237 5092 1290 5128 om.
1305 5080 1324 5128 B
1342 5105 1369 5114 -
1388 5080 1429 5129 44.
1447 5080 1553 5144 adversi]
1570 5081 1619 5128 44-

208 5195 215 5211 ,
304 5151 382 5217 pressi
398 5153 417 5201 B
430 5176 456 5185 —
475 5150 603 5199 rederium
618 5151 699 5200 Bas:
718 5153 864 5203 raedarium
874 5154 907 5210 m
925 5154 1100 5203 rbeduriumo
1115 5180 1140 5188 -
1155 5154 1216 5203 Cum
1232 5154 1271 5202 bic
1286 5155 1315 5203 44
1330 5155 1408 5203 rhedo
1422 5155 1513 5203 reiecta
1525 5156 1621 5216 penula

305 5227 438 5277 desiluisset
458 5224 534 5275 atteri
555 5226 660 5276 Servius
677 5225 710 5275 ad
727 5225 822 5291 Vergil.
840 5231 906 5278 Aen.
923 5231 965 5289 ΙΙΙ,
984 5227 1031 5279 446
1048 5231 1074 5278 44
1091 5231 1183 5290 Georg.
1202 5230 1233 5287 11,
1252 5227 1312 5286 eal:
1336 5229 1430 5278 reiecta
1446 5230 1538 5291 penula
1553 5230 1619 5278 deri·

304 5303 350 5350 tuit
366 5298 506 5350 Diomedes
522 5312 549 5363 p.
568 5300 624 5361 374,
638 5301 678 5349 40.
694 5327 721 5337 -
738 5302 779 5350 44.
794 5303 888 5363 penula
903 5305 922 5353 T
939 5304 1040 5365 (11an)
1056 5330 1081 5339 -
1100 5304 1230 5353 dirituisret
1246 5305 1305 5354 T—
1323 5304 1363 5353 23.
1380 5304 1475 5365 partim
1491 5319 1620 5357 recurrere

304 5378 338 5426 44
353 5376 469 5436 raedam,
491 5379 520 5424 ut
535 5387 553 5424 4
568 5379 637 5438 torpa
654 5375 814 5427 adorirentur
829 5378 945 5428 ltiionem
962 5379 981 5427 B
1001 5404 1028 5414 -·
1054 5379 1184 5429 decurrere
1201 5379 1295 5428 Rarius
1315 5379 1373 5428 i'ar.
1391 5379 1464 5428 44444.
1482 5381 1513 5428 ll.
1531 5394 1558 5444 p.
1576 5382 1617 5433 04.

307 5479 333 5487 —
349 5452 389 5500 Tb.
407 5450 528 5510 incipiunt
544 5448 615 5500 delet
631 5451 735 5501 Rarius.
756 5479 783 5488 -
808 5451 849 5501 46.
868 5453 993 5502 dominum
1019 5458 1091 5502 erum
1110 5459 1133 5503 et
1147 5454 1272 5515 praesenti
1286 5453 1420 5515 suemntT
1439 5480 1464 5488 -
1484 5462 1540 5505 runt
1553 5470 1619 5519 par-

303 5526 347 5573 tim
363 5537 420 5573 4444
435 5525 469 5573 44
484 5526 674 5575 4444444--44
694 5527 731 5576 hia
745 5528 857 5589 personis
871 5529 955 5577 444444
971 5528 1006 5591 (μ.
1026 5529 1098 5587 4464,
1115 5528 1155 5590 48)
1173 5528 1254 5578 habet
1269 5531 1288 5579 P
1307 5553 1332 5564 -
1352 5529 1393 5577 47.
1412 5529 1509 5578 domino
1525 5532 1616 5582 TES:

304 5605 327 5649 44
342 5599 439 5649 domino
456 5599 504 5648 ΡΟ
523 5624 550 5637 -
569 5600 610 5650 48.
628 5601 739 5663 [renunt
754 5603 780 5649 id
795 5604 859 5652 serui
875 5603 974 5653 Milonis
990 5602 1072 5652 habet
1087 5603 1106 5652 B
1123 5603 1150 5653 in
1166 5604 1281 5661 scholio;
1306 5603 1415 5666 serenent
1430 5605 1494 5653 serui
1509 5606 1617 5670 Milonis,

303 5676 367 5737 quod
384 5686 440 5724 4444
451 5675 612 5726 --044444444
628 5675 798 5736 Quintilianus
816 5679 857 5739 lv,
876 5678 905 5737 4,
924 5678 967 5727 lat
990 5677 1031 5738 (ct.
1050 5678 1107 5738 Vll,
1125 5679 1150 5735 4,
1165 5679 1197 5728 46
1208 5681 1259 5743 sq.)
1278 5681 1304 5728 ct
1321 5676 1399 5730 lulius
1416 5678 1504 5728 Victor
1520 5692 1546 5744 p.
1558 5679 1615 5739 MT,

302 5749 343 5799 3l.
364 5776 391 5786 -
412 5749 453 5799 29.
470 5752 535 5800 reret
553 5751 653 5802 44444444
672 5766 688 5802 4
710 5750 855 5816 glossatore
878 5753 965 5803 addita
983 5753 1104 5804 ridentur
1126 5753 1257 5818 Emestio,
1281 5754 1376 5817 llario,
1400 5755 1492 5815 Balaio,
1516 5755 1564 5807 sed
1581 5755 1614 5808 ci.

301 5823 433 5879 llaimiuna
449 5826 476 5876 in
492 5825 535 5880 ed.
553 5827 623 5894 lips.
637 5854 663 5865 -
682 5831 767 5892 aperte
785 5829 818 5879 P:
838 5840 892 5879 om.
911 5827 1023 5882 TESO.
