3800 7350
616 1178 690 1244 os».
712 1183 1015 1248 xxvi-xxvm.
1043 1180 1089 1265 ss
1111 1180 1255 1246 so-oo.
1542 1178 1598 1246 sss

284 1348 373 1414 nulla
400 1348 518 1413 iniuria
546 1359 803 1423 commemorata,
831 1351 927 1415 nullis
954 1351 1047 1415 rebus
1074 1352 1216 1434 repetitis
1246 1371 1316 1414 cum
1345 1352 1437 1415 bonis
1459 1351 1604 1415 omnibus

283 1440 505 1528 publicaretur.
548 1442 677 1505 xxvii.
700 1441 751 1504 58.
773 1444 871 1508 Multa
893 1445 1022 1518 acerba,
1045 1444 1142 1508 multa
1164 1445 1285 1527 turpia,
1307 1445 1404 1509 multa
1425 1445 1605 1508 turbulenta

283 1533 394 1599 habuit
418 1534 473 1598 ille
501 1556 624 1599 annus:
658 1543 761 1599 tamen
791 1537 838 1599 illi
866 1537 995 1612 sceleri,
1027 1538 1111 1621 quod
1138 1539 1171 1600 in
1201 1560 1251 1601 me
1280 1537 1407 1600 illorum
1429 1537 1605 1601 immanitas

286 1627 395 1706 edidit,
415 1628 501 1692 haud
522 1630 589 1693 scio
612 1649 653 1693 an
675 1637 760 1693 recte
782 1631 842 1693 hoc
867 1632 1046 1715 proximum
1064 1651 1134 1693 esse
1149 1632 1299 1696 dieamus.
1326 1628 1517 1694 Antiochum
1539 1630 1605 1692 hla-
1710 1702 1713 1706 ,

285 1743 381 1806 gnum
401 1723 493 1788 illum
515 1723 649 1786 maiores
672 1724 771 1786 nostri
795 1743 906 1806 magna
927 1724 1003 1788 belli
1027 1725 1227 1789 contentione
1249 1734 1333 1788 terra
1351 1723 1491 1806 marique
1513 1742 1629 1806 supe-c

285 1827 385 1882 num
406 1817 490 1881 intra
511 1824 648 1880 montem
672 1818 809 1881 Taurum
833 1838 964 1900 regnare
986 1818 1161 1894 iusseruut;
1183 1819 1309 1892 Asiam,
1331 1836 1394 1900 qua
1415 1815 1504 1879 illum
1526 1814 1607 1877 mul·

284 1918 406 1986 tanmt,
434 1909 558 1984 Attalo,
587 1917 622 1973 ut
643 1910 669 1973 is
692 1920 836 1993 regnaret
858 1913 891 1975 in
914 1933 968 1986 aa,
991 1912 1255 1975 condonavemnt.
1289 1911 1366 1974 Cum
1388 1909 1607 1974 Armeniorum

284 2024 357 2088 rege
379 2004 515 2087 Tigrane
537 2023 631 2086 grave
653 2004 772 2067 bellum
793 2025 897 2088 nuper
918 2006 979 2087 ipsi
1002 2005 1250 2087 diuturnumque
1272 2003 1443 2086 gessimus,
1466 2023 1537 2065 oum
1551 2000 1606 2064 ille

284 2097 408 2162 iniuriis
429 2096 464 2160 iu
485 2097 589 2160 socios
611 2108 737 2160 nostros
759 2098 932 2161 inferendis
955 2098 1039 2162 bello
1060 2118 1160 2181 prope
1182 2117 1240 2160 nos
1262 2096 1451 2159 lacessisset.
1493 2094 1553 2158 llio
1575 2101 1607 2157 et

284 2194 353 2278 ipre
374 2211 489 2276 perse
512 2189 681 2256 vehemens
702 2190 762 2254 tuit
784 2201 816 2254 et
837 2194 1023 2256 acerrimum
1044 2191 1167 2255 hostem
1190 2191 1284 2254 huius
1305 2190 1430 2273 imperii
1443 2187 1644 2258 Mithrida-to

284 2293 364 2359 4444,
391 2282 519 2368 pulsum
545 2285 662 2358 Ponto,
693 2284 805 2367 opibus
828 2287 893 2348 suis
915 2305 1078 2368 regnoque
1101 2284 1257 2358 defendit,
1286 2291 1318 2347 et
1345 2284 1385 2346 ab
1406 2284 1441 2345 L.
1463 2281 1606 2356 Lucullo,

283 2397 406 2443 mmmo
427 2376 496 2440 viro
517 2384 613 2460 atque
635 2378 842 2461 imperatore,
864 2379 991 2460 pulsus,
1013 2379 1119 2441 animo
1143 2387 1247 2441 tamen
1264 2375 1372 2440 hostili
1387 2395 1458 2439 cum
1472 2374 1606 2457 reliquis

283 2461 350 2535 suia
371 2468 473 2552 copiis
493 2469 527 2532 in
549 2470 681 2553 pristina
703 2480 807 2535 menta
830 2473 954 2536 mansit.
989 2471 1079 2534 lluno
1104 2470 1160 2533 Cn.
1181 2470 1366 2553 Pompeius,
1394 2489 1465 2531 cum
1486 2469 1519 2533 in
1541 2468 1607 2531 suis

285 2564 395 2628 caetris
416 2564 594 2646 supplicem
616 2564 771 2628 abiectum
793 2565 941 2640 vidisset,
972 2564 1072 2628 erexit
1094 2572 1189 2647 atque
1210 2563 1334 2643 insigne
1357 2562 1494 2645 regium,
1521 2560 1607 2645 quod

282 2655 336 2721 ille
357 2654 477 2720 desua
499 2658 600 2741 capite
623 2658 798 2732 abiecerat,
826 2659 986 2741 reposuit,
1010 2665 1041 2720 et
1063 2657 1156 2720 certis
1178 2655 1272 2718 rebus
1295 2656 1454 2737 imperatis
1476 2674 1646 2738 regnarem

284 2749 393 2825 iussit,
414 2746 475 2814 nec
495 2751 601 2814 miuus
622 2759 654 2813 et
676 2751 735 2815 sibi
759 2760 791 2814 et
814 2750 888 2813 huic
911 2752 1044 2835 imperio
1066 2749 1239 2833 gloriosum
1260 2750 1384 2831 putavit
1404 2749 1607 2813 constitutum

283 2864 303 2911 a
323 2866 359 2909 se
380 2865 488 2928 regem
509 2864 604 2927 quam
628 2846 830 2908 constrictum
852 2845 963 2908 videri.
1007 2842 1058 2907 59.
1081 2843 1142 2876 Μ
1165 2842 1237 2905 tulit
1259 2842 1373 2924 gessit,
1402 2844 1511 2926 quiet
1540 2841 1608 2925 ipse

283 2938 383 3004 hostis
404 2937 466 3003 suit
486 2938 598 3022 populi
620 2940 752 3002 Romani
774 2948 806 3002 et
826 2940 1011 3001 acerrimum
1033 2938 1157 3001 hostem
1179 2937 1212 2999 in
1234 2955 1366 3017 regnum
1387 2938 1521 3020 recepit,
1551 2935 1607 3018 qui

283 3033 441 3108 coutlirit,
464 3033 520 3116 qui
543 3033 633 3115 signa
648 3033 795 3107 contulit,
818 3034 873 3115 qui
896 3031 935 3094 de
958 3031 1091 3114 imperio
1106 3049 1208 3113 paene
1223 3029 1367 3103 certavit,
1389 3036 1498 3112 regnat
1511 3025 1607 3091 hodie

284 3137 315 3193 et
341 3127 497 3191 amicitiae
526 3147 642 3191 nomen
664 3147 700 3190 ac
723 3128 897 3200 societatis,
928 3127 1014 3209 quod
1036 3126 1131 3190 armis
1153 3123 1303 3196 violarat,
1330 3122 1364 3184 id
1392 3123 1538 3207 precibus
1561 3128 1645 3192 estse

283 3227 491 3286 consecutus:
518 3221 573 3283 ille
596 3220 729 3304 Cyprius
752 3222 864 3295 miser,
887 3220 941 3304 qui
964 3239 1088 3301 semper
1109 3219 1244 3291 amicus,
1269 3237 1393 3301 semper
1414 3218 1518 3282 socius
1539 3216 1608 3292 init,

283 3316 323 3378 de
346 3334 410 3398 quo
433 3313 520 3377 nulla
544 3334 692 3398 umquam
715 3315 852 3397 suspicio
868 3314 976 3377 durior
990 3321 1046 3376 aut
1060 3312 1100 3374 ad
1122 3320 1265 3374 senatum
1280 3319 1335 3373 aut
1351 3311 1391 3373 ad
1406 3312 1608 3395 imperatores

283 3406 379 3471 allata
400 3415 527 3471 nostros
551 3417 617 3483 est,
647 3410 754 3483 vivus,
783 3418 818 3473 ut
846 3408 953 3482 aiunt,
984 3416 1032 3470 est
1053 3414 1084 3468 et
1105 3405 1216 3469 videns
1238 3425 1310 3468 cum
1332 3406 1415 3469 victu
1437 3425 1474 3469 ao
1497 3406 1608 3469 vestitu

284 3521 342 3565 suo
362 3500 552 3584 publicatus.
584 3504 648 3578 En,
671 3523 727 3566 cur
750 3504 846 3568 ceteri
869 3524 960 3587 reges
982 3502 1126 3568 stabilem
1149 3519 1218 3565 esse
1240 3519 1330 3564 suam
1350 3498 1508 3565 fortunam
1526 3497 1609 3562 arhi-

283 3601 422 3671 trentur,
444 3616 515 3659 cum
537 3597 597 3660 hoc
618 3598 703 3661 illius
725 3598 842 3661 funesti
864 3600 939 3661 anni
961 3597 1087 3682 prodito
1110 3595 1257 3680 exemplo
1272 3593 1417 3669 videant,
1438 3613 1496 3678 per
1510 3592 1646 3664 tribu-ss

284 3710 359 3753 num
382 3689 522 3774 aliquem
545 3701 576 3754 et
597 3700 758 3756 sescentas
780 3711 894 3775 operas
909 3713 943 3755 se
958 3692 1093 3756 fortunis
1109 3692 1240 3774 spoliari
1255 3697 1287 3754 et
1302 3710 1398 3773 regno
1414 3690 1500 3754 omni
1513 3709 1609 3773 posse

284 3783 417 3847 nudaril
461 3784 606 3847 xxviii.
630 3784 679 3847 60.
702 3788 743 3849 At
764 3787 859 3849 etiam
882 3806 921 3849 eo
943 3786 1070 3869 negotio
1103 3787 1145 3850 ld.
1169 3785 1297 3848 Catonis
1318 3784 1522 3866 splendorem
1543 3802 1609 3847 ma·

284 3876 391 3941 culare
414 3877 600 3952 voluerunt,
622 3879 740 3961 ignari,
763 3878 838 3961 quid
860 3880 1014 3961 gravitas,
1038 3878 1115 3961 quid
1130 3879 1309 3961 integritas,
1333 3876 1410 3960 quid
1424 3878 1607 3961 magnitudo

283 3968 398 4044 animi,
415 3971 497 4053 'quid
520 3970 659 4054 denique
682 3973 779 4035 virtus
801 3972 937 4046 valeret,
961 3992 1043 4056 quae
1066 3972 1098 4034 in
1123 3977 1307 4053 tempestate
1326 3990 1420 4034 saeva
1436 3971 1544 4054 quieta
1561 3979 1608 4034 est

283 4071 316 4127 et
335 4062 422 4126 lucet
451 4065 484 4125 in
513 4063 651 4129 tenebris
679 4073 711 4127 et
740 4065 830 4148 pulsa
857 4066 926 4129 loco
947 4073 1054 4128 manet
1076 4072 1181 4128 tamen
1202 4072 1298 4148 atque
1320 4063 1428 4127 haeret
1449 4065 1483 4126 in
1504 4063 1643 4146 patrisso

348 4369 372 4418 4,
389 4367 462 4418 rabia
477 4369 587 4431 repetitis
602 4370 635 4420 P:
654 4367 726 4419 roboas
743 4381 797 4419 om.
817 4370 851 4423 Gt
869 4374 945 4430 repet.
964 4369 1036 4418 rebus
1052 4369 1097 4419 a0
1118 4396 1143 4405 -
1162 4370 1188 4418 i.
1207 4367 1298 4418 acerbo
1314 4369 1334 4417 P
1351 4369 1377 4417 in
1394 4380 1447 4418 ras.
1465 4366 1555 4418 babet.
1576 4396 1603 4406 -

282 4441 307 4494 l.
320 4442 432 4493 (4444444444
442 4444 473 4493 P:
493 4443 575 4492 dicam
587 4443 631 4493 GO
643 4469 670 4478 -
688 4456 808 4506 maguum
824 4444 895 4493 illum
911 4447 942 4494 P:
962 4444 1033 4493 illam
1043 4456 1164 4508 44494444
1175 4443 1232 4493 GO.
1250 4442 1395 4492 antiocham
1405 4445 1527 4508 Magnam
1536 4445 1606 4494 idam

283 4543 319 4556 ··
329 4518 502 4568 condonatum
518 4516 594 4567 ollert
607 4515 703 4569 Gellius
720 4519 751 4568 N.
764 4520 814 4568 4444.
828 4520 885 4579 llll,
904 4518 944 4578 43,
958 4520 1002 4578 Ξθς
1021 4520 1167 4570 Antiochum
1181 4531 1302 4581 magicum
1317 4517 1398 4568 habet
1413 4520 1436 4569 A
1449 4545 1475 4554 ·-
1495 4520 1519 4570 7.
1538 4521 1606 4570 atolo

284 4588 314 4644 θ’
332 4617 359 4629 ·-
378 4597 407 4642 ut
422 4593 444 4642 ir
459 4594 486 4641 io
502 4604 532 4642 aa
548 4596 665 4654 regnaret
681 4593 854 4642 condemnant
870 4591 975 4643 Gellius.
997 4620 1024 4629 -
1052 4597 1131 4657 Quom
1148 4595 1179 4651 P,
1204 4595 1315 4654 (44444444
1331 4595 1351 4643 G
1370 4619 1396 4628 -
1420 4595 1606 4646 amoenior-sm

282 4670 302 4719 P
316 4692 343 4705 -
363 4667 387 4719 8.
400 4668 538 4733 tapraoeti
552 4692 578 4701 -
598 4666 686 4717 bedun
702 4680 783 4730 nuper
798 4668 845 4729 ipsi
861 4668 1055 4730 dimasoamqae
1072 4670 1182 4733 scripsi:
1201 4668 1290 4718 4444444444
1306 4673 1351 4718 out
1363 4681 1411 4731 per
1425 4670 1474 4731 ipsi
1486 4669 1605 4732 (vocibus

282 4748 386 4806 culpor
399 4742 447 4805 ipsi
458 4742 604 4805 expunctis)
617 4741 810 4804 diuturnamque
826 4743 845 4791 P
862 4741 968 4804 (puncta
985 4747 1047 4794 sunt
1063 4758 1078 4792 a
1091 4745 1101 4793 4
1117 4744 1177 4804 m.);
1196 4743 1286 4793 bedam
1300 4744 1539 4806 perdiutreuache
1556 4746 1604 4796 (30

284 4844 310 4853 -
326 4818 366 4869 to.
383 4816 456 4867 baim
471 4816 569 4878 imperii
585 4816 736 4865 mitridatem
749 4817 783 4875 G,
802 4829 855 4866 om.
869 4818 901 4873 P;
920 4817 1026 4867 videtur
1042 4819 1130 4882 potius
1146 4818 1218 4867 buius
1233 4816 1302 4866 arbit
1311 4817 1481 4869 Mithridaten
1496 4819 1605 4871 interci-

283 4892 368 4954 disse,
386 4895 416 4943 ut
432 4893 543 4957 apparet
560 4904 591 4941 er
609 4890 752 4941 imitatione
770 4889 864 4940 Valerii
882 4893 985 4942 Maximi
1003 4893 1034 4954 V,
1053 4895 1077 4953 4,
1096 4892 1124 4941 9:
1148 4893 1235 4954 Regae
1250 4891 1382 4941 ,4444444444
1399 4892 1544 4956 Tipraooen,
1561 4897 1605 4956 qai

282 4973 306 5020 44
324 4981 371 5031 per
389 4980 415 5018 44
433 4978 529 5030 maaraa
548 4978 605 5015 cam
622 4966 715 5027 populo
735 4966 764 5015 li.
782 4965 845 5016 bella
866 4972 975 5029 94444444
996 4973 1020 5016 44
1039 4966 1222 5031 infestationum
1243 4964 1300 5014 arbi
1322 4970 1421 5016 44444444
1435 4967 1605 5022 Mithridaten

281 5043 357 5093 Ponte
369 5041 471 5105 murm
481 5038 575 5090 ciritae
584 5040 636 5089 4444
647 5045 796 5102 protexerat
807 5043 891 5091 cet-
906 5042 946 5091 44.
959 5040 1043 5106 Ponto]
1053 5055 1130 5104 proco
1142 5043 1163 5090 G
1175 5068 1200 5077 -
1214 5039 1365 5104 adscripsi:
1385 5042 1419 5091 ad
1430 5039 1472 5100 P¹;
1485 5057 1503 5092 a
1514 5041 1602 5107 P²GO;

282 5117 316 5169 cl.
329 5117 401 5181 adp.
413 5115 470 5177 433,
483 5116 525 5165 25.
540 5139 567 5150 -
586 5114 615 5165 l..
629 5114 729 5166 addidit
739 5116 923 5179 Madvigius-
943 5117 1024 5167 iaculo
1042 5119 1060 5167 P
1073 5142 1100 5150 -
1120 5116 1160 5165 ta.
1175 5114 1275 5177 putem
1292 5116 1349 5176 PG,
1368 5128 1436 5178 quae
1448 5116 1553 5168 videtur
1564 5133 1605 5171 re-

282 5193 372 5258 petitio
384 5205 417 5242 er
428 5205 453 5241 v.
463 5191 503 5251 tl,
517 5204 568 5255 qun
580 5203 675 5241 verum
687 5190 798 5242 verbum
811 5203 860 5241 suo
871 5189 929 5241 loco
940 5193 1042 5242 motum
1055 5193 1136 5242 est·
1156 5189 1196 5240 43.
1209 5191 1260 5239 suis
1269 5190 1346 5253 copiis
1356 5192 1375 5240 P
1385 5192 1418 5240 G:
1436 5204 1490 5255 cop.
1503 5193 1553 5243 suis
1563 5195 1603 5245 a0

283 5293 312 5303 -
324 5264 365 5317 tl.
382 5264 504 5316 abactam
520 5267 582 5315 PG:
602 5265 770 5328 abiectumque
786 5266 830 5316 o0
850 5293 876 5301 -
896 5267 936 5316 to.
949 5267 1022 5315 certis
1037 5266 1109 5315 redas
1124 5266 1212 5326 imper.
1226 5265 1288 5314 PG:
1307 5264 1366 5326 imp.
1384 5267 1457 5315 444444
1472 5267 1544 5318 rabia
1556 5271 1602 5322 a0

284 5368 311 5379 -
331 5340 372 5392 46.
389 5340 454 5390 banc
471 5343 529 5391 P-
550 5340 589 5388 44.
603 5339 658 5388 44444
674 5340 747 5402 gessit
764 5340 806 5401 qai
824 5340 882 5390 1³0²
900 5341 916 5402 (t
933 5342 994 5403 post
1009 5341 1018 5388 4
1036 5341 1061 5389 in
1077 5340 1133 5390 tulit
1148 5342 1168 5390 P
1184 5351 1244 5403 sup.
1257 5337 1301 5388 lin.
1314 5337 1407 5400 hahet,
1426 5339 1475 5390 sed
1487 5353 1502 5391 a
1513 5354 1549 5392 m.
1564 5343 1600 5405 4);

281 5415 337 5466 trdit
350 5415 472 5480 geatam
490 5413 532 5475 ti¹;
557 5415 676 5479 Tigranes
694 5415 773 5479 igitur
794 5416 837 5477 qai
857 5416 904 5465 LO
922 5428 954 5464 er
973 5415 1033 5465 cod.
1052 5414 1176 5465 ltemmii.
1204 5411 1279 5464 Solus
1296 5414 1315 5463 P
1332 5416 1392 5465 ante
1409 5415 1465 5465 tulit
1479 5412 1602 5468 lacunam

281 5489 363 5541 behet
378 5488 530 5554 quindecim
548 5489 603 5541 lere
620 5487 779 5548 litterarum,
798 5501 879 5552 quam
891 5486 996 5551 Mechly
1012 5489 1083 5539 houd
1100 5484 1310 5553 improbabiliter
1321 5489 1358 5538 sic
1370 5487 1473 5554 explet:
1493 5491 1540 5552 (toi
1551 5491 1602 5542 bol-

280 5566 333 5615 icm
348 5565 421 5615 444444
436 5566 531 5625 intulit,
549 5567 622 5630 gessit
638 5569 689 5617 cet.
716 5563 832 5627 Koechly
849 5568 955 5614 eutem:
980 5564 1026 5614 llic
1042 5566 1085 5627 qai
1102 5563 1209 5613 iniurias
1225 5561 1321 5623 intulit,
1347 5565 1390 5625 qui
1405 5564 1540 5628 4444444444,
1558 5567 1602 5627 qut

281 5645 305 5691 at
319 5640 371 5703 iate
386 5641 438 5691 cet.
458 5667 485 5675 -
505 5642 544 5691 l8.
563 5639 685 5691 bostesP¹
705 5667 731 5675 -
750 5640 790 5690 20.
808 5639 885 5690 violat
903 5641 951 5689 PG
972 5667 997 5675 -
1017 5639 1057 5689 rt.
1076 5639 1188 5702 sigrium
1205 5638 1263 5686 P-
1282 5650 1303 5687 4.
1321 5639 1452 5690 amimae.
1470 5641 1549 5690 socias
1566 5643 1598 5691 P:

281 5729 302 5765 4.
319 5716 399 5766 metas
413 5729 434 5766 4.
452 5716 547 5766 amieos
563 5717 612 5767 GO
629 5742 655 5752 -
674 5715 715 5766 23.
734 5716 813 5765 allata
828 5720 924 5765 nostros
941 5716 974 5764 P:
993 5721 1090 5765 nostros
1105 5715 1185 5764 allata
1201 5712 1249 5761 GO
1260 5738 1287 5749 -
1306 5711 1347 5764 il.
1364 5714 1412 5764 lim
1427 5728 1474 5764 cur
1490 5718 1522 5774 P;
1539 5716 1601 5766 Horu

280 5805 328 5842 erar
343 5792 543 5845 llommsenius.
563 5818 589 5828 -
610 5793 651 5842 45.
668 5804 725 5841 eum
740 5791 842 5840 uideam
855 5804 948 5853 paru
960 5803 1048 5852 operas
1063 5788 1176 5840 habeti
1190 5814 1216 5823 -
1235 5785 1277 5838 26.
1295 5794 1415 5840 4444444444
1429 5791 1522 5841 leo:
1540 5802 1599 5840 see·

280 5867 440 5920 mmo-
459 5864 921 5934 eo.quas--meorauassts-
941 5860 1090 5928 meacm
1110 5861 1273 5919 -eacon
