3800 7350
304 1200 367 1272 762
735 1215 888 1281 ORATIO
909 1215 988 1281 PRO
1009 1217 1044 1279 P.
1065 1215 1192 1280 SULLA

304 1376 472 1444 confiteor:
495 1382 543 1445 siu
566 1391 597 1446 te
618 1384 761 1465 potentia
783 1404 863 1460 mea,
885 1383 912 1447 si
935 1383 1124 1460 dominatio,
1146 1385 1173 1448 si
1194 1384 1334 1467 denique
1357 1384 1488 1468 aliquod
1510 1383 1628 1447 dictum

303 1492 454 1556 arrogans
475 1482 529 1538 aut
550 1476 719 1559 superbum
742 1484 862 1550 movet,
895 1478 974 1561 quin
1005 1484 1040 1540 tu
1068 1478 1100 1542 id
1128 1480 1232 1563 potius
1263 1477 1384 1561 profers
1415 1499 1511 1562 quam
1539 1478 1628 1540 verbi

302 1565 453 1629 invidiam
475 1570 762 1655 contumeliamque
782 1570 964 1635 maledicti?

389 1661 445 1723 lx.
467 1659 518 1725 26.
539 1663 621 1746 Ego,
645 1666 740 1728 tantis
761 1685 780 1728 a
802 1684 852 1728 me
873 1661 1036 1728 beneficiis
1058 1666 1091 1728 iu
1114 1685 1148 1728 re
1170 1664 1299 1747 publicu
1312 1665 1440 1747 positis,
1462 1666 1490 1729 si
1506 1666 1628 1729 nullum

279 1754 388 1817 sniud
411 1756 488 1819 mibi
509 1758 683 1840 praemium
704 1759 743 1821 ab
767 1766 877 1822 senatu
898 1758 1082 1842 populoque
1103 1760 1245 1822 Romano
1268 1758 1329 1821 uisi
1344 1756 1513 1822 honestum
1528 1759 1629 1822 otium

303 1847 509 1929 postularem,
532 1851 604 1935 quis
626 1871 691 1915 uon
713 1852 920 1915 concederet?
966 1853 1031 1915 Sibi
1055 1853 1209 1916 habereut
1230 1852 1378 1928 bonores,
1400 1852 1461 1915 sibi
1484 1851 1629 1934 imperia,

304 1940 363 2003 sibi
385 1943 581 2024 provincias,
603 1945 662 2008 sibi
685 1944 876 2028 triumphos,
899 1946 960 2009 sibi
981 1946 1044 2009 alia
1065 1946 1244 2031 praeclarae
1260 1945 1363 2009 laudis
1377 1944 1530 2027 insignia:
1552 1944 1630 2009 milri

303 2033 412 2096 liceret
435 2035 502 2100 eius
524 2039 628 2112 urbis,
661 2059 757 2123 quam
784 2059 1038 2113 conservassem,
1067 2048 1242 2122 conspectu
1270 2039 1441 2122 tranquillo
1470 2039 1576 2102 auimo
1597 2047 1631 2102 et

305 2127 412 2210 quieto
434 2128 507 2201 frui.
543 2131 651 2206 Quid?
674 2132 699 2195 si
721 2131 781 2195 boc
803 2152 868 2195 non
888 2133 1030 2215 postulo;
1061 2133 1088 2197 si
1109 2133 1164 2197 ille
1186 2133 1276 2197 labor
1297 2152 1386 2197 meus
1408 2131 1577 2215 pristinus,
1600 2132 1628 2195 si

266 2234 294 2280 ro
303 2219 501 2299 sollicitudo,
529 2222 698 2299 sicilicis,
727 2226 754 2288 si
776 2244 909 2307 operae,
938 2225 966 2288 si
988 2226 1113 2308 vigiliae
1144 2226 1326 2291 deserviunt
1351 2226 1475 2300 amicis,
1502 2232 1629 2308 praesto

303 2322 377 2378 suut
398 2317 560 2394 omnibus;
591 2318 618 2382 si
643 2339 748 2401 neque
776 2319 868 2383 amici
896 2319 931 2382 iu
958 2317 1029 2382 foro
1050 2321 1217 2404 requirunt
1237 2320 1376 2384 studium
1397 2338 1502 2383 meum
1524 2338 1629 2401 neque

302 2426 354 2471 res
375 2410 502 2493 publica
522 2413 554 2475 in
577 2412 678 2488 curia;
701 2413 727 2476 si
749 2432 799 2476 me
821 2432 886 2475 nou
908 2413 1002 2476 modo
1024 2433 1089 2476 nou
1111 2435 1216 2478 rerum
1239 2422 1397 2497 gestarum
1412 2413 1549 2487 vacatio,
1572 2411 1628 2474 sed

303 2519 407 2584 neque
435 2502 564 2570 honoris
591 2527 695 2590 neque
728 2506 839 2571 aetatis
866 2507 1030 2570 excusatio
1056 2507 1198 2571 vindicat
1225 2528 1244 2571 a
1272 2508 1397 2583 labore3
1428 2507 1456 2571 si
1482 2506 1628 2570 uoluntas

304 2614 390 2670 mea,
412 2597 440 2659 si
461 2598 631 2675 industria,
653 2602 680 2665 si
696 2601 824 2675 domus,
847 2599 874 2663 si
890 2600 1032 2675 animus,
1054 2601 1080 2663 si
1094 2621 1186 2665 aures
1201 2609 1309 2684 patent
1323 2599 1486 2675 omnibus3
1508 2600 1535 2662 si
1551 2599 1628 2662 mibi

266 2700 344 2752 sone
365 2690 406 2753 ad
428 2712 466 2756 ea
487 2693 632 2778 quidem,
665 2714 747 2778 quae
768 2714 827 2776 pro
856 2694 958 2758 salute
980 2695 1119 2758 omnium
1142 2696 1245 2778 gessi,
1275 2693 1469 2759 recordanda
1490 2702 1523 2758 et
1543 2693 1629 2776 cogi·

303 2783 400 2849 lauda
420 2786 594 2872 quidquam
616 2788 805 2872 relinquitur
825 2788 995 2870 temporis:
1024 2796 1130 2851 tamen
1158 2789 1221 2853 boo
1248 2809 1380 2871 reguum
1409 2787 1629 2871 appellabitur,

303 2878 393 2942 cuius
415 2881 549 2944 vicarius
571 2883 628 2966 qui
648 2881 726 2945 velit
746 2901 818 2946 esse
839 2882 974 2945 inveniri
996 2900 1088 2945 nemo
1116 2885 1243 2965 potest?
1286 2880 1337 2945 27.
1371 2883 1479 2965 Longe
1499 2882 1590 2945 abest
1610 2901 1630 2944 a

303 2992 354 3035 me
376 2974 464 3056 regui
487 2976 642 3058 suspicio:
671 2977 698 3040 si
720 2974 862 3058 quaeris,
885 2975 940 3059 qui
962 2973 1026 3038 siut
1046 2977 1164 3039 Romae
1183 2997 1315 3060 reguum
1337 2996 1493 3058 occupare
1515 2975 1629 3047 conati,

303 3073 340 3128 ut
360 3086 400 3130 ue
422 3067 556 3150 replices
579 3070 740 3134 annalium
763 3069 962 3145 memoriam,
990 3089 1032 3132 ex
1053 3070 1233 3133 domesticis
1262 3070 1453 3154 imaginibus
1473 3069 1630 3133 invenies.

266 3159 365 3222 eolles
387 3160 471 3223 enim
493 3168 618 3245 gestae,
641 3163 752 3239 credo,
774 3180 863 3225 meae
885 3181 935 3225 me
958 3163 1052 3225 nimis
1074 3163 1259 3227 extulerunt
1279 3184 1316 3228 ac
1331 3162 1408 3227 mibi
1423 3164 1532 3227 nescio
1547 3183 1631 3246 quos

303 3253 434 3337 spiritus
468 3256 649 3320 attulerunt.
704 3256 829 3331 Quibus
861 3254 900 3318 de
932 3256 1026 3319 rebus
1056 3264 1119 3320 tam
1146 3257 1257 3331 claris,
1293 3266 1356 3322 tam
1384 3257 1629 3332 immortalibus,

304 3346 442 3424 iudices,
471 3348 532 3413 hoc
562 3370 691 3434 possum
719 3348 844 3424 dicere,
873 3370 941 3425 me,
972 3351 1027 3434 qui
1053 3371 1094 3414 ex
1121 3352 1252 3415 summis
1280 3351 1430 3435 periculis
1459 3351 1629 3434 eripuerim

303 3441 414 3505 urbem
441 3444 522 3507 banc
551 3451 584 3508 et
609 3445 706 3509 vitam
735 3444 877 3508 omnium
906 3443 1024 3507 civium
1068 3444 1146 3508 sutis
1168 3444 1319 3529 adeptum
1339 3445 1425 3520 fore,
1456 3444 1483 3508 si
1505 3465 1547 3507 ex
1566 3444 1629 3508 boc

304 3540 392 3598 tanto
420 3536 454 3599 in
477 3558 587 3602 omues
617 3539 766 3602 mortales
788 3532 942 3601 beneficio
966 3490 1089 3601 nulium
1111 3537 1144 3600 in
1167 3558 1217 3601 me
1238 3538 1415 3622 periculum
1436 3538 1628 3601 redundarit.

265 3627 355 3693 4448.
376 3631 501 3698 Etenim
523 3634 556 3698 in
579 3652 643 3717 qua
665 3633 788 3698 civitate
810 3651 862 3696 res
888 3638 992 3695 tantm
1019 3632 1189 3715 gesserim,
1220 3633 1366 3710 memini;
1397 3633 1432 3696 iu
1460 3651 1523 3717 qua
1552 3631 1629 3694 urbe

303 3745 425 3800 verser,
447 3727 600 3811 intelligo.
643 3727 775 3791 Plenum
795 3725 897 3789 iorum
920 3733 970 3789 est
990 3746 1099 3790 eorum
1113 3725 1291 3802 homiuum,
1314 3747 1394 3812 quos
1410 3745 1470 3809 ego
1483 3747 1503 3790 a
1516 3725 1631 3790 vestris

304 3820 478 3885 cervicibus
497 3821 623 3906 depuli,
651 3821 786 3896 iudices,
816 3821 935 3884 amois
957 3839 1022 3882 non
1043 3821 1178 3883 removi:
1206 3820 1268 3882 nisi
1290 3839 1366 3884 vero
1388 3840 1508 3904 paucos
1530 3818 1629 3884 luisse

304 3914 513 3991 arbitramini,
546 3916 602 3999 qui
631 3915 739 3979 conari
760 3922 815 3979 aut
843 3933 971 3998 sperare
992 3921 1122 3996 possent
1146 3934 1181 3977 se
1202 3920 1323 3988 tantum
1346 3915 1515 3997 imperium
1535 3933 1631 3998 posse

305 4008 421 4071 delere.
474 4008 594 4073 Horum
623 4029 682 4093 ego
710 4009 795 4073 faces
824 4011 947 4091 eripere
977 4009 1017 4071 de
1046 4007 1192 4071 manibus
1222 4016 1254 4071 et
1286 4006 1409 4091 gladios
1441 4015 1630 4091 extorquere
1702 4049 1705 4059 v

266 4101 409 4183 sopotui,
437 4104 528 4167 sicuti
549 4102 629 4179 feci3
657 4103 834 4167 voluntates
864 4123 939 4165 vero
970 4101 1200 4165 consceleratas
1222 4121 1260 4164 ac
1281 4101 1418 4164 nefarias
1439 4120 1498 4164 uec
1519 4121 1631 4165 sanare

304 4198 395 4278 potui
416 4216 475 4260 nec
497 4196 617 4260 tollere.
662 4196 733 4272 Qua
754 4217 789 4259 re
810 4216 874 4259 nou
896 4216 967 4260 sum
991 4194 1136 4270 nescius,
1165 4203 1285 4278 quanto
1308 4195 1451 4277 periculo
1472 4194 1576 4257 vivam
1598 4193 1630 4256 in

305 4297 392 4354 tanta
422 4288 623 4354 multitudiue
652 4289 885 4374 improborum,
914 4309 985 4351 cum
1016 4287 1093 4352 mibi
1121 4289 1178 4350 uui
1204 4309 1277 4351 cum
1307 4289 1450 4351 omnibus
1478 4287 1631 4370 improbis

305 4389 467 4445 aeternum
489 4382 613 4447 videam
640 4403 710 4447 esse
738 4382 856 4447 bellum
886 4389 1078 4467 susceptum.
1121 4383 1161 4444 Χ.
1194 4379 1245 4444 49.
1279 4382 1371 4457 Quod
1402 4383 1430 4445 si
1457 4381 1521 4445 illis
1551 4381 1631 4445 meis

371 4638 394 4686 4.
413 4636 509 4697 aliquid
524 4636 544 4685 Β
559 4660 586 4671 -
604 4635 628 4684 4.
648 4635 793 4699 arrogantis
809 4635 872 4684 V·
888 4634 973 4698 potius
988 4634 1045 4684 idB
1059 4659 1088 4670 -
1106 4636 1131 4685 44.
1149 4633 1210 4683 mibi
1226 4634 1368 4683 oliudll-
1387 4631 1420 4682 ub
1435 4633 1629 4684 muarv:

305 4727 323 4763 o
338 4717 426 4763 4444444
441 4712 490 4761 440
509 4735 536 4745 -
556 4710 637 4759 ocium
653 4711 673 4760 4
692 4738 719 4746 -
737 4723 788 4760 uon
804 4710 893 4760 unul
912 4733 940 4746 -
960 4709 984 4760 6,
1003 4708 1049 4758 ribi
1065 4709 1183 4759 4444444444
1197 4708 1274 4758 4448
1291 4706 1383 4766 teedv
1398 4707 1441 4769 ul:
1460 4709 1632 4759 4444444444ὸί

305 4788 340 4848 Β;
358 4787 403 4836 ribi
419 4786 536 4836 habereut
551 4785 597 4835 olii
613 4784 674 4836 cod.
693 4785 831 4835 Perceusis
848 4784 978 4834 Torrentii
996 4786 1023 4833 et
1040 4784 1131 4835 Lemb.
1145 4785 1172 4835 iu
1188 4797 1272 4846 marg.
1286 4809 1314 4818 -
1332 4782 1378 4832 ribi
1391 4785 1509 4845 4444444444
1524 4786 1632 4847 torperis

305 4863 337 4922 Τ,
355 4861 404 4912 sed
418 4862 536 4923 proernio
552 4860 647 4911 eadem
665 4873 701 4911 m.
720 4858 847 4911 deletum.
868 4886 895 4896 -
914 4860 939 4909 4.
954 4859 1132 4922 prouiutios'l
1151 4886 1178 4895 -
1199 4859 1238 4909 40.
1253 4863 1355 4920 moesto
1371 4871 1428 4908 444444
1444 4859 1463 4908 Β
1478 4885 1505 4895 -
1524 4860 1564 4909 44.
1582 4873 1632 4909 uon

304 4939 376 4987 modo
392 4951 443 4986 uon
459 4937 577 4986 TVBS:
601 4950 651 4985 ison
667 4936 740 4984 modo
756 4934 812 4994 olii,
831 4935 860 4984 0.
882 4962 908 4971 -
927 4939 1026 4984 vocatio
1043 4934 1066 4983 V
1084 4961 1111 4969 -
1136 4934 1176 4984 43.
1193 4934 1337 4984 uindicatur
1352 4933 1373 4983 Β
1391 4960 1419 4969 -
1439 4933 1480 4983 46.
1499 4933 1633 4994 quicquum

304 5015 324 5063 4
343 5038 370 5048 -
389 5011 530 5074 relinquam
546 5013 566 5062 Β
586 5039 613 5049 -
632 5017 745 5062 4444444444
762 5007 838 5060 lectio
855 5011 928 5060 varia
945 5011 973 5061 in
991 5023 1073 5074 marg.
1092 5006 1184 5059 Lemb.
1205 5035 1232 5045 -
1252 5008 1291 5057 44.
1310 5007 1353 5068 qui
1370 5008 1457 5057 om.l3
1476 5033 1503 5042 —
1523 5008 1633 5058 iuvenire

305 5090 324 5139 Β
343 5113 370 5123 -
390 5101 407 5137 o
423 5101 462 5138 4444
478 5087 531 5138 Eri.
550 5089 577 5137 et
594 5087 629 5136 V:
649 5099 701 5136 om.
714 5087 762 5136 444
776 5111 803 5121 -
826 5085 864 5136 48.
882 5086 912 5151 44]
930 5084 969 5135 siu
986 5085 1023 5143 V;
1042 5091 1065 5135 44
1080 5084 1102 5132 si
1119 5080 1178 5133 cod.
1198 5082 1336 5132 Parcensis
1352 5085 1380 5133 et
1396 5083 1429 5133 44.
1447 5082 1582 5146 Stephani.
1602 5109 1629 5118 -

303 5164 395 5213 suutB
418 5190 444 5199 -
472 5162 512 5212 49.
530 5160 647 5226 441444
666 5186 693 5195 -
716 5161 758 5209 40.
776 5172 846 5210 mooe
861 5172 915 5210 om.
934 5161 954 5210 Β
974 5187 1001 5197 -
1020 5161 1061 5210 44.
1080 5158 1253 5209 inmortalibus
1269 5159 1319 5208 TV
1338 5183 1366 5193 —
1384 5159 1428 5208 44.
1445 5171 1479 5208 eo
1494 5159 1633 5209 4444444444

305 5240 369 5288 VB:
387 5252 400 5288 4
416 5238 518 5288 summis
534 5237 584 5287 440
603 5263 630 5272 -
645 5235 764 5299 periuriis
780 5235 993 5296 eripuerimrv:
1011 5235 1147 5297 eripuerim
1160 5233 1279 5297 peinais
1295 5234 1344 5284 440
1358 5259 1385 5268 -
1403 5232 1444 5282 43.
1463 5234 1490 5282 iu
1506 5234 1633 5284 omui-rin-

303 5314 417 5364 mortalis
433 5314 494 5363 T-
513 5309 554 5362 44.
572 5312 599 5360 iu
615 5310 662 5374 mo]
680 5311 706 5359 iu
722 5323 761 5359 4444
777 5311 858 5372 ipsum
870 5310 892 5359 V
904 5335 932 5346 —
950 5311 1100 5360 redundarit
1117 5310 1170 5360 liri.
1183 5309 1248 5368 TV:
1269 5307 1419 5359 redundabit
1433 5308 1454 5357 Β
1473 5333 1500 5342 -
1519 5308 1561 5358 444.
1579 5321 1633 5358 rem

305 5394 402 5439 tuntum
418 5391 438 5438 Α
457 5386 543 5446 solus,
562 5385 634 5450 quod
652 5385 768 5450 praefert
784 5383 931 5448 Seyffertus
946 5398 974 5449 p.
993 5385 1018 5435 8.
1040 5412 1062 5422 -
1085 5386 1112 5435 iu
1129 5399 1181 5448 quo
1196 5385 1257 5436 urbe
1272 5386 1308 5435 A:
1331 5389 1356 5434 44
1371 5397 1423 5445 quo
1438 5383 1465 5433 iu
1481 5382 1542 5433 urbo
1557 5384 1591 5442 4;
1610 5388 1633 5432 44

305 5466 332 5514 iu
348 5479 399 5526 quo
415 5463 476 5513 urbe
492 5462 571 5512 codd.
589 5460 646 5512 rell.
667 5458 724 5524 [sed
740 5461 759 5510 B
776 5471 831 5510 om.
850 5459 884 5521 iu)
903 5461 930 5508 et
946 5459 966 5508 0
987 5464 1013 5495 -“-
1032 5458 1073 5508 46.
1090 5473 1175 5510 cerm
1191 5459 1299 5511 ATVB
1318 5456 1524 5520 lassaverint:
1544 5460 1632 5509 omli

308 5566 335 5575 -
354 5539 466 5602 intellego
483 5540 532 5589 AT
545 5565 569 5575 -
592 5553 610 5589 o
625 5551 679 5588 om.
692 5539 711 5588 Β
731 5563 759 5574 -
777 5537 818 5587 44.
832 5536 914 5599 depuli
927 5536 1046 5587 ABTS:
1063 5535 1177 5596 repuliv
1190 5535 1290 5597 4444444444
1300 5531 1383 5594 depuli
1394 5532 1486 5583 Lamb.
1499 5533 1526 5582 in
1537 5533 1631 5594 marg.)

308 5640 334 5649 -
353 5614 406 5663 iud.
424 5619 447 5664 44
464 5627 481 5663 a
498 5614 540 5677 (ex
556 5613 753 5671 iudicaretis,
771 5611 931 5674 utvidetur}
949 5613 968 5661 Β
988 5639 1014 5648 -
1039 5611 1088 5660 uisi
1102 5611 1167 5674 {orte
1180 5610 1311 5673 paucosB
1330 5633 1357 5644 -
1383 5607 1424 5657 28.
1442 5607 1484 5656 4444
1500 5606 1633 5656 4444444444

308 5716 337 5726 -
355 5689 397 5738 49.
414 5689 489 5750 foces]
505 5690 601 5751 soceros
617 5689 639 5736 V
658 5713 684 5723 -
703 5686 744 5737 30.
763 5687 834 5735 sicuti
851 5687 916 5736 TV:
933 5686 997 5735 sicut
1012 5686 1061 5735 440
1082 5714 1109 5721 -
1127 5700 1187 5735 uero
1203 5697 1257 5735 om.
1270 5685 1290 5734 Β
1303 5709 1331 5719 -
1349 5681 1390 5731 33.
1408 5678 1632 5730 succutaneus.

307 5767 340 5816 T:
359 5765 448 5815 bellum
464 5778 528 5815 44444.
546 5778 596 5815 4444
613 5764 647 5823 V;
667 5762 756 5813 betium
772 5775 822 5812 4444
837 5775 901 5812 susc.
918 5763 939 5812 44
958 5760 1054 5821 (belm
1069 5761 1168 5812 uideam
1184 5773 1235 5810 4444
1250 5771 1314 5808 susc.
1326 5757 1365 5818 Bt.
1391 5756 1421 5806 ln
1437 5767 1477 5805 or.
1496 5753 1572 5805 Catil.
1589 5755 1632 5816 44,

308 5841 332 5904 S.
345 5841 377 5891 44
394 5839 459 5889 dixit
469 5839 578 5892 Tullius:
596 5841 658 5890 mibi
673 5852 730 5890 cum
743 5838 848 5901 perditis
863 5837 958 5887 ciuibus
973 5842 1103 5888 4444444444
1119 5835 1209 5887 4444444444
1220 5837 1359 5898 susceptam
1368 5843 1419 5882 4444
1428 5831 1509 5881 uideo.
1521 5855 1549 5866 -
1568 5831 1635 5893 quod

308 5918 329 5968 44·
345 5929 384 5968 mc
400 5916 449 5969 44444
461 5916 595 5984 praesidiis
609 5915 670 5966 444444
684 5914 775 5982 fortem
790 5913 858 5965 vidos
873 5913 903 5967 Β.
