3800 7350
684 1178 757 1243 cm.
778 1177 972 1244 vn-vm.
998 1174 1044 1261 §s
1066 1172 1210 1242 ra-ar.
1515 1172 1591 1242 asor

281 1367 413 1413 necesse
444 1353 529 1421 erat3
559 1367 614 1410 vos
644 1355 719 1411 tnnc
748 1348 913 1432 paruistis,
946 1366 1017 1410 cum
1047 1347 1152 1430 paruit
1177 1366 1270 1410 nemo
1300 1345 1356 1430 qni
1381 1347 1493 1412 noluit
1534 1349 1596 1413 Re·

281 1440 444 1528 prebendo
472 1439 592 1523 igitur?
624 1443 752 1506 Minime
775 1462 866 1516 ver03
904 1461 1009 1525 neque
1031 1440 1115 1504 enim
1136 1440 1223 1502 licuit
1243 1440 1334 1505 aliter
1354 1448 1457 1506 vestro
1478 1445 1596 1526 genam,

281 1535 419 1609 nomini,
439 1532 592 1608 familiae,
615 1534 808 1617 disciplinae.
845 1536 908 1599 Sed
929 1535 991 1597 hoc
1011 1554 1076 1598 non
1098 1533 1257 1609 concedo,
1285 1542 1336 1609 ut,
1365 1535 1479 1619 quibus
1501 1537 1596 1599 rebus

281 1628 459 1713 gloriemini
479 1628 512 1692 iu
535 1628 640 1703 robis,
671 1629 796 1692 easdem
818 1631 852 1692 iu
874 1629 945 1692 aliis
966 1627 1214 1712 reprehendatis.
1257 1622 1308 1690 il.
1329 1629 1505 1696 Tuberonis
1526 1650 1596 1695 sors

281 1722 425 1787 coniecta
452 1728 500 1785 est
528 1741 569 1785 ex
593 1722 901 1796 senatusconsulto,
931 1742 1002 1785 cum
1025 1720 1093 1804 ipse
1115 1740 1180 1784 non
1201 1721 1341 1797 adesset,
1369 1724 1480 1788 morbo
1502 1726 1619 1789 etiam

281 1815 503 1900 impediretur:
533 1823 684 1880 statuerat
704 1835 865 1880 excusare.
898 1816 985 1880 llaec
1006 1836 1064 1899 eqo
1084 1816 1160 1879 novi
1180 1824 1308 1898 propter
1329 1837 1437 1882 omnes
1459 1819 1596 1884 necessi·

282 1908 426 1984 tudines,
454 1928 535 1994 quae
562 1909 641 1973 mibi
662 1917 737 1973 sunt
757 1930 828 1973 cum
850 1910 884 1971 L.
906 1909 1089 1972 Tuberone:
1119 1908 1205 1971 domi
1226 1929 1290 1974 una
1311 1910 1440 1987 eruditi,
1466 1913 1596 1977 militiae

283 2002 537 2078 contubernales,
565 2011 637 2086 post
665 2000 793 2077 affines,
819 2004 852 2066 in
882 2003 968 2065 omni
990 2002 1128 2086 denique
1152 2003 1216 2066 vita
1236 2002 1421 2080 familiarem
1448 2026 1596 2090 namnum

283 2097 376 2161 etiam
396 2095 573 2172 vinculum,
594 2097 682 2181 quod
704 2098 803 2161 isdem
825 2097 936 2160 studiis
958 2116 1081 2179 semper
1101 2096 1151 2160 usi
1172 2116 1291 2161 sumus.
1324 2096 1397 2161 Scio
1418 2098 1513 2181 igitur
1533 2101 1596 2162 Tu·

283 2189 434 2253 beronem
456 2188 541 2253 domi
563 2209 690 2253 manera
711 2191 863 2255 voluisset
886 2190 942 2253 sed
963 2191 1007 2252 ita
1027 2190 1157 2273 quidam
1173 2190 1299 2274 agebat,
1319 2192 1364 2255 ita
1383 2193 1429 2256 rei
1451 2192 1595 2276 publicae
1605 2200 1633 2248 lt

284 2281 514 2348 sanctiisimum
535 2302 651 2347 nomen
672 2283 869 2367 opponebat,
897 2291 947 2356 nt,
976 2283 1070 2346 etiam
1092 2283 1232 2348 sialiter
1254 2286 1399 2360 sentiret,
1428 2286 1594 2350 verborum
1691 2327 1698 2338 ι

284 2384 389 2440 tamen
411 2376 553 2458 ipsorum
573 2375 698 2461 pondus
720 2376 873 2440 sustinere
894 2396 959 2440 non
980 2384 1099 2458 posset
1141 2374 1192 2441 22.
1212 2377 1313 2442 Gessit
1332 2379 1510 2442 auctoritati
1530 2399 1596 2443 am·

284 2468 417 2553 plissimi
438 2470 495 2533 viri
517 2470 567 2534 vel
588 2471 691 2553 potius
713 2472 832 2553 paruit:
862 2490 925 2533 una
946 2477 995 2532 est
1018 2470 1176 2550 proiectus
1198 2491 1269 2536 cnm
1290 2473 1346 2547 iis,
1374 2492 1508 2557 quorum
1529 2479 1596 2537 erat

283 2581 348 2627 una
369 2583 474 2628 causa.
509 2564 643 2628 Tardius
671 2565 733 2628 iter
751 2565 844 2639 lacit;
874 2564 980 2648 itaque
1002 2562 1035 2627 in
1055 2563 1191 2629 Africam
1213 2567 1300 2631 venit
1319 2567 1382 2631 iam
1403 2574 1595 2650 occupatam.

283 2656 365 2720 ilinc
391 2658 425 2720 in
452 2657 610 2740 Ligarium
638 2658 755 2722 crimen
782 2658 881 2720 oritur
907 2655 958 2721 vel
988 2657 1034 2719 ira
1064 2659 1178 2741 potius.
1224 2661 1320 2735 Nam,
1351 2661 1378 2724 si
1404 2662 1520 2725 crimen
1548 2668 1633 2724 esto

285 2743 398 2834 [illum]
419 2751 571 2826 voluisse,
598 2772 660 2815 nou
690 2753 794 2814 minus
821 2770 967 2834 maguum
992 2759 1039 2814 ast
1066 2771 1122 2815 ros
1143 2751 1299 2828 Africam,
1325 2773 1428 2818 arcem
1455 2753 1595 2818 omnium

282 2843 532 2927 provinciarum,
553 2852 658 2909 natam
679 2846 719 2908 ad
741 2846 859 2909 bellum
880 2852 989 2908 contra
1009 2843 1091 2908 banc
1112 2844 1222 2909 urbem
1242 2845 1432 2929 gerandum,
1454 2848 1597 2912 obtinere

284 2936 439 3012 voluisse,
468 2958 563 3023 quam
592 2938 731 3022 aliquem
761 2959 796 3002 se
817 2937 976 3002 maluisse.
1014 2939 1127 3021 Atque
1144 2938 1171 3002 is
1193 2946 1298 3005 tamen
1319 2940 1433 3025 aliquis
1454 2942 1597 3025 Ligarius

284 3048 348 3092 non
378 3029 449 3094 luit
484 3033 584 3096 Vama
614 3031 778 3116 imperium
810 3049 844 3095 se
875 3031 992 3096 babere
1025 3031 1169 3107 dicebat3
1203 3032 1305 3098 fasces
1336 3042 1421 3098 certe
1452 3035 1597 3101 babebat

285 3118 336 3187 23.
354 3122 417 3188 Sed
432 3143 563 3209 quoquo
585 3124 679 3188 modo
701 3145 735 3188 sa
757 3124 837 3188 illud
858 3124 962 3200 babet,
984 3126 1061 3189 baec
1076 3125 1228 3209 querella,
1246 3127 1380 3202 Tubero,
1396 3136 1499 3193 restra
1520 3126 1636 3213 quidsi

285 3215 392 3281 valeti
416 3218 562 3302 «Recepti
584 3218 616 3280 in
639 3220 829 3300 provinciam
850 3237 915 3282 non
936 3239 1074 3282 sumus.»
1110 3218 1195 3295 Quid
1222 3222 1250 3285 ei
1271 3222 1404 3285 essetis?
1433 3220 1598 3285 Caesarina

286 3329 355 3373 mm
382 3310 525 3375 tradituri
551 3311 653 3375 inistis
683 3332 724 3375 an
751 3320 860 3375 contra
882 3312 1046 3376 Caesarem
1075 3315 1253 3377 retenturi?
1295 3316 1376 3378 Vlll.
1398 3315 1493 3389 llide,
1522 3312 1598 3398 quid

285 3403 448 3480 licentiae,
477 3405 607 3480 Caesar,
635 3406 727 3468 nobis
755 3414 808 3470 tua
829 3405 1000 3469 liberalitas
1022 3405 1076 3468 dat
1095 3406 1146 3470 vel
1168 3407 1274 3489 potius
1296 3407 1456 3472 audaciae.
1496 3407 1530 3470 Si
1550 3427 1600 3471 re-

287 3496 449 3582 sponderit
469 3497 611 3573 Tubero,
633 3498 788 3573 Africam,
810 3518 874 3583 quo
896 3506 1024 3563 sanatus
1046 3519 1119 3562 eum
1140 3519 1272 3583 sorsque
1293 3502 1439 3575 miserat,
1467 3499 1524 3563 tibi
1545 3518 1601 3583 pa·

286 3598 366 3656 trem
394 3612 483 3655 suum
512 3593 698 3656 traditurum
726 3592 840 3667 fnisse,
869 3611 932 3655 non
962 3591 1113 3656 dubitabo
1141 3593 1225 3677 apud
1253 3594 1357 3678 ipsum
1378 3602 1427 3669 te,
1456 3594 1545 3657 cuius
1566 3592 1638 3656 icas

287 3707 361 3751 eum
390 3685 494 3750 facere
527 3685 682 3762 interluit,
715 3686 903 3770 granssimis
931 3686 1035 3750 verbis
1068 3687 1136 3750 aius
1166 3686 1332 3751 consilium
1360 3687 1601 3770 reprehendere.

286 3781 359 3844 Non
385 3779 486 3853 enim,
519 3779 545 3843 si
573 3780 632 3842 tibi
660 3799 697 3844 ea
722 3799 773 3845 res
794 3786 881 3863 grata
901 3778 1032 3853 fnisset,
1064 3786 1148 3844 esset
1168 3781 1262 3845 etiam
1283 3781 1422 3864 probata.
1464 3777 1515 3844 ai.
1538 3777 1601 3843 Sed

287 3873 351 3938 iam
370 3872 432 3937 boc
453 3879 553 3937 totum
575 3873 703 3947 omitto,
732 3893 798 3936 non
819 3879 883 3937 tam
904 3891 945 3936 ne
967 3872 1123 3937 offendam
1143 3881 1213 3938 tuas
1235 3875 1478 3957 patientissime
1499 3893 1602 3947 auree,

288 3984 384 4052 quam
406 3985 447 4029 na
469 3966 593 4030 Tubero
615 3966 701 4050 quod
722 3985 892 4050 numquam
914 3965 1063 4047 cogitavit
1082 3964 1223 4030 facturus
1244 3966 1342 4031 fuisse
1361 3967 1514 4031 videatur.
1540 3968 1602 4029 Ve-

287 4057 423 4123 niebatis
449 4058 543 4142 igitur
562 4059 596 4122 in
616 4057 769 4134 Africam,
793 4058 990 4142 provinciam
1011 4077 1105 4122 unam
1126 4078 1166 4122 ex
1191 4059 1337 4123 omnibus
1357 4059 1431 4123 buia
1449 4061 1639 4124 victoriosae

288 4152 425 4217 mamma
451 4151 612 4227 infestam,
639 4151 672 4215 in
705 4172 768 4236 qua
798 4159 864 4216 erat
884 4171 942 4216 rex
962 4150 1198 4234 potentissimus
1218 4152 1363 4218 inimicus
1383 4151 1458 4216 buic
1479 4171 1602 4228 musae,

201 4266 213 4276 ·
289 4245 393 4311 aliena
413 4246 569 4321 voluutas,
591 4251 765 4311 conventos
786 4241 867 4308 firmi
887 4251 984 4328 atqua
1005 4244 1121 4328 magni.
1148 4244 1292 4321 Quaero:
1313 4245 1391 4330 quid
1408 4243 1520 4311 factori
1540 4245 1603 4311 tui·

355 4516 379 4567 l.
397 4519 455 4567 trare
477 4515 544 4566 GE:
570 4519 623 4566 tren
639 4515 659 4566 0
678 4540 705 4551 -
732 4527 802 4565 neno
822 4512 871 4565 otri
891 4514 935 4578 qai
952 4513 1029 4565 addi
1044 4512 1166 4578 speciosa
1181 4511 1380 4578 interpolatione
1396 4513 1456 4566 cod.
1474 4514 1559 4567 Ursini
1574 4518 1603 4566 et

289 4591 455 4661 Victorianus
471 4589 586 4641 soldani.
606 4616 634 4627 -
652 4588 677 4640 i.
695 4588 826 4640 lbbmooir
842 4587 902 4639 cod.
920 4587 1110 4641 Ambrosianus
1126 4589 1323 4652 antiquissimus
1339 4589 1374 4651 (v.
1391 4587 1478 4640 solsol.
1496 4589 1550 4640 Cic.
1568 4590 1600 4652 11,

290 4681 317 4733 p.
335 4666 391 4731 373)
408 4679 470 4718 cnm
486 4663 619 4731 plerisque
636 4661 705 4714 aliis:
725 4662 844 4715 Tuberoni
860 4663 910 4714 GE
929 4690 956 4702 -
974 4663 1036 4728 rore]
1051 4676 1151 4715 cosm
1166 4674 1235 4714 corr.
1252 4664 1280 4714 in
1294 4676 1352 4714 creir
1365 4665 1456 4715 aaran
1473 4689 1500 4701 -
1518 4665 1543 4715 6.
1554 4677 1603 4716 ea>-

290 4754 380 4794 carcre
394 4753 421 4793 ce
436 4739 496 4792 cod.
515 4739 613 4800 Ursini;
630 4751 655 4790 se
671 4751 792 4790 emmam
807 4737 858 4789 alii.
873 4764 900 4775 -
918 4738 944 4789 7.
962 4737 1065 4790 monce
1079 4738 1263 4789 moderarier
1277 4738 1355 4789 ebert
1368 4737 1491 4791 Claudius
1508 4741 1603 4790 saoer·

291 4812 1603 4877 oos1‚ss.-o.snrenono-rr.oopoaeoarn-raceeoaopuoasroarooeronma

289 4890 329 4941 cel
339 4890 424 4954 potira
435 4889 524 4954 pond
539 4888 655 4940 lsidoms
671 4886 768 4952 lllspal.
787 4887 872 4953 θήρη.
890 4889 921 4950 V,
939 4890 981 4950 35,
993 4888 1033 4939 33.
1049 4914 1077 4926 -
1095 4888 1134 4940 li.
1152 4901 1210 4940 man
1224 4888 1262 4939 bia
1277 4890 1338 4939 (i-
1356 4886 1398 4938 lt.
1415 4885 1486 4938 ware
1499 4887 1605 4938 masse

292 4966 354 5016 GE:
371 4964 451 5016 odam
464 4963 569 5015 odotem
584 4962 638 5013 duo
655 4960 733 5013 codd.
745 4959 868 5022 Palation
883 4962 1013 5026 probibere
1028 4963 1098 5014 wios
1111 4965 1217 5016 odram
1232 4964 1287 5015 co.
1305 4962 1394 5015 Lectio
1409 4963 1489 5013 ellare
1500 4963 1604 5014 comae

291 5038 379 5091 moltis
395 5039 508 5106 placuit,
526 5052 541 5089 e
558 5036 655 5104 qulbus
671 5036 815 5101 Madvigius
831 5049 893 5088 cum
909 5035 965 5088 aliis
980 5038 1059 5088 adun
1069 5051 1118 5103 pro
1128 5038 1289 5090 nominativo
1300 5048 1360 5100 gen.
1372 5037 1470 5099 uentu,
1486 5036 1604 5088 Halmius

291 5128 340 5181 pro
356 5117 507 5169 accusativo
523 5127 582 5179 gen.
601 5126 684 5165 masc.
702 5111 792 5164 babet.
819 5112 872 5164 Sed
886 5112 965 5163 alluo
981 5111 1014 5163 ad
1030 5112 1125 5163 crimea
1140 5111 1252 5163 relatum
1263 5111 1377 5162 otiosum
1390 5113 1443 5172 eet,
1460 5110 1539 5161 alasa
1554 5123 1604 5176 pro

199 5196 203 5203 '
292 5204 441 5257 quanqam
458 5194 546 5244 antem
564 5188 660 5240 dubiae
677 5189 835 5246 Latinitatis;
858 5186 928 5237 wios
949 5199 1105 5252 perversum
1122 5185 1253 5252 glossema
1270 5183 1382 5236 videam
1402 5210 1430 5222 -
1452 5185 1494 5236 l'l.
1511 5198 1605 5250 aerm-

291 5267 432 5319 mdc:
449 5265 648 5332 masiano
667 5290 695 5301 -
717 5263 862 5327 optineret:
881 5289 909 5300 -
932 5261 973 5312 43.
995 5261 1238 5314 Veram-babebat
1252 5261 1329 5313 ederi
1343 5258 1430 5312 Sobel.
1447 5260 1545 5311 bucam
1561 5259 1604 5320 lv,

293 5335 1606 5402 soresvr1r,aaa.-ao.eoroeo:rooosen;„eutoso-ramomraooernm

293 5413 373 5465 codd.
391 5413 503 5466 soldani.
518 5440 546 5453 -
564 5414 674 5479 querella
688 5426 757 5465 unus
775 5411 835 5464 cod.
852 5410 970 5463 soldani:
989 5414 1090 5475 qrrerelc
1106 5413 1184 5465 GEO
1200 5411 1308 5478 ubique.
1323 5437 1351 5449 -
1368 5411 1454 5463 tubero
1468 5415 1554 5461 asaro
1569 5411 1604 5460 G:

292 5493 387 5552 omo,
406 5488 498 5540 lisiaro
514 5490 547 5550 0;
565 5490 623 5541 lnE
641 5487 732 5540 liebero
747 5487 956 5554 superscriptum
968 5489 1017 5537 eat.
1033 5513 1058 5525 -
1077 5487 1119 5538 ii.
1136 5485 1216 5551 mir
1232 5484 1388 5537 Lambinus:
1405 5485 1510 5550 uentu
1526 5482 1606 5535 codd.

293 5567 322 5615 et
337 5564 367 5616 0.
394 5562 460 5616 Vide
480 5563 639 5629 iladvlglnm
659 5565 747 5628 Opoac.
766 5564 838 5614 cond.
856 5564 880 5624 l,
901 5575 927 5627 p.
946 5561 994 5612 aaa
1011 5563 1039 5613 et
1053 5562 1089 5624 11,
1112 5575 1140 5627 p.
1157 5560 1214 5614 333.
1239 5561 1279 5612 cl.
1295 5573 1322 5613 v.
1340 5559 1381 5611 32.
1406 5586 1434 5598 -
1455 5559 1497 5610 23.
1516 5557 1609 5609 cnm

294 5651 348 5691 orn.
367 5641 384 5690 s
401 5665 429 5676 -
447 5637 699 5704 ripoariorum]
716 5649 849 5704 superscr.
868 5634 1086 5699 «serenatam»
1103 5635 1266 5702 inii—‚ta
1285 5633 1609 5688 emembrem

202 5720 210 5733 ·
295 5704 1608 5777 o-ao.qroaoa›rrro-ar.croseonesprooeaoc-aa.nomssemulocond.sol·

211 5821 214 5829 ,
295 5786 790 5853 dani2ncrtompropteridaeGE3
811 5782 1544 5851 mmmmmlamaieocmremnmo
1566 5777 1605 5831 ct.

295 5859 455 5927 maumam
470 5864 505 5930 11,
521 5877 551 5933 p.
568 5863 625 5931 aaa,
642 5888 676 5908 ι-
691 5863 733 5916 it.
749 5861 832 5929 paee]
848 5875 899 5918 erre
913 5861 934 5914 E
950 5860 1033 5916 solos.
1050 5885 1079 5901 -
1097 5859 1140 5915 31.
1153 5860 1269 5915 calm
1282 5865 1416 5915 mus
1430 5861 1461 5913 0.

342 5951 432 6006 urna
446 5952 509 6005 bii.
1347 5951 1399 6025 ⁴76
