3800 7350
623 1199 697 1263 cn.
718 1198 1029 1262 xxxi-xxxin.
1057 1195 1103 1280 §s
1125 1192 1269 1259 os-rs.
1544 1185 1607 1252 sss

289 1369 467 1434 libertatem
495 1385 621 1431 omnem
648 1367 875 1450 perdidissent,
904 1367 976 1449 qui,
1003 1387 1074 1430 cum
1096 1367 1128 1429 in
1150 1372 1260 1429 senatu
1281 1364 1410 1449 privati,
1439 1368 1474 1426 ut
1495 1362 1534 1425 de
1556 1382 1606 1424 me

289 1462 460 1527 ”nuntias
482 1460 644 1535 dicerent,
674 1458 870 1541 flagitabant,
900 1461 1000 1542 legem
1023 1460 1070 1523 illi
1093 1479 1128 1522 se
1151 1458 1292 1522 Clodiam
1313 1460 1423 1521 timere
1444 1454 1608 1528 dicebant;

292 1575 364 1620 uim
385 1555 446 1618 boc
468 1574 533 1617 non
554 1561 686 1636 possent
707 1554 768 1615 iam
792 1553 912 1616 diutius
934 1554 1109 1627 sustinere,
1131 1553 1227 1617 initur
1241 1552 1406 1616 consilium
1422 1551 1462 1613 de
1476 1545 1608 1611 interitu

291 1649 347 1714 Gn.
367 1649 516 1733 Pompei:
550 1667 614 1731 quo
634 1644 789 1730 patefacto
812 1645 959 1730 ferroque
982 1647 1178 1731 deprehenso
1199 1646 1254 1709 ille
1274 1644 1415 1708 inclusus
1437 1641 1522 1707 domi
1543 1647 1608 1703 tnnr

288 1743 343 1808 diu
371 1742 449 1817 luit,
482 1758 578 1825 quam
608 1741 662 1804 diu
690 1740 838 1804 iuimicus
868 1760 956 1804 meus
982 1741 1015 1803 in
1038 1740 1207 1804 tribunatu.
1250 1741 1296 1802 De
1318 1758 1388 1802 meo
1410 1734 1513 1801 reditu
1534 1741 1632 1798 octos

288 1836 405 1902 tribuni
425 1834 715 1918 promulgaverunt.
736 1835 784 1896 Ex
800 1853 864 1917 quo
879 1834 1076 1896 intellectum
1098 1842 1148 1896 est
1163 1852 1226 1896 non
1241 1830 1318 1894 mibi
1333 1830 1454 1894 absenti
1470 1827 1608 1892 crevisse

289 1930 423 2003 ssnicos,
443 1930 478 1992 in
499 1946 537 1992 ea
558 1928 744 2010 praesertim
766 1926 902 2001 fortuna,
924 1928 957 1989 in
980 1946 1044 2010 qua
1065 1947 1129 1990 non
1145 1926 1224 1989 nulli
1238 1927 1342 2001 etiam,
1363 1945 1443 2007 quos
1458 1942 1528 1986 esse
1549 1942 1609 2005 pu·

289 2032 439 2097 tasersm,
461 2040 526 2084 non
548 2028 654 2095 erant,
675 2020 732 2083 sed
754 2040 809 2083 eos
831 2020 1025 2083 voluntatem
1045 2040 1170 2103 semper
1183 2020 1335 2094 eandem,
1355 2019 1530 2081 libertatem
1544 2035 1608 2078 non

289 2113 421 2180 eandem
442 2133 568 2197 semper
588 2113 747 2176 babuisse.
769 2115 847 2175 Nam
869 2133 911 2176 ex
932 2134 1045 2177 novem
1068 2113 1220 2188 tribunis,
1242 2133 1322 2197 quos
1338 2120 1413 2175 tunc
1427 2109 1609 2183 habueram,

289 2228 369 2273 unos
396 2227 448 2271 nie
474 2207 604 2270 absente
633 2205 785 2279 defluxit,
818 2207 872 2289 qui
895 2226 1071 2289 cognomen
1094 2208 1154 2269 sibi
1176 2227 1216 2270 ex
1237 2206 1398 2270 Aeliorum
1421 2202 1610 2286 imaginibus
1619 2214 1647 2261 so

289 2301 437 2384 arripuit,
459 2319 524 2384 quo
545 2301 645 2382 magis
668 2299 805 2362 nationis
828 2301 895 2362 eius
918 2320 989 2362 esse
1011 2320 1105 2383 quam
1127 2301 1252 2382 generis
1266 2300 1436 2363 videretur.
1472 2295 1524 2359 70.
1541 2296 1610 2359 Hoc

288 2395 384 2478 igitur
410 2413 513 2468 snno,
545 2391 778 2476 magistratibus
807 2393 898 2456 novis
926 2394 1115 2476 designatis,
1148 2415 1218 2458 cum
1248 2412 1358 2456 omnes
1386 2391 1461 2454 boni
1484 2407 1610 2452 omnem

287 2507 377 2572 spem
397 2486 539 2550 melioris
560 2493 660 2550 status
682 2487 715 2549 in
738 2505 847 2548 eorum
869 2484 963 2550 lidem
978 2487 1222 2563 convertissent,
1243 2488 1392 2571 princeps
1410 2486 1443 2547 P.
1458 2480 1610 2546 Lentulus

286 2582 470 2647 auctoritate
492 2600 530 2644 ac
551 2580 709 2644 sententia
731 2599 805 2655 sua,
836 2582 951 2644 Pisone
981 2589 1013 2645 et
1034 2580 1167 2645 Gabinio
1190 2580 1456 2665 repugnantibus,
1485 2594 1610 2639 causam

286 2675 427 2757 suscepit
452 2674 651 2758 tribunisque
681 2674 725 2756 pl.
747 2682 819 2736 octo
851 2674 1059 2738 referentibus
1083 2674 1383 2758 praestantissimam
1406 2672 1446 2734 de
1467 2689 1518 2732 ine
1539 2681 1647 2730 sen-ss

286 2768 418 2833 tendam
441 2768 533 2831 dixit.
565 2768 628 2843 Qui
652 2789 724 2832 cum
746 2768 786 2830 ad
816 2768 947 2850 gloriam
969 2788 1058 2831 suam
1079 2778 1176 2851 atque
1198 2767 1237 2829 ad
1259 2765 1445 2849 amplissimi
1466 2757 1611 2826 beneficii

285 2861 420 2944 gratiam
448 2861 547 2944 magis
574 2862 732 2945 pertinere
762 2860 896 2935 videret,
926 2881 1053 2924 causam
1075 2861 1162 2924 illam
1184 2862 1339 2944 integram
1361 2858 1400 2922 ad
1422 2879 1514 2921 suum
1536 2874 1610 2920 con·

285 2953 423 3017 sulatum
444 2955 615 3029 reservari,
639 2963 742 3017 tamen
764 2974 830 3017 rem
853 2955 947 3017 telem
970 2975 1028 3037 per
1042 2955 1120 3018 alios
1135 2955 1228 3018 citius
1243 2973 1337 3037 quam
1359 2971 1416 3035 per
1437 2971 1472 3014 se
1490 2949 1610 3015 tardius

286 3042 399 3110 confici
420 3047 566 3112 malebat

371 3136 682 3204 brixillianae
704 3141 829 3206 interim
852 3151 992 3226 tempore
1013 3145 1048 3206 P.
1071 3142 1211 3216 Sestius,
1241 3141 1379 3215 iudices,
1403 3130 1646 3224 [designatushs

286 3233 347 3298 iter
366 3233 408 3297 ed
423 3233 458 3298 C.
473 3234 639 3298 Caesarem
659 3255 716 3317 pro
738 3256 809 3298 mea
830 3236 930 3299 salute
945 3237 1094 3319 suscepit.
1126 3236 1212 3311 Quid
1234 3237 1342 3317 egerit,
1364 3241 1516 3318 quantum
1538 3251 1610 3315 pro·

285 3326 410 3401 lecerit,
432 3327 513 3390 nibil
534 3329 574 3391 ad
597 3348 733 3392 causam.
763 3329 921 3413 Equidem
944 3331 1108 3405 existimo,
1130 3331 1157 3392 si
1174 3329 1246 3403 ille,
1268 3335 1305 3392 ut
1318 3329 1467 3401 arbitror,
1488 3344 1610 3407 aequus

286 3420 377 3484 nobis
398 3418 511 3495 luerit,
532 3422 612 3486 nibil
634 3422 672 3485 ab
694 3423 756 3485 boc
777 3422 972 3506 proiectum3
1003 3424 1053 3486 sin
1075 3423 1199 3496 iratior,
1221 3442 1286 3485 non
1309 3422 1459 3486 multum:
1487 3417 1542 3481 sed
1565 3424 1611 3479 ta·

286 3536 358 3581 nien
388 3514 590 3578 sedulitatem
618 3523 714 3597 atque
742 3517 954 3598 integritatem
981 3517 1120 3580 bominis
1148 3517 1273 3581 videtis.
1309 3514 1472 3599 ingredior
1493 3515 1555 3577 iam
1577 3512 1611 3574 in

287 3611 382 3675 Sestii
408 3609 619 3685 tmbunatum3
648 3629 721 3674 nam
749 3610 811 3672 boc
839 3611 973 3695 primum
995 3612 1056 3675 iter
1079 3610 1261 3695 designatus
1282 3610 1329 3673 rei
1350 3609 1497 3693 publicae
1517 3621 1648 3670 causata

285 3705 441 3787 suscepit:
473 3705 632 3788 pertinere
665 3713 696 3768 et
725 3704 765 3768 ad
794 3704 997 3768 concordiam
1026 3706 1142 3769 civium
1170 3705 1291 3789 putavit
1312 3702 1403 3767 etad
1424 3697 1611 3786 perficiundi

285 3796 484 3872 facultatem,
513 3798 653 3862 animum
682 3798 825 3862 Caesaris
847 3818 866 3862 a
887 3818 983 3862 causa
1011 3819 1076 3863 uon
1098 3798 1277 3862 abhorrere.
1312 3797 1397 3863 Abiit
1418 3797 1472 3861 ille
1493 3814 1609 3858 annus:

350 4016 373 4063 t.
390 4014 487 4076 priuati
503 4014 566 4063 PG:
583 4014 734 4075 prtsrotimtl
754 4028 815 4064 cusu
833 4015 956 4065 Manutio.
971 4041 997 4050 -
1017 4016 1042 4063 t.
1059 4014 1209 4078 flagitabunt
1225 4016 1284 4064 PG:
1302 4014 1485 4078 flopituboutur
1496 4013 1548 4061 aO.
1568 4011 1607 4060 er.

285 4087 371 4138 llsds.
389 4102 417 4152 p.
435 4086 483 4139 teo
500 4102 559 4152 sqq.
580 4117 607 4126 -
626 4089 650 4139 3.
669 4091 714 4139 boc
731 4092 795 4140 PG:
814 4091 876 4141 boec
893 4092 937 4140 aO
958 4116 986 4126 -
1006 4090 1030 4142 l.
1048 4090 1147 4151 Poorpei
1163 4092 1197 4139 P:
1215 4091 1322 4151 Pompeii
1340 4090 1429 4140 00-
1448 4088 1473 4139 t.
1492 4089 1609 4149 deprenso

285 4165 305 4213 P
320 4189 348 4199 -
367 4163 393 4214 6.
407 4163 632 4227 proruistqasserunt
643 4166 678 4212 G:
695 4164 886 4228 promulgemus
901 4163 943 4224 1³¹¹,
960 4166 1153 4228 promutporset
1171 4163 1227 4215 1³²0
1240 4190 1267 4200 -
1286 4166 1455 4216 inteltertsmsst
1471 4161 1499 4214 Ρι
1513 4188 1540 4198 -
1558 4175 1609 4211 nors

284 4238 345 4288 stibi
360 4239 505 4289 nasutius:
527 4252 595 4288 none
612 4240 637 4300 (o
654 4242 792 4303 expuncta)
809 4240 870 4289 mibi
886 4238 927 4299 P¹;
945 4241 1007 4289 mibi
1024 4236 1080 4290 P²G
1099 4244 1125 4290 ot
1142 4239 1219 4290 codd.
1239 4238 1332 4304 reliqui
1353 4241 1395 4302 (de
1412 4238 1525 4291 lectione
1541 4248 1609 4285 oona

285 4322 334 4376 pro
343 4325 394 4363 sorr
405 4326 431 4363 v.
440 4326 496 4364 ver.
508 4311 569 4364 lect.
582 4313 615 4363 ad
628 4328 654 4377 p.
665 4313 722 4373 Pit,
736 4314 818 4376 76)-
832 4314 936 4377 desumo
946 4315 1144 4366 blommsenius.
1156 4341 1184 4352 -
1198 4316 1222 4364 7.
1240 4318 1423 4376 putauerunt?
1436 4313 1491 4377 (sed
1504 4312 1609 4363 videtur

285 4388 362 4437 antea
375 4393 528 4449 perosum
544 4389 634 4447 luisse,
652 4391 681 4438 ut
698 4387 759 4439 nibil
777 4388 846 4440 eliud
865 4390 914 4441 uisi
931 4387 1058 4440 litteraea
1069 4392 1097 4440 et
1112 4405 1140 4449 ss,
1159 4392 1183 4440 iu
1201 4395 1291 4441 vetere
1309 4390 1351 4441 ilia
1369 4393 1498 4456 scriptura
1512 4385 1609 4440 similti-

285 4472 355 4521 mae,
373 4462 579 4525 contusarum.)
595 4488 621 4497 —
636 4463 660 4512 6.
673 4468 731 4513 tuuc
746 4467 765 4514 P
777 4465 803 4514 iu
819 4463 877 4513 loco
895 4476 972 4514 eraso
990 4463 1080 4525 babet,
1093 4478 1146 4529 quo
1159 4465 1279 4516 firmatur
1289 4467 1392 4517 Ernesti
1404 4468 1482 4525 coni,
1496 4465 1611 4529 quiante

285 4534 381 4599 (ntes)
392 4534 492 4586 meluit.
507 4562 534 4573 -
554 4538 593 4587 tl.
606 4549 668 4597 quos
684 4535 711 4587 ΡΙ
722 4539 742 4587 G
755 4565 781 4574 —
802 4540 842 4589 ti.
854 4541 938 4592 noscis
954 4542 972 4590 P
985 4566 1012 4575 -
1034 4541 1073 4590 tl.
1088 4554 1162 4590 soson
1177 4555 1297 4592 coemam
1307 4543 1462 4593 consulatum
1473 4544 1492 4592 P
1504 4540 1610 4604 (erravit

285 4607 421 4669 librarius,
444 4611 473 4659 ut
488 4614 608 4676 saepius,
632 4613 833 4674 inscribendo,
851 4616 899 4666 sed
917 4616 943 4666 b.
962 4614 991 4673 l..
1010 4615 1036 4665 id
1053 4616 1124 4679 quod
1142 4615 1206 4667 alies
1223 4615 1303 4677 solet,
1322 4616 1386 4668 lulso
1404 4617 1501 4680 scripta
1518 4612 1608 4665 dolere

284 4685 479 4749 praetermisit.)
497 4711 525 4721 -
544 4688 585 4736 tt).
603 4688 680 4757 tudere
696 4691 717 4737 G
736 4714 763 4724 -
781 4689 895 4740 tribunus
910 4692 1053 4755 desiqmus
1069 4692 1128 4741 Car.
1141 4692 1291 4755 Stephanus
1307 4692 1384 4756 prob.
1398 4694 1499 4750 Garat.;
1520 4693 1548 4740 et
1564 4704 1609 4739 re-

284 4759 352 4810 ctius
368 4771 430 4809 cum
448 4761 526 4811 Bekis>
543 4776 569 4825 p.
587 4761 619 4812 es
637 4765 664 4811 et
679 4763 776 4813 lncobo
800 4778 824 4827 p.
843 4766 891 4815 766
909 4766 1052 4829 despuetur
1068 4779 1117 4830 pro
1134 4764 1293 4830 glossemate
1310 4766 1466 4827 habebitur,
1484 4779 1517 4817 er
1534 4779 1559 4815 v.
1576 4765 1608 4815 76

285 4835 337 4885 boo
352 4835 467 4885 invecto.
482 4863 509 4872 -
528 4838 570 4888 2⁴.
583 4837 622 4899 0.]
640 4838 679 4887 .G.
694 4840 712 4888 P
727 4864 752 4876 ·
773 4840 813 4888 ti.
827 4852 919 4902 aequos
934 4840 964 4893 Ρι
977 4867 1004 4876 -
1023 4841 1065 4892 23.
1082 4842 1167 4905 suerat
1183 4841 1243 4893 cod.
1257 4843 1350 4895 Ursini.
1365 4869 1393 4881 -
1411 4845 1450 4893 sin
1466 4842 1563 4892 reticii
1577 4867 1609 4879 -

284 4910 325 4960 7-5.
343 4911 400 4960 sesti
416 4910 461 4969 6¹3
478 4924 522 4962 vv.
540 4912 668 4976 ingredior
679 4938 716 4951 -·
727 4913 883 4964 calceatum
899 4916 1042 4980 Madvigius
1059 4930 1085 4981 p.
1105 4916 1152 4968 468
1170 4920 1198 4968 et
1208 4917 1336 4969 Wesenb.
1349 4931 1376 4982 p.
1389 4918 1422 4969 38
1433 4930 1495 4968 cnm
1506 4915 1609 4967 Schue-

285 4984 335 5034 tsio
350 4983 501 5037 inducendo
518 4999 578 5038 esse
596 4989 702 5052 putant3
720 4991 828 5053 praeter
839 4991 890 5040 boc
902 4993 1066 5042 enuntiatum
1077 4991 1183 5056 lleebly
1193 5006 1219 5057 p.
1232 4991 1265 5043 ld
1277 4994 1358 5043 etiam
1370 5005 1487 5057 sequens
1503 5004 1564 5040 eom
1572 5014 1586 5028 ·
1594 5014 1610 5027 ·

283 5061 389 5122 sucepit
404 5060 573 5112 condemnat.
600 5063 723 5114 streete
741 5064 895 5128 Spengelius
914 5068 953 5128 (in
971 5067 1148 5117 &inciderem
1163 5067 1288 5131 Pbs'toloqo
1304 5069 1341 5129 ll,
1360 5081 1385 5133 p.
1403 5067 1482 5128 sset:
1506 5065 1609 5116 sVerba

282 5134 412 5199 &prodier
427 5136 480 5184 ism
495 5136 523 5185 ts
538 5138 566 5187 S.
578 5137 636 5187 trib.
655 5141 805 5190 necessarie
823 5152 884 5191 esse
902 5141 978 5191 iacile
996 5140 1136 5204 intelligas,
1154 5143 1178 5193 si
1189 5155 1258 5206 quae
1273 5143 1366 5206 sss-
1376 5144 1407 5194 70
1424 5141 1547 5206 leguntur
1562 5154 1610 5189 er·

283 5222 393 5260 comum
409 5222 482 5270 esse,
501 5212 530 5261 et
546 5215 680 5265 oratorem
698 5211 732 5262 ad
749 5214 912 5267 tribunatum
924 5218 1014 5277 Sestii,
1033 5217 1084 5267 iam
1102 5217 1226 5281 stt—lb
1240 5219 1399 5281 inductum,
1417 5231 1488 5270 nunc
1500 5217 1609 5267 demum

282 5282 361 5336 latius
377 5285 565 5347 exponendum
582 5287 669 5338 redire
687 5290 855 5349 meminerim
874 5290 966 5343 deleas
983 5291 1024 5342 illo
1041 5292 1125 5343 verba
1141 5296 1169 5344 et
1185 5295 1310 5346 transitus
1326 5294 1404 5347 deest
1420 5307 1473 5359 quo
1489 5292 1609 5343 tribuno·

282 5362 327 5410 tus
342 5359 420 5410 Sestit
436 5360 593 5413 iudicetur.»
615 5363 654 5413 Ct.
674 5364 753 5413 etiem
771 5364 858 5415 laceb.
875 5379 903 5431 p.
916 5367 965 5417 706
982 5380 1023 5431 sq.
1038 5395 1065 5404 -
1084 5368 1125 5417 26.
1141 5369 1290 5429 perennet
1306 5372 1370 5420 PG:
1384 5368 1528 5433 partimi
1545 5366 1565 5416 0
1580 5391 1606 5401 -

281 5434 324 5485 Yl.
343 5434 463 5486 oberrem
478 5438 497 5488 P
516 5463 543 5473 -
562 5437 616 5486 obit
631 5440 658 5488 P.
682 5436 769 5487 Verba
787 5439 848 5488 obiit
863 5441 905 5491 itis
921 5455 1003 5491 oscus
1013 5468 1027 5480 ·
1037 5467 1052 5479 ·
1062 5443 1168 5504 optimos
1180 5444 1373 5504 perdidissemus
1389 5442 1506 5509 postilla
1522 5443 1552 5492 de
1568 5446 1610 5490 to-

281 5508 343 5559 bssls
352 5510 450 5561 molit
460 5511 495 5575 (p.
506 5511 564 5573 956,
578 5512 617 5574 ts)
630 5512 828 5576 transponenda
839 5527 900 5567 esse
915 5514 1068 5581 Spengelius
1085 5516 1100 5567 l.
1115 5532 1138 5568 c.
1153 5517 1291 5578 intellexit;
1310 5521 1496 5583 «nequeenim
1512 5516 1609 5569 tribuni

281 5581 337 5633 llel.
355 5585 411 5634 lan.
429 5597 527 5637 munus
551 5588 678 5645 inierunt.
703 5601 790 5650 neque
811 5589 935 5643 consules
958 5596 1018 5642 ente
1042 5590 1114 5642 iilum
1136 5592 1209 5643 diem
1225 5596 1408 5658 magistratum
1425 5594 1608 5646 abdicarunt.»

282 5660 383 5711 Contra
399 5659 464 5710 dixit
480 5661 585 5725 blnehly
601 5677 627 5727 p.
640 5662 672 5714 se
690 5676 743 5727 sq,
762 5667 834 5715 ratus
851 5664 893 5715 illo
910 5679 980 5717 anuo
998 5666 1117 5718 tribunos
1135 5666 1170 5732 pl.
1189 5671 1250 5732 post
1265 5668 1411 5733 legitimum
1428 5672 1533 5733 tempus
1550 5680 1609 5717 ma-

281 5734 422 5799 gistratum
439 5737 530 5788 intsse.
556 5741 590 5789 st
607 5738 677 5789 unde
695 5739 747 5789 boc
763 5739 861 5791 lactum
879 5754 940 5792 esse
957 5740 1134 5806 probabitur?
1159 5744 1226 5794 Nam
1242 5747 1346 5795 constat
1362 5746 1441 5796 etiam
1457 5746 1529 5802 tom,
1546 5755 1609 5793 cum

281 5807 337 5859 llsl.
356 5810 483 5863 ianuariis
500 5813 605 5863 comitia
622 5811 770 5864 consuleris
787 5815 905 5867 nondum
925 5817 1043 5880 perlecta
1063 5821 1152 5878 erant,
1175 5818 1296 5870 tribunos
1312 5821 1402 5871 tamen
1419 5817 1454 5889 pl.
1473 5829 1522 5872 suo
1538 5819 1609 5870 tem·

279 5894 347 5949 pore
364 5886 548 5950 magistratum
565 5889 715 5957 occepiss05
734 5888 768 5941 ol.
784 5892 883 5953 meon,
901 5903 1004 5969 argum.
1023 5891 1058 5943 nd
1074 5891 1160 5945 ltilon.
1179 5906 1206 5971 p.
1224 5895 1256 5945 36
1273 5893 1317 5956 ed.
1334 5895 1400 5955 batt,
