3800 7350
337 1166 419 1234 lssl2
751 1169 901 1234 ORATIO
923 1169 1002 1235 PRO
1024 1172 1066 1235 bl.
1089 1171 1234 1237 canuto

337 1349 434 1425 atque
455 1357 597 1420 exponas
618 1357 749 1401 necasse
772 1347 830 1401 est.
860 1340 1066 1404 Accusatores
1083 1341 1211 1425 quidem
1227 1341 1385 1416 libidines,
1407 1361 1546 1417 amores,
1568 1343 1661 1407 adul·

337 1436 431 1508 teria,
453 1433 559 1505 Baias,
581 1439 682 1506 actas,
705 1432 862 1507 convivia,
885 1434 1133 1508 comissationes,
1155 1442 1277 1510 cantus,
1299 1435 1512 1519 symphonias,
1534 1438 1660 1520 navigia

336 1532 468 1601 iactant,
489 1525 638 1608 idemque
660 1523 837 1607 significant
857 1527 938 1589 nibil
960 1548 994 1591 se
1016 1536 1047 1590 te
1062 1528 1160 1592 invita
1175 1528 1289 1592 dicere.
1323 1527 1411 1604 Quae
1433 1536 1483 1604 tu,
1507 1531 1660 1612 quoniam

336 1630 440 1687 mente
469 1620 579 1683 nescio
612 1638 677 1703 qua
698 1621 849 1683 effrenata
869 1628 966 1705 atque
987 1620 1151 1704 praecipiti
1173 1622 1206 1684 in
1227 1621 1331 1685 forum
1353 1622 1470 1686 deferri
1490 1624 1659 1688 iudicium·

312 1736 398 1803 tque
427 1714 571 1787 voluisti,
600 1721 654 1775 aut
683 1713 786 1776 diluas
814 1721 938 1796 oportet
965 1733 1002 1776 ac
1023 1713 1103 1778 falsa
1124 1735 1193 1777 esse
1215 1715 1346 1792 doceas,
1375 1724 1431 1780 aut
1451 1717 1531 1781 nibil
1553 1738 1659 1803 neque

335 1810 456 1876 crimini
485 1817 538 1872 tuo
567 1826 672 1891 neque
702 1808 882 1871 testimonio
911 1808 1103 1871 credendum
1131 1830 1202 1873 esse
1229 1809 1357 1873 fateare.
1400 1808 1453 1873 36.
1475 1811 1532 1874 Sin
1553 1818 1659 1875 autem

333 1906 484 1970 urbanius
505 1920 555 1965 me
577 1921 671 1983 agere
694 1902 810 1975 mavis,
838 1902 883 1964 sic
905 1921 994 1983 agam
1018 1908 1138 1965 tecum:
1167 1904 1336 1967 removebo
1358 1905 1447 1968 illum
1470 1924 1578 1968 senem
1601 1904 1661 1967 du·

333 2020 403 2065 rum
425 2019 461 2062 ac
483 2016 584 2080 paene
607 2002 778 2076 agrestem3
801 2015 842 2058 ex
864 1995 933 2058 istis
955 1996 1017 2058 tuis
1038 2015 1160 2059 sumam
1181 1997 1320 2080 aliquem
1336 2017 1372 2061 ao
1387 1997 1585 2081 potissimum
1600 1998 1660 2061 mi-

333 2095 453 2158 nimum
473 2091 612 2164 fratrem,
635 2090 689 2173 qui
711 2090 812 2152 estin
835 2088 897 2152 isto
919 2108 1035 2171 genere
1057 2089 1296 2165 urbanissimus,
1319 2092 1427 2174 quite
1453 2099 1538 2155 amat
1558 2091 1658 2176 pluri·

296 2206 435 2261 tomum,
463 2184 519 2266 qui
548 2191 677 2266 propter
707 2182 949 2266 nescioquam,
972 2182 1083 2256 oredo,
1105 2183 1304 2247 timiditatem
1327 2191 1359 2247 et
1373 2194 1547 2250 nocturnos
1561 2205 1659 2269 quos·

332 2282 405 2344 dam
435 2279 546 2341 inanes
578 2284 679 2340 metus
711 2284 812 2339 tecum
842 2294 967 2357 semper
994 2278 1085 2360 pusio
1115 2297 1185 2340 cum
1215 2278 1335 2341 maiore
1362 2298 1468 2342 sorore
1498 2278 1659 2342 cubitavit.

331 2375 414 2437 Eum
434 2379 545 2454 putato
567 2379 671 2434 tecum
692 2369 801 2454 loqui:
825 2368 909 2444 Quid
931 2371 1149 2445 tumultuaris,
1172 2374 1284 2434 sorori
1306 2372 1383 2455 quid
1406 2372 1551 2436 insanis?

451 2465 552 2541 oQuid
576 2465 711 2527 clamore
734 2482 847 2526 exorsa
869 2463 973 2526 verbis
995 2484 1123 2545 parvam
1145 2485 1211 2527 rem
1233 2485 1378 2548 maguam
1400 2465 1525 2530 faoisia

332 2563 477 2625 Vicinum
499 2557 766 2622 adolescentulum
787 2555 979 2638 adspexisti:
1001 2557 1120 2621 candor
1132 2557 1227 2622 buius
1243 2567 1274 2623 te
1290 2566 1322 2622 et
1336 2561 1528 2642 proceritas,
1549 2558 1656 2624 vultus

296 2654 481 2738 taooulique
509 2651 733 2735 perpulerunt:
762 2651 889 2733 saepius
917 2650 1024 2713 videre
1050 2651 1196 2716 voluisti:
1225 2652 1310 2716 fuisti
1339 2672 1405 2715 non
1428 2672 1600 2738 numquam
1623 2653 1658 2715 in

332 2748 434 2812 isdem
465 2747 581 2818 bortis,
614 2747 661 2807 vis
692 2744 806 2808 nobilis
840 2743 954 2806 mulier
981 2744 1070 2807 illum
1098 2742 1196 2809 tilium
1225 2745 1362 2809 familias
1390 2753 1480 2829 patre
1501 2765 1598 2830 pareo
1619 2764 1658 2810 ao

333 2842 435 2907 tenaci
456 2840 573 2903 babere
595 2839 658 2902 tuis
679 2837 778 2920 copiis
800 2837 998 2900 devinctum:
1027 2858 1092 2900 non
1113 2847 1221 2921 potes;
1255 2840 1411 2913 calcitrat,
1433 2840 1568 2922 respuit,
1590 2857 1655 2901 non

332 2942 423 3020 putat
443 2945 497 2998 tua
518 2934 602 2995 dona
623 2952 692 2994 esse
714 2931 809 2994 tanti:
839 2931 946 2995 confer
969 2940 999 2994 te
1020 2932 1094 2996 alio.
1130 2933 1236 2996 Habes
1263 2934 1374 2998 hortos
1396 2932 1436 2997 ad
1459 2932 1596 2996 Tiberim
1618 2950 1656 2995 aa

332 3030 501 3112 diligenter
522 3046 560 3089 eo
583 3027 652 3089 loco
674 3025 806 3107 parasti,
829 3046 892 3110 quo
915 3026 1018 3089 omnis
1033 3026 1178 3089 iuventus
1194 3027 1323 3090 natandi
1338 3046 1432 3091 causa
1445 3026 1550 3089 venit:
1580 3024 1657 3089 bino

295 3123 409 3193 solicet
429 3120 628 3185 conditiones
650 3120 792 3202 quotidie
813 3118 910 3201 legas.
944 3117 1006 3181 Cur
1027 3117 1112 3195 huic,
1135 3120 1190 3203 qui
1212 3129 1242 3185 te
1264 3122 1401 3205 spernit,
1423 3120 1558 3184 molesta
1579 3123 1636 3185 esi

418 3216 501 3277 XVl.
524 3210 575 3275 37.
596 3214 704 3276 Redeo
726 3234 810 3276 nttnc
832 3214 872 3275 ad
894 3222 942 3287 te,
972 3212 1072 3287 Caeli,
1100 3214 1252 3288 vicissim,
1279 3233 1316 3277 ao
1338 3214 1415 3277 mibi
1437 3214 1657 3278 auctoritatem

334 3312 465 3395 patriam
488 3307 750 3390 severitatemque
772 3307 930 3388 suscipio:
960 3306 1016 3369 sed
1038 3306 1166 3381 dubito,
1197 3327 1292 3391 quem
1314 3315 1437 3391 patrem
1457 3308 1657 3390 potissimum

335 3425 474 3469 sumam:
497 3400 752 3465 Caecilianumne
773 3400 930 3483 aliquem,
953 3400 1171 3463 vehementem
1192 3409 1288 3483 atque
1311 3402 1445 3464 durum?

359 3500 467 3560 «Nune
482 3495 565 3559 enim
582 3493 707 3555 demum
730 3493 772 3554 mi
794 3494 916 3556 animus
938 3494 1040 3567 ardet,
1059 3513 1144 3556 nunc
1165 3514 1269 3555 meum
1289 3514 1344 3556 cor
1360 3494 1538 3557 cumulatur
1556 3497 1635 3560 ira.»

297 3594 399 3661 redut
418 3590 508 3653 illum
531 3585 578 3650 «0
600 3585 726 3660 infelix,
748 3607 768 3650 o
790 3586 956 3650 scelestels
972 3622 1012 3631 -
1029 3620 1071 3634 ·-
1086 3587 1190 3651 Ferrei
1215 3596 1287 3652 sunt
1308 3589 1362 3651 isti
1382 3595 1504 3671 patres:
1530 3589 1657 3671 «Egone

336 3684 413 3768 quid
444 3682 568 3745 dicam?
598 3700 699 3764 egone
720 3681 797 3762 quid
819 3682 935 3744 velim?
966 3701 1047 3764 quae
1076 3690 1109 3745 tu
1132 3683 1238 3745 omnia
1259 3682 1323 3746 tuis
1343 3682 1446 3747 foedis
1466 3682 1557 3747 factis
1577 3683 1657 3748 facis

335 3786 371 3842 ut
391 3777 585 3861 nequiquam
598 3775 729 3838 veiim»
755 3775 809 3838 vix
823 3775 955 3837 ferendi.
978 3775 1112 3857 'Diceret
1132 3776 1203 3840 talis
1219 3784 1323 3858 pater:
1348 3776 1430 3840 «Cur
1453 3784 1484 3841 te
1505 3777 1539 3840 in
1564 3778 1657 3841 istam

335 3871 526 3936 vicinitatem
547 3868 755 3932 meretriciam
777 3866 959 3931 contulisti?
988 3888 1045 3932 eur
1065 3869 1223 3932 illecebris
1245 3871 1378 3952 cognitis
1400 3889 1466 3934 uon
1486 3869 1656 3953 refugisti?

334 3985 392 4028 our
411 3965 547 4028 alienam
568 3961 666 4024 ullam
688 3961 851 4024 mulierem
873 3964 983 4025 nosti?
1011 3963 1091 4025 Dide
1112 3982 1149 4025 ac
1171 3963 1302 4037 dissice,
1323 3983 1382 4046 per
1401 3985 1452 4027 me
1473 3963 1599 4027 licebit:
1628 3965 1656 4028 si

297 4058 452 4141 megebis,
474 4054 531 4118 tibi
553 4054 683 4130 dolebit,
704 4055 782 4117 mihi
805 4063 853 4118 sat
875 4064 932 4131 est,
955 4057 1010 4141 qui
1032 4057 1143 4120 aetatis
1159 4058 1244 4139 quod
1263 4058 1422 4141 reliquum
1438 4064 1487 4121 est
1500 4057 1656 4123 oblectem

400 4367 424 4415 2.
443 4364 514 4414 balas
529 4367 561 4423 P,
580 4362 629 4414 sed
646 4364 673 4412 ai
689 4364 715 4413 in
732 4377 784 4412 ras.
802 4391 835 4400 -
854 4369 925 4414 actas
942 4367 975 4416 P:
1002 4370 1061 4414 aeta
1077 4365 1153 4416 Eos
1171 4390 1198 4401 -
1223 4364 1405 4415 comissationes
1421 4368 1464 4417 1³¹:
1487 4366 1659 4419 canonum

335 4437 379 4499 P²;
397 4439 583 4489 contemtiones
599 4439 674 4488 Eos
693 4462 720 4472 -
740 4438 764 4487 3.
782 4439 894 4500 idemque
909 4440 1002 4490 PEG:
1020 4440 1141 4502 iidemque
1157 4440 1204 4489 SO
1222 4465 1249 4475 -
1269 4441 1293 4490 o.
1312 4454 1343 4490 aa
1360 4454 1423 4491 nos:
1442 4448 1489 4494 aut
1504 4443 1539 4502 Gt
1555 4448 1579 4494 et
1594 4444 1614 4494 0
1627 4470 1654 4483 ·-

335 4515 360 4564 6.
378 4515 477 4563 crivmm
491 4514 522 4564 1²²
538 4515 564 4564 iu
590 4526 642 4564 ras.
660 4513 751 4562 babet.
771 4540 798 4549 -
825 4515 849 4563 8.
868 4527 902 4563 ea
917 4514 970 4563 istis
985 4515 1034 4563 tuis
1049 4515 1207 4578 Madvigius:
1230 4527 1263 4564 ea
1279 4516 1300 4564 is
1316 4516 1395 4579 ipitur
1410 4515 1452 4576 P¹;
1478 4529 1512 4566 aa
1526 4516 1564 4567 bit
1579 4517 1659 4581 igitur

334 4590 383 4638 tuis
398 4589 527 4648 P²EG83
546 4602 579 4638 ea
596 4586 699 4652 [bislquc
714 4589 763 4638 tuit
779 4589 812 4647 03
830 4601 863 4638 ec
879 4589 973 4637 intimis
988 4589 1037 4637 tuis
1053 4589 1121 4638 coni.
1139 4585 1320 4639 Vollenboven
1335 4590 1362 4639 in
1378 4591 1520 4641 Emmdatt.
1536 4592 1656 4644 omousi.

335 4663 417 4728 bugd.
435 4666 491 4714 Bat.
511 4664 574 4714 4839
591 4663 677 4714 editis.
698 4691 725 4701 -
748 4677 845 4713 rumam
861 4659 891 4714 1³²
909 4664 936 4712 in
953 4675 1006 4713 ras.
1025 4663 1115 4714 babet.
1135 4689 1162 4697 -
1187 4663 1211 4713 9.
1226 4663 1339 4725 pluriora
1356 4667 1398 4728 qui
1414 4663 1452 4729 ΡΙ,
1472 4667 1658 4731 ptrua'mterique

333 4735 364 4788 1³²
382 4764 408 4773 -
427 4738 500 4786 credo
517 4750 567 4787 om
589 4740 610 4786 G
629 4764 655 4774 -
675 4739 715 4787 to.
733 4736 897 4800 timiditatem]
914 4737 1035 4799 sequitur
1052 4738 1077 4786 in
1094 4740 1127 4789 P:
1151 4743 1174 4788 et
1189 4753 1237 4789 aaa
1254 4740 1285 4803 (et
1299 4754 1346 4791 noc
1363 4742 1389 4792 iu
1405 4743 1499 4807 marg.)
1515 4756 1659 4795 aoemmao·

334 4813 445 4862 dauistis.
463 4812 657 4874 asprenatum
671 4824 698 4876 p.
718 4812 790 4871 4005,
808 4811 841 4860 22
857 4822 942 4872 usque
960 4809 995 4860 ad
1010 4811 1106 4862 nudum
1121 4813 1265 4863 conuiuittm
1280 4827 1308 4879 p.
1321 4816 1396 4878 tote,
1408 4815 1432 4876 l,
1452 4820 1480 4868 et
1494 4817 1615 4870 slmiliter
1629 4820 1657 4869 in

333 4888 396 4948 EG,
415 4889 465 4938 nisi
481 4885 553 4951 quod
573 4887 599 4935 in
622 4887 664 4937 bis
681 4886 815 4950 quaedam
832 4887 920 4935 vitiata
936 4888 1007 4936 sunt.
1028 4912 1056 4923 -
1080 4888 1120 4937 ta.
1138 4889 1342 4950 quittmtuttuatis
1357 4892 1387 4941 P¹
1404 4917 1432 4928 -
1459 4891 1500 4942 43.
1516 4906 1611 4956 patuaro
1626 4896 1655 4946 P.

333 4962 408 5012 lianc
425 4973 533 5011 versum
550 4962 683 5012 comicum
700 4975 760 5013 esse
777 4962 878 5026 primus
895 4961 960 5011 vidit
976 4962 1084 5013 Beier-us
1101 4962 1135 5013 ad
1153 4965 1208 5014 Cio.
1227 4965 1300 5015 otoo.
1319 4967 1344 5027 l,
1362 4979 1388 5030 p.
1402 4967 1458 5017 tta.
1477 4993 1504 5003 —
1524 4967 1565 5021 43.
1582 4982 1658 5033 aspo-

331 5037 474 5087 aoan-
493 5038 765 5100 commemor:
786 5036 1054 5101 pqmmuaoso
1074 5064 1100 5073 -
1120 5039 1303 5091 teutona:
1323 5029 1658 5107 termo-uanius

332 5110 476 5173 Madvigius
494 5111 607 5161 correxit
623 5125 648 5175 p.
662 5110 723 5163 eet:
741 5113 797 5162 uita
812 5108 843 5164 1²¹
851 5112 899 5163 tto
916 5113 952 5173 (iu
968 5113 1054 5162 iisdem
1068 5113 1145 5164 bortis
1160 5115 1216 5164 uisa
1228 5113 1316 5165 mobilis
1325 5115 1433 5165 mulier:
1450 5116 1521 5167 illua
1531 5118 1550 5181 s.
1562 5119 1582 5182 s.
1591 5132 1620 5182 p.
1626 5131 1655 5181 p.

331 5199 363 5236 ac
378 5191 397 5236 t.
414 5186 504 5236 babere
518 5188 568 5237 tuit
582 5188 659 5249 copiis
674 5188 813 5238 deciaratum
828 5203 879 5238 aaa
890 5194 978 5250 potes:
996 5189 1025 5252 0)
1045 5215 1072 5225 -
1095 5190 1134 5239 tt.
1154 5189 1278 5240 deuictam
1297 5204 1348 5240 aon
1368 5195 1447 5252 potest
1462 5193 1564 5243 catcttat
1578 5191 1608 5245 P¹
1624 5218 1654 5230 -

331 5261 373 5311 te.
387 5262 489 5323 parasti
504 5264 537 5313 P:
558 5263 719 5325 praeparasti
741 5263 815 5313 Eos
836 5291 863 5303 -
887 5264 928 5313 20.
946 5264 1035 5314 cotidie
1056 5266 1075 5315 P
1099 5291 1125 5302 -
1149 5277 1175 5314 es
1194 5263 1584 5331 om.1>¹,addtditmanust,
1606 5267 1657 5319 sed

331 5336 416 5386 vetus.
436 5360 463 5371 -
482 5335 524 5385 22.
541 5338 647 5400 suspicio
664 5340 722 5389 PG¹
741 5365 767 5376 -
787 5338 828 5389 23.
846 5338 1000 5389 celiaaumue
1015 5339 1067 5389 EG
1085 5365 1112 5374 -
1130 5337 1171 5389 il.
1189 5341 1226 5389 mi
1241 5339 1401 5391 Ribbeckius
1419 5340 1520 5404 (Omnia.
1533 5343 1590 5394 Lat.
1602 5342 1655 5394 fiel.

331 5421 391 5473 pag.
404 5410 458 5473 dil:
475 5411 537 5461 mibi
553 5412 599 5462 CO
611 5439 637 5451 -
651 5413 692 5463 26.
705 5413 832 5474 quidum
847 5410 876 5464 P¹
888 5438 915 5449 -
934 5427 1010 5478 egone
1027 5415 1087 5476 quid
1096 5414 1174 5464 iocbm
1190 5416 1251 5465 Ps:
1270 5415 1331 5477 quid
1345 5414 1419 5465 cetto
1434 5417 1531 5467 omittit
1542 5419 1578 5478 G;
1596 5418 1657 5480 quid

328 5484 402 5534 calm
423 5483 583 5537 Ribbeckius
600 5500 662 5538 cum
684 5486 831 5552 Spengelio.
851 5516 879 5526 -
902 5488 943 5540 at.
962 5490 1115 5552 nequiquam
1129 5491 1190 5540 PG:
1214 5490 1383 5552 nequidquam
1398 5492 1419 5542 0
1437 5516 1466 5527 -
1487 5490 1535 5541 uia
1549 5490 1654 5553 sermdi.

330 5559 521 5611 dicuetPEG:
539 5562 585 5612 uia
599 5562 701 5624 sermda
718 5563 808 5615 diceret
823 5565 869 5615 80
888 5589 916 5601 -
934 5567 1010 5617 mam
1026 5567 1151 5617 ciuitatem
1168 5570 1189 5618 G
1204 5592 1233 5603 -
1250 5567 1292 5620 28.
1309 5567 1438 5619 insubria
1454 5568 1474 5618 P
1493 5593 1521 5605 —
1539 5567 1581 5619 29.
1599 5567 1656 5618 dide

329 5646 361 5683 ac
376 5634 463 5685 macies
477 5637 624 5688 Puteanus:
643 5638 868 5701 otaetmasmtac
883 5641 949 5691 disce
964 5643 997 5702 P;
1016 5642 1102 5692 dideae
1118 5641 1410 5702 mascemutinas
1427 5655 1458 5692 ae
1471 5641 1580 5700 ditetE;
1599 5639 1656 5692 dide

329 5708 414 5759 dutiae
435 5710 465 5760 0.
492 5711 531 5760 De
554 5710 638 5761 torma
659 5712 785 5774 dissicem,
807 5726 888 5778 quam
910 5715 994 5767 habet
1009 5718 1089 5767 etiam
1106 5716 1166 5767 cod.
1184 5715 1280 5768 ttsdtc.
1298 5717 1325 5767 in
1342 5716 1403 5767 Tac.
1421 5717 1488 5767 Anu.
1506 5718 1533 5780 1,
1551 5717 1599 5778 6⁵,
1624 5727 1652 5766 v.

328 5783 437 5835 Laobm.
456 5784 491 5835 ad
507 5786 614 5836 Lucret.
632 5798 659 5849 p.
672 5785 729 5837 tat.
749 5813 777 5823 -
795 5800 842 5850 per
856 5801 897 5838 me
911 5789 992 5841 imbit
1006 5793 1040 5852 Ρ,
1059 5789 1108 5841 sed
1124 5803 1152 5840 er
1168 5792 1194 5841 in
1212 5805 1264 5842 ras.
1283 5788 1397 5856 plurium
1413 5789 1570 5854 litterarum,
1588 5791 1655 5843 item

327 5857 361 5909 lie
376 5860 404 5911 in
420 5873 473 5912 ras.
492 5885 520 5898 -
538 5859 579 5912 30.
597 5860 747 5913 mulcato
764 5887 792 5899 —
810 5869 851 5914 sat
865 5868 901 5915 est
916 5876 970 5916 om.
987 5864 1039 5918 EG
1057 5888 1084 5902 -
1103 5865 1225 5929 reliquom
1239 5868 1273 5928 Pt
1291 5864 1414 5929 reliqum
1428 5864 1598 5920 bibbeokius.
