<?xml version="1.0" encoding="UTF-8"?>
<!DOCTYPE html PUBLIC "-//W3C//DTD XHTML 1.0 Transitional//EN"
    "http://www.w3.org/TR/xhtml1/DTD/xhtml1-transitional.dtd">
<html xmlns="http://www.w3.org/1999/xhtml" xml:lang="en" lang="en">
 <head>
  <title>
</title>
<meta http-equiv="Content-Type" content="text/html;charset=utf-8" />
  <meta name='ocr-system' content='tesseract 3.04.00' />
  <meta name='ocr-capabilities' content='ocr_page ocr_carea ocr_par ocr_line ocrx_word'/>
</head>
<body>
  <div class='ocr_page' id='page_1' title='image "./operaquaesupers08halmgoog_0225.png"; bbox 0 0 3800 7350; ppageno 0'>
   <div class='ocr_carea' id='block_1_1' title="bbox 656 1210 1606 1297">
    <p class='ocr_par' dir='ltr' id='par_1_1' title="bbox 656 1210 1606 1297">
     <span class='ocr_line' id='line_1_1' title="bbox 656 1210 1606 1297; baseline -0.002 -20"><span class='ocrx_word' id='word_1_1' title='bbox 656 1212 730 1277; x_wconf 69' lang='lat' dir='ltr'><strong>an.</strong></span> <span class='ocrx_word' id='word_1_2' title='bbox 750 1213 986 1277; x_wconf 85' lang='lat' dir='ltr'><strong>xxr-xxn.</strong></span> <span class='ocrx_word' id='word_1_3' title='bbox 1015 1210 1061 1297; x_wconf 73' lang='lat'><strong>§5</strong></span> <span class='ocrx_word' id='word_1_4' title='bbox 1083 1210 1231 1277; x_wconf 80' lang='lat' dir='ltr'><strong>sr-so.</strong></span> <span class='ocrx_word' id='word_1_5' title='bbox 1543 1210 1606 1275; x_wconf 76' lang='lat' dir='ltr'><strong>err</strong></span> 
     </span>
    </p>
   </div>
   <div class='ocr_carea' id='block_1_2' title="bbox 281 1379 1645 4738">
    <p class='ocr_par' dir='ltr' id='par_1_2' title="bbox 281 1379 1645 4738">
     <span class='ocr_line' id='line_1_2' title="bbox 289 1379 1606 1465; baseline -0.003 -17"><span class='ocrx_word' id='word_1_6' title='bbox 289 1403 393 1448; x_wconf 77' lang='lat' dir='ltr'><strong>sensu</strong></span> <span class='ocrx_word' id='word_1_7' title='bbox 435 1379 486 1445; x_wconf 66' lang='grc'><strong>48.</strong></span> <span class='ocrx_word' id='word_1_8' title='bbox 507 1382 669 1465; x_wconf 85' lang='lat' dir='ltr'><strong>Denique,</strong></span> <span class='ocrx_word' id='word_1_9' title='bbox 699 1403 771 1446; x_wconf 89' lang='lat' dir='ltr'><strong>cum</strong></span> <span class='ocrx_word' id='word_1_10' title='bbox 793 1383 898 1446; x_wconf 92' lang='lat' dir='ltr'><strong>omnia</strong></span> <span class='ocrx_word' id='word_1_11' title='bbox 923 1401 1049 1463; x_wconf 82' lang='lat' dir='ltr'>semper</span> <span class='ocrx_word' id='word_1_12' title='bbox 1069 1382 1110 1444; x_wconf 90' lang='lat' dir='ltr'><strong>ad</strong></span> <span class='ocrx_word' id='word_1_13' title='bbox 1131 1381 1312 1464; x_wconf 78' lang='lat' dir='ltr'><strong>dignitatem</strong></span> <span class='ocrx_word' id='word_1_14' title='bbox 1333 1382 1525 1445; x_wconf 87' lang='lat' dir='ltr'><strong>rettulissem</strong></span> <span class='ocrx_word' id='word_1_15' title='bbox 1547 1402 1606 1445; x_wconf 91' lang='lat' dir='ltr'><strong>nec</strong></span> 
     </span>
     <span class='ocr_line' id='line_1_3' title="bbox 288 1475 1606 1560; baseline -0.004 -18"><span class='ocrx_word' id='word_1_16' title='bbox 288 1479 357 1543; x_wconf 79' lang='lat' dir='ltr'><strong>sinc</strong></span> <span class='ocrx_word' id='word_1_17' title='bbox 384 1495 423 1541; x_wconf 81' lang='lat' dir='ltr'><strong>ca</strong></span> <span class='ocrx_word' id='word_1_18' title='bbox 442 1475 616 1560; x_wconf 84' lang='lat' dir='ltr'><strong>quidquam</strong></span> <span class='ocrx_word' id='word_1_19' title='bbox 648 1477 860 1559; x_wconf 87' lang='lat' dir='ltr'><strong>expetendum</strong></span> <span class='ocrx_word' id='word_1_20' title='bbox 888 1495 958 1539; x_wconf 87' lang='lat' dir='ltr'><strong>esse</strong></span> <span class='ocrx_word' id='word_1_21' title='bbox 986 1475 1107 1538; x_wconf 91' lang='lat' dir='ltr'><strong>bomini</strong></span> <span class='ocrx_word' id='word_1_22' title='bbox 1129 1478 1162 1539; x_wconf 92' lang='lat' dir='ltr'><strong>in</strong></span> <span class='ocrx_word' id='word_1_23' title='bbox 1185 1478 1247 1539; x_wconf 83' lang='lat' dir='ltr'><strong>rita</strong></span> <span class='ocrx_word' id='word_1_24' title='bbox 1269 1483 1443 1558; x_wconf 87' lang='lat' dir='ltr'><strong>putassem,</strong></span> <span class='ocrx_word' id='word_1_25' title='bbox 1464 1483 1606 1550; x_wconf 89' lang='lat' dir='ltr'><strong>mortam,</strong></span> 
     </span>
     <span class='ocr_line' id='line_1_4' title="bbox 287 1565 1608 1657; baseline -0.003 -23"><span class='ocrx_word' id='word_1_26' title='bbox 287 1590 381 1657; x_wconf 88' lang='lat' dir='ltr'><strong>quam</strong></span> <span class='ocrx_word' id='word_1_27' title='bbox 401 1571 498 1635; x_wconf 82' lang='lat' dir='ltr'><strong>ctiam</strong></span> <span class='ocrx_word' id='word_1_28' title='bbox 519 1570 657 1653; x_wconf 72' lang='lat' dir='ltr'><strong>virgines</strong></span> <span class='ocrx_word' id='word_1_29' title='bbox 676 1570 820 1644; x_wconf 78' lang='lat' dir='ltr'><strong>Athenis,</strong></span> <span class='ocrx_word' id='word_1_30' title='bbox 842 1572 942 1651; x_wconf 77' lang='lat' dir='ltr'><strong>regis,</strong></span> <span class='ocrx_word' id='word_1_31' title='bbox 965 1571 1094 1650; x_wconf 85' lang='lat' dir='ltr'><strong>opinor,</strong></span> <span class='ocrx_word' id='word_1_32' title='bbox 1115 1569 1284 1633; x_wconf 81' lang='lat' dir='ltr'>Erechthei</span> <span class='ocrx_word' id='word_1_33' title='bbox 1304 1565 1405 1643; x_wconf 83' lang='lat' dir='ltr'><strong>filiae,</strong></span> <span class='ocrx_word' id='word_1_34' title='bbox 1427 1587 1485 1651; x_wconf 90' lang='lat' dir='ltr'><strong>pro</strong></span> <span class='ocrx_word' id='word_1_35' title='bbox 1506 1569 1608 1653; x_wconf 85' lang='lat' dir='ltr'><strong>patria</strong></span> 
     </span>
     <span class='ocr_line' id='line_1_5' title="bbox 286 1662 1607 1748; baseline -0.005 -18"><span class='ocrx_word' id='word_1_36' title='bbox 286 1665 513 1748; x_wconf 73' lang='lat' dir='ltr'><strong>metempsisss</strong></span> <span class='ocrx_word' id='word_1_37' title='bbox 538 1664 705 1737; x_wconf 88' lang='lat' dir='ltr'><strong>dicuntur,</strong></span> <span class='ocrx_word' id='word_1_38' title='bbox 735 1683 794 1745; x_wconf 79' lang='lat' dir='ltr'><strong>ego</strong></span> <span class='ocrx_word' id='word_1_39' title='bbox 817 1664 864 1726; x_wconf 91' lang='lat' dir='ltr'><strong>vir</strong></span> <span class='ocrx_word' id='word_1_40' title='bbox 891 1663 1067 1726; x_wconf 83' lang='lat' dir='ltr'><strong>consularis</strong></span> <span class='ocrx_word' id='word_1_41' title='bbox 1089 1663 1185 1726; x_wconf 89' lang='lat' dir='ltr'><strong>tantis</strong></span> <span class='ocrx_word' id='word_1_42' title='bbox 1206 1663 1300 1726; x_wconf 89' lang='lat' dir='ltr'><strong>rebus</strong></span> <span class='ocrx_word' id='word_1_43' title='bbox 1322 1664 1419 1745; x_wconf 78' lang='lat' dir='ltr'><strong>gestis</strong></span> <span class='ocrx_word' id='word_1_44' title='bbox 1441 1662 1607 1725; x_wconf 70' lang='lat' dir='ltr'><strong>timerem?</strong></span> 
     </span>
     <span class='ocr_line' id='line_1_6' title="bbox 286 1756 1633 1842; baseline -0.001 -21"><span class='ocrx_word' id='word_1_45' title='bbox 286 1758 470 1842; x_wconf 74' lang='lat' dir='ltr'><strong>praesertim</strong></span> <span class='ocrx_word' id='word_1_46' title='bbox 500 1776 572 1820; x_wconf 91' lang='lat' dir='ltr'><strong>cum</strong></span> <span class='ocrx_word' id='word_1_47' title='bbox 594 1757 663 1819; x_wconf 90' lang='lat' dir='ltr'><strong>eius</strong></span> <span class='ocrx_word' id='word_1_48' title='bbox 685 1776 787 1819; x_wconf 90' lang='lat' dir='ltr'><strong>essem</strong></span> <span class='ocrx_word' id='word_1_49' title='bbox 811 1756 962 1828; x_wconf 89' lang='lat' dir='ltr'><strong>civitatis,</strong></span> <span class='ocrx_word' id='word_1_50' title='bbox 992 1775 1032 1817; x_wconf 86' lang='lat' dir='ltr'><strong>ex</strong></span> <span class='ocrx_word' id='word_1_51' title='bbox 1054 1776 1117 1840; x_wconf 93' lang='lat' dir='ltr'><strong>qua</strong></span> <span class='ocrx_word' id='word_1_52' title='bbox 1140 1756 1174 1819; x_wconf 86' lang='lat' dir='ltr'><strong>C.</strong></span> <span class='ocrx_word' id='word_1_53' title='bbox 1196 1756 1319 1820; x_wconf 88' lang='lat' dir='ltr'><strong>blucius</strong></span> <span class='ocrx_word' id='word_1_54' title='bbox 1340 1756 1429 1821; x_wconf 89' lang='lat' dir='ltr'><strong>solus</strong></span> <span class='ocrx_word' id='word_1_55' title='bbox 1450 1757 1484 1820; x_wconf 90' lang='lat' dir='ltr'><strong>in</strong></span> <span class='ocrx_word' id='word_1_56' title='bbox 1506 1765 1633 1820; x_wconf 74' lang='lat' dir='ltr'><strong>castrat</strong></span> 
     </span>
     <span class='ocr_line' id='line_1_7' title="bbox 285 1848 1606 1932; baseline -0.003 -16"><span class='ocrx_word' id='word_1_57' title='bbox 285 1853 443 1916; x_wconf 62' lang='lat' dir='ltr'><strong>bonanae</strong></span> <span class='ocrx_word' id='word_1_58' title='bbox 465 1850 605 1913; x_wconf 87' lang='lat' dir='ltr'><strong>venisset</strong></span> <span class='ocrx_word' id='word_1_59' title='bbox 626 1869 761 1932; x_wconf 90' lang='lat' dir='ltr'><strong>eumque</strong></span> <span class='ocrx_word' id='word_1_60' title='bbox 783 1848 957 1911; x_wconf 89' lang='lat' dir='ltr'><strong>interficere</strong></span> <span class='ocrx_word' id='word_1_61' title='bbox 979 1850 1142 1932; x_wconf 89' lang='lat' dir='ltr'><strong>proposita</strong></span> <span class='ocrx_word' id='word_1_62' title='bbox 1163 1850 1224 1912; x_wconf 89' lang='lat' dir='ltr'><strong>sibi</strong></span> <span class='ocrx_word' id='word_1_63' title='bbox 1241 1857 1341 1913; x_wconf 87' lang='lat' dir='ltr'><strong>morte</strong></span> <span class='ocrx_word' id='word_1_64' title='bbox 1355 1857 1488 1914; x_wconf 85' lang='lat' dir='ltr'><strong>conatus</strong></span> <span class='ocrx_word' id='word_1_65' title='bbox 1503 1854 1606 1914; x_wconf 86' lang='lat' dir='ltr'><strong>esset‘l</strong></span> 
     </span>
     <span class='ocr_line' id='line_1_8' title="bbox 285 1943 1607 2031; baseline -0.002 -21"><span class='ocrx_word' id='word_1_66' title='bbox 285 1965 326 2010; x_wconf 80' lang='lat' dir='ltr'><strong>ex</strong></span> <span class='ocrx_word' id='word_1_67' title='bbox 347 1964 410 2031; x_wconf 81' lang='lat' dir='ltr'><strong>qua</strong></span> <span class='ocrx_word' id='word_1_68' title='bbox 431 1947 465 2009; x_wconf 81' lang='lat' dir='ltr'><strong>P.</strong></span> <span class='ocrx_word' id='word_1_69' title='bbox 486 1945 601 2007; x_wconf 84' lang='lat' dir='ltr'><strong>Decius</strong></span> <span class='ocrx_word' id='word_1_70' title='bbox 622 1944 758 2025; x_wconf 88' lang='lat' dir='ltr'><strong>primum</strong></span> <span class='ocrx_word' id='word_1_71' title='bbox 778 1950 883 2024; x_wconf 90' lang='lat' dir='ltr'><strong>pater,</strong></span> <span class='ocrx_word' id='word_1_72' title='bbox 905 1952 980 2024; x_wconf 88' lang='lat' dir='ltr'><strong>post</strong></span> <span class='ocrx_word' id='word_1_73' title='bbox 1000 1943 1123 2026; x_wconf 78' lang='lat' dir='ltr'><strong>aliquot</strong></span> <span class='ocrx_word' id='word_1_74' title='bbox 1143 1963 1244 2007; x_wconf 88' lang='lat' dir='ltr'><strong>annos</strong></span> <span class='ocrx_word' id='word_1_75' title='bbox 1265 1944 1367 2026; x_wconf 84' lang='lat' dir='ltr'><strong>patria</strong></span> <span class='ocrx_word' id='word_1_76' title='bbox 1380 1945 1495 2010; x_wconf 87' lang='lat' dir='ltr'><strong>virtute</strong></span> <span class='ocrx_word' id='word_1_77' title='bbox 1516 1964 1607 2027; x_wconf 91' lang='lat' dir='ltr'><strong>prae·</strong></span> 
     </span>
     <span class='ocr_line' id='line_1_9' title="bbox 283 2034 1606 2120; baseline -0.002 -18"><span class='ocrx_word' id='word_1_78' title='bbox 283 2037 371 2106; x_wconf 79' lang='lat' dir='ltr'><strong>ditus</strong></span> <span class='ocrx_word' id='word_1_79' title='bbox 397 2034 481 2102; x_wconf 82' lang='lat' dir='ltr'><strong>lilius</strong></span> <span class='ocrx_word' id='word_1_80' title='bbox 511 2057 545 2100; x_wconf 91' lang='lat' dir='ltr'><strong>sc</strong></span> <span class='ocrx_word' id='word_1_81' title='bbox 574 2055 611 2099; x_wconf 92' lang='lat' dir='ltr'><strong>ac</strong></span> <span class='ocrx_word' id='word_1_82' title='bbox 632 2036 729 2098; x_wconf 81' lang='lat' dir='ltr'><strong>vitam</strong></span> <span class='ocrx_word' id='word_1_83' title='bbox 758 2055 847 2099; x_wconf 85' lang='lat' dir='ltr'><strong>suam</strong></span> <span class='ocrx_word' id='word_1_84' title='bbox 877 2036 1030 2099; x_wconf 80' lang='lat' dir='ltr'><strong>instrrmta</strong></span> <span class='ocrx_word' id='word_1_85' title='bbox 1051 2037 1119 2101; x_wconf 87' lang='lat' dir='ltr'><strong>acie</strong></span> <span class='ocrx_word' id='word_1_86' title='bbox 1139 2056 1199 2118; x_wconf 91' lang='lat' dir='ltr'><strong>pro</strong></span> <span class='ocrx_word' id='word_1_87' title='bbox 1221 2037 1323 2099; x_wconf 91' lang='lat' dir='ltr'><strong>salute</strong></span> <span class='ocrx_word' id='word_1_88' title='bbox 1343 2037 1453 2120; x_wconf 90' lang='lat' dir='ltr'><strong>populi</strong></span> <span class='ocrx_word' id='word_1_89' title='bbox 1474 2039 1606 2102; x_wconf 81' lang='lat' dir='ltr'><strong>Romani</strong></span> 
     </span>
     <span class='ocr_line' id='line_1_10' title="bbox 282 2129 1606 2215; baseline -0.002 -20"><span class='ocrx_word' id='word_1_90' title='bbox 282 2132 479 2215; x_wconf 84' lang='lat' dir='ltr'><strong>victoriaque</strong></span> <span class='ocrx_word' id='word_1_91' title='bbox 507 2129 710 2194; x_wconf 73' lang='lat' dir='ltr'><strong>devovisset?</strong></span> <span class='ocrx_word' id='word_1_92' title='bbox 740 2148 780 2192; x_wconf 85' lang='lat' dir='ltr'><strong>ex</strong></span> <span class='ocrx_word' id='word_1_93' title='bbox 809 2148 873 2212; x_wconf 85' lang='lat' dir='ltr'><strong>qua</strong></span> <span class='ocrx_word' id='word_1_94' title='bbox 901 2129 1147 2193; x_wconf 88' lang='lat' dir='ltr'><strong>innumerabiles</strong></span> <span class='ocrx_word' id='word_1_95' title='bbox 1175 2129 1228 2194; x_wconf 90' lang='lat' dir='ltr'><strong>alii</strong></span> <span class='ocrx_word' id='word_1_96' title='bbox 1249 2130 1363 2212; x_wconf 90' lang='lat' dir='ltr'><strong>partim</strong></span> <span class='ocrx_word' id='word_1_97' title='bbox 1384 2130 1606 2213; x_wconf 73' lang='lat' dir='ltr'><strong>adipiscendae</strong></span> 
     </span>
     <span class='ocr_line' id='line_1_11' title="bbox 282 2223 1644 2309; baseline -0.006 -20"><span class='ocrx_word' id='word_1_98' title='bbox 282 2224 404 2300; x_wconf 86' lang='lat' dir='ltr'><strong>laudis,</strong></span> <span class='ocrx_word' id='word_1_99' title='bbox 425 2224 540 2308; x_wconf 86' lang='lat' dir='ltr'><strong>partim</strong></span> <span class='ocrx_word' id='word_1_100' title='bbox 561 2223 709 2286; x_wconf 83' lang='lat' dir='ltr'><strong>vitandae</strong></span> <span class='ocrx_word' id='word_1_101' title='bbox 729 2223 935 2304; x_wconf 78' lang='lat' dir='ltr'><strong>turpitudinis</strong></span> <span class='ocrx_word' id='word_1_102' title='bbox 959 2243 1051 2285; x_wconf 89' lang='lat' dir='ltr'><strong>eausa</strong></span> <span class='ocrx_word' id='word_1_103' title='bbox 1067 2233 1200 2287; x_wconf 88' lang='lat' dir='ltr'><strong>mortem</strong></span> <span class='ocrx_word' id='word_1_104' title='bbox 1216 2224 1248 2286; x_wconf 94' lang='lat' dir='ltr'><strong>in</strong></span> <span class='ocrx_word' id='word_1_105' title='bbox 1264 2224 1359 2287; x_wconf 83' lang='lat' dir='ltr'><strong>variis</strong></span> <span class='ocrx_word' id='word_1_106' title='bbox 1371 2223 1466 2289; x_wconf 85' lang='lat' dir='ltr'><strong>bellis</strong></span> <span class='ocrx_word' id='word_1_107' title='bbox 1480 2226 1644 2309; x_wconf 82' lang='lat' dir='ltr'><strong>aequis-to</strong></span> 
     </span>
     <span class='ocr_line' id='line_1_12' title="bbox 284 2316 1607 2401; baseline 0 -20"><span class='ocrx_word' id='word_1_108' title='bbox 284 2319 372 2381; x_wconf 86' lang='lat' dir='ltr'><strong>simis</strong></span> <span class='ocrx_word' id='word_1_109' title='bbox 393 2316 507 2381; x_wconf 91' lang='lat' dir='ltr'><strong>animis</strong></span> <span class='ocrx_word' id='word_1_110' title='bbox 529 2316 751 2400; x_wconf 81' lang='lat' dir='ltr'><strong>oppetissentt</strong></span> <span class='ocrx_word' id='word_1_111' title='bbox 773 2318 805 2378; x_wconf 92' lang='lat' dir='ltr'><strong>in</strong></span> <span class='ocrx_word' id='word_1_112' title='bbox 822 2336 885 2398; x_wconf 94' lang='lat' dir='ltr'><strong>qua</strong></span> <span class='ocrx_word' id='word_1_113' title='bbox 900 2317 1027 2380; x_wconf 86' lang='lat' dir='ltr'><strong>civitate</strong></span> <span class='ocrx_word' id='word_1_114' title='bbox 1041 2319 1110 2400; x_wconf 91' lang='lat' dir='ltr'><strong>ipse</strong></span> <span class='ocrx_word' id='word_1_115' title='bbox 1125 2320 1355 2393; x_wconf 81' lang='lat' dir='ltr'><strong>meminissem,</strong></span> <span class='ocrx_word' id='word_1_116' title='bbox 1376 2325 1498 2401; x_wconf 90' lang='lat' dir='ltr'><strong>patrem</strong></span> <span class='ocrx_word' id='word_1_117' title='bbox 1512 2318 1607 2381; x_wconf 92' lang='lat' dir='ltr'><strong>buius</strong></span> 
     </span>
     <span class='ocr_line' id='line_1_13' title="bbox 284 2410 1608 2485; baseline -0.002 -9"><span class='ocrx_word' id='word_1_118' title='bbox 284 2412 326 2476; x_wconf 70' lang='grc' dir='ltr'><strong>Ι.</strong></span> <span class='ocrx_word' id='word_1_119' title='bbox 349 2411 469 2485; x_wconf 79' lang='lat' dir='ltr'><strong>Crassi,</strong></span> <span class='ocrx_word' id='word_1_120' title='bbox 491 2410 697 2473; x_wconf 86' lang='lat' dir='ltr'><strong>fortissimum</strong></span> <span class='ocrx_word' id='word_1_121' title='bbox 720 2411 835 2482; x_wconf 89' lang='lat' dir='ltr'><strong>vimm,</strong></span> <span class='ocrx_word' id='word_1_122' title='bbox 865 2430 906 2473; x_wconf 93' lang='lat' dir='ltr'><strong>ne</strong></span> <span class='ocrx_word' id='word_1_123' title='bbox 927 2410 1048 2475; x_wconf 92' lang='lat' dir='ltr'><strong>videret</strong></span> <span class='ocrx_word' id='word_1_124' title='bbox 1068 2413 1218 2476; x_wconf 90' lang='lat' dir='ltr'><strong>victorem</strong></span> <span class='ocrx_word' id='word_1_125' title='bbox 1240 2412 1333 2474; x_wconf 87' lang='lat' dir='ltr'><strong>vivus</strong></span> <span class='ocrx_word' id='word_1_126' title='bbox 1355 2411 1533 2485; x_wconf 87' lang='lat' dir='ltr'><strong>inimicum,</strong></span> <span class='ocrx_word' id='word_1_127' title='bbox 1556 2430 1608 2473; x_wconf 90' lang='lat' dir='ltr'><strong>ea·</strong></span> 
     </span>
     <span class='ocr_line' id='line_1_14' title="bbox 284 2503 1607 2587; baseline -0.001 -20"><span class='ocrx_word' id='word_1_128' title='bbox 284 2505 356 2567; x_wconf 83' lang='lat' dir='ltr'><strong>dem</strong></span> <span class='ocrx_word' id='word_1_129' title='bbox 377 2505 438 2568; x_wconf 92' lang='lat' dir='ltr'><strong>sibi</strong></span> <span class='ocrx_word' id='word_1_130' title='bbox 460 2523 556 2567; x_wconf 90' lang='lat' dir='ltr'><strong>manu</strong></span> <span class='ocrx_word' id='word_1_131' title='bbox 570 2503 662 2565; x_wconf 91' lang='lat' dir='ltr'><strong>vitam</strong></span> <span class='ocrx_word' id='word_1_132' title='bbox 686 2503 889 2576; x_wconf 80' lang='lat' dir='ltr'><strong>exhausisse,</strong></span> <span class='ocrx_word' id='word_1_133' title='bbox 911 2523 975 2586; x_wconf 93' lang='lat' dir='ltr'><strong>qua</strong></span> <span class='ocrx_word' id='word_1_134' title='bbox 996 2511 1128 2568; x_wconf 91' lang='lat' dir='ltr'><strong>mortem</strong></span> <span class='ocrx_word' id='word_1_135' title='bbox 1151 2525 1246 2587; x_wconf 88' lang='lat' dir='ltr'><strong>saepe</strong></span> <span class='ocrx_word' id='word_1_136' title='bbox 1259 2504 1404 2568; x_wconf 85' lang='lat' dir='ltr'><strong>hostibus</strong></span> <span class='ocrx_word' id='word_1_137' title='bbox 1418 2504 1607 2568; x_wconf 74' lang='lat' dir='ltr'><strong>obtulisset?</strong></span> 
     </span>
     <span class='ocr_line' id='line_1_15' title="bbox 284 2592 1608 2681; baseline 0.001 -21"><span class='ocrx_word' id='word_1_138' title='bbox 284 2597 386 2660; x_wconf 85' lang='lat' dir='ltr'><strong>xxu.</strong></span> <span class='ocrx_word' id='word_1_139' title='bbox 407 2592 460 2658; x_wconf 69' lang='grc'><strong>49.</strong></span> <span class='ocrx_word' id='word_1_140' title='bbox 481 2597 567 2661; x_wconf 83' lang='lat' dir='ltr'><strong>llaec</strong></span> <span class='ocrx_word' id='word_1_141' title='bbox 589 2616 649 2679; x_wconf 79' lang='lat' dir='ltr'><strong>ego</strong></span> <span class='ocrx_word' id='word_1_142' title='bbox 671 2605 704 2659; x_wconf 89' lang='lat' dir='ltr'><strong>et</strong></span> <span class='ocrx_word' id='word_1_143' title='bbox 725 2597 823 2659; x_wconf 87' lang='lat' dir='ltr'><strong>multa</strong></span> <span class='ocrx_word' id='word_1_144' title='bbox 844 2598 905 2661; x_wconf 89' lang='lat' dir='ltr'><strong>alia</strong></span> <span class='ocrx_word' id='word_1_145' title='bbox 927 2599 1069 2679; x_wconf 73' lang='lat' dir='ltr'><strong>cogitans</strong></span> <span class='ocrx_word' id='word_1_146' title='bbox 1090 2599 1150 2662; x_wconf 92' lang='lat' dir='ltr'><strong>boc</strong></span> <span class='ocrx_word' id='word_1_147' title='bbox 1171 2599 1333 2672; x_wconf 82' lang='lat' dir='ltr'><strong>videbam,</strong></span> <span class='ocrx_word' id='word_1_148' title='bbox 1355 2599 1382 2661; x_wconf 93' lang='lat' dir='ltr'><strong>si</strong></span> <span class='ocrx_word' id='word_1_149' title='bbox 1403 2618 1528 2662; x_wconf 82' lang='lat' dir='ltr'><strong>causam</strong></span> <span class='ocrx_word' id='word_1_150' title='bbox 1550 2618 1608 2681; x_wconf 93' lang='lat' dir='ltr'><strong>pu-</strong></span> 
     </span>
     <span class='ocr_line' id='line_1_16' title="bbox 283 2690 1645 2776; baseline -0.004 -22"><span class='ocrx_word' id='word_1_151' title='bbox 283 2690 397 2754; x_wconf 81' lang='lat' dir='ltr'><strong>blicam</strong></span> <span class='ocrx_word' id='word_1_152' title='bbox 418 2709 488 2753; x_wconf 85' lang='lat' dir='ltr'><strong>mea</strong></span> <span class='ocrx_word' id='word_1_153' title='bbox 510 2709 595 2753; x_wconf 90' lang='lat' dir='ltr'><strong>mors</strong></span> <span class='ocrx_word' id='word_1_154' title='bbox 616 2692 817 2773; x_wconf 81' lang='lat' dir='ltr'><strong>peremisset,</strong></span> <span class='ocrx_word' id='word_1_155' title='bbox 839 2692 997 2754; x_wconf 91' lang='lat' dir='ltr'><strong>neminem</strong></span> <span class='ocrx_word' id='word_1_156' title='bbox 1013 2711 1162 2776; x_wconf 88' lang='lat' dir='ltr'><strong>umquam</strong></span> <span class='ocrx_word' id='word_1_157' title='bbox 1186 2691 1271 2766; x_wconf 81' lang='lat' dir='ltr'><strong>fore,</strong></span> <span class='ocrx_word' id='word_1_158' title='bbox 1294 2692 1347 2775; x_wconf 91' lang='lat' dir='ltr'><strong>qui</strong></span> <span class='ocrx_word' id='word_1_159' title='bbox 1364 2691 1496 2754; x_wconf 88' lang='lat' dir='ltr'><strong>auderet</strong></span> <span class='ocrx_word' id='word_1_160' title='bbox 1508 2690 1608 2754; x_wconf 90' lang='lat' dir='ltr'><strong>susci·</strong></span> <span class='ocrx_word' id='word_1_161' title='bbox 1617 2705 1645 2749; x_wconf 83' lang='lat' dir='ltr'><strong>rs</strong></span> 
     </span>
     <span class='ocr_line' id='line_1_17' title="bbox 282 2784 1607 2868; baseline -0.001 -20"><span class='ocrx_word' id='word_1_162' title='bbox 282 2803 360 2867; x_wconf 84' lang='lat' dir='ltr'><strong>pere</strong></span> <span class='ocrx_word' id='word_1_163' title='bbox 389 2791 497 2848; x_wconf 90' lang='lat' dir='ltr'><strong>contra</strong></span> <span class='ocrx_word' id='word_1_164' title='bbox 527 2784 688 2867; x_wconf 89' lang='lat' dir='ltr'><strong>improbos</strong></span> <span class='ocrx_word' id='word_1_165' title='bbox 711 2784 795 2847; x_wconf 91' lang='lat' dir='ltr'><strong>cives</strong></span> <span class='ocrx_word' id='word_1_166' title='bbox 826 2785 960 2847; x_wconf 90' lang='lat' dir='ltr'><strong>salutem</strong></span> <span class='ocrx_word' id='word_1_167' title='bbox 981 2786 1027 2847; x_wconf 92' lang='lat' dir='ltr'><strong>rei</strong></span> <span class='ocrx_word' id='word_1_168' title='bbox 1049 2785 1205 2866; x_wconf 91' lang='lat' dir='ltr'><strong>publicae.</strong></span> <span class='ocrx_word' id='word_1_169' title='bbox 1237 2786 1349 2868; x_wconf 81' lang='lat' dir='ltr'><strong>ltaque</strong></span> <span class='ocrx_word' id='word_1_170' title='bbox 1371 2786 1558 2849; x_wconf 81' lang='lat' dir='ltr'><strong>nouaclum</strong></span> <span class='ocrx_word' id='word_1_171' title='bbox 1580 2785 1607 2848; x_wconf 93' lang='lat' dir='ltr'><strong>si</strong></span> 
     </span>
     <span class='ocr_line' id='line_1_18' title="bbox 284 2877 1609 2963; baseline 0.001 -23"><span class='ocrx_word' id='word_1_172' title='bbox 284 2877 315 2940; x_wconf 87' lang='lat' dir='ltr'><strong>vi</strong></span> <span class='ocrx_word' id='word_1_173' title='bbox 342 2877 539 2951; x_wconf 84' lang='lat' dir='ltr'><strong>interissem,</strong></span> <span class='ocrx_word' id='word_1_174' title='bbox 569 2878 627 2940; x_wconf 89' lang='lat' dir='ltr'><strong>sed</strong></span> <span class='ocrx_word' id='word_1_175' title='bbox 657 2878 752 2942; x_wconf 87' lang='lat' dir='ltr'><strong>etiam</strong></span> <span class='ocrx_word' id='word_1_176' title='bbox 781 2879 808 2940; x_wconf 93' lang='lat' dir='ltr'><strong>si</strong></span> <span class='ocrx_word' id='word_1_177' title='bbox 837 2877 947 2940; x_wconf 92' lang='lat' dir='ltr'><strong>morbo</strong></span> <span class='ocrx_word' id='word_1_178' title='bbox 970 2878 1144 2941; x_wconf 83' lang='lat' dir='ltr'><strong>exstinctus</strong></span> <span class='ocrx_word' id='word_1_179' title='bbox 1166 2898 1287 2953; x_wconf 90' lang='lat' dir='ltr'><strong>essem,</strong></span> <span class='ocrx_word' id='word_1_180' title='bbox 1314 2878 1383 2942; x_wconf 85' lang='lat' dir='ltr'><strong>fors</strong></span> <span class='ocrx_word' id='word_1_181' title='bbox 1403 2879 1553 2963; x_wconf 84' lang='lat' dir='ltr'><strong>putabam</strong></span> <span class='ocrx_word' id='word_1_182' title='bbox 1572 2884 1609 2942; x_wconf 92' lang='lat' dir='ltr'><strong>ut</strong></span> 
     </span>
     <span class='ocr_line' id='line_1_19' title="bbox 282 2969 1606 3055; baseline 0.001 -21"><span class='ocrx_word' id='word_1_183' title='bbox 282 2969 464 3055; x_wconf 83' lang='lat' dir='ltr'><strong>exemplum</strong></span> <span class='ocrx_word' id='word_1_184' title='bbox 485 2972 532 3034; x_wconf 87' lang='lat' dir='ltr'><strong>rai</strong></span> <span class='ocrx_word' id='word_1_185' title='bbox 554 2972 700 3055; x_wconf 87' lang='lat' dir='ltr'><strong>publicae</strong></span> <span class='ocrx_word' id='word_1_186' title='bbox 722 2971 959 3034; x_wconf 88' lang='lat' dir='ltr'><strong>conservandae</strong></span> <span class='ocrx_word' id='word_1_187' title='bbox 980 2991 1102 3034; x_wconf 91' lang='lat' dir='ltr'><strong>mecum</strong></span> <span class='ocrx_word' id='word_1_188' title='bbox 1125 2973 1218 3035; x_wconf 91' lang='lat' dir='ltr'><strong>simul</strong></span> <span class='ocrx_word' id='word_1_189' title='bbox 1239 2972 1392 3036; x_wconf 81' lang='lat' dir='ltr'><strong>interiret.</strong></span> <span class='ocrx_word' id='word_1_190' title='bbox 1420 2974 1501 3049; x_wconf 89' lang='lat' dir='ltr'><strong>Quis</strong></span> <span class='ocrx_word' id='word_1_191' title='bbox 1522 2972 1606 3038; x_wconf 89' lang='lat' dir='ltr'><strong>euim</strong></span> 
     </span>
     <span class='ocr_line' id='line_1_20' title="bbox 282 3065 1608 3149; baseline 0 -22"><span class='ocrx_word' id='word_1_192' title='bbox 282 3083 431 3149; x_wconf 84' lang='lat' dir='ltr'><strong>umquam</strong></span> <span class='ocrx_word' id='word_1_193' title='bbox 453 3084 504 3127; x_wconf 90' lang='lat' dir='ltr'><strong>ms</strong></span> <span class='ocrx_word' id='word_1_194' title='bbox 525 3083 544 3129; x_wconf 86' lang='lat' dir='ltr'><strong>a</strong></span> <span class='ocrx_word' id='word_1_195' title='bbox 566 3072 677 3128; x_wconf 91' lang='lat' dir='ltr'><strong>senatu</strong></span> <span class='ocrx_word' id='word_1_196' title='bbox 699 3065 884 3149; x_wconf 82' lang='lat' dir='ltr'><strong>populoque</strong></span> <span class='ocrx_word' id='word_1_197' title='bbox 906 3066 1050 3127; x_wconf 87' lang='lat' dir='ltr'><strong>Romano</strong></span> <span class='ocrx_word' id='word_1_198' title='bbox 1071 3072 1160 3128; x_wconf 88' lang='lat' dir='ltr'><strong>tanto</strong></span> <span class='ocrx_word' id='word_1_199' title='bbox 1175 3066 1316 3129; x_wconf 92' lang='lat' dir='ltr'><strong>omnium</strong></span> <span class='ocrx_word' id='word_1_200' title='bbox 1331 3066 1488 3130; x_wconf 80' lang='lat' dir='ltr'><strong>bonorum</strong></span> <span class='ocrx_word' id='word_1_201' title='bbox 1502 3066 1608 3130; x_wconf 90' lang='lat' dir='ltr'><strong>studio</strong></span> 
     </span>
     <span class='ocr_line' id='line_1_21' title="bbox 282 3157 1645 3242; baseline -0.001 -22"><span class='ocrx_word' id='word_1_202' title='bbox 282 3176 348 3220; x_wconf 79' lang='lat' dir='ltr'><strong>non</strong></span> <span class='ocrx_word' id='word_1_203' title='bbox 368 3158 535 3232; x_wconf 87' lang='lat' dir='ltr'><strong>restituto,</strong></span> <span class='ocrx_word' id='word_1_204' title='bbox 558 3159 643 3242; x_wconf 90' lang='lat' dir='ltr'><strong>quod</strong></span> <span class='ocrx_word' id='word_1_205' title='bbox 666 3167 766 3232; x_wconf 89' lang='lat' dir='ltr'><strong>certe,</strong></span> <span class='ocrx_word' id='word_1_206' title='bbox 798 3159 824 3221; x_wconf 91' lang='lat' dir='ltr'><strong>si</strong></span> <span class='ocrx_word' id='word_1_207' title='bbox 848 3178 949 3222; x_wconf 88' lang='lat' dir='ltr'><strong>essem</strong></span> <span class='ocrx_word' id='word_1_208' title='bbox 972 3157 1173 3232; x_wconf 83' lang='lat' dir='ltr'><strong>interiectus,</strong></span> <span class='ocrx_word' id='word_1_209' title='bbox 1196 3158 1339 3223; x_wconf 88' lang='lat' dir='ltr'><strong>accidere</strong></span> <span class='ocrx_word' id='word_1_210' title='bbox 1361 3179 1423 3222; x_wconf 94' lang='lat' dir='ltr'><strong>non</strong></span> <span class='ocrx_word' id='word_1_211' title='bbox 1445 3159 1645 3242; x_wconf 80' lang='lat' dir='ltr'><strong>pobrisset,so</strong></span> 
     </span>
     <span class='ocr_line' id='line_1_22' title="bbox 284 3249 1608 3335; baseline 0.003 -23"><span class='ocrx_word' id='word_1_212' title='bbox 284 3249 381 3313; x_wconf 78' lang='lat' dir='ltr'><strong>ullam</strong></span> <span class='ocrx_word' id='word_1_213' title='bbox 408 3251 455 3314; x_wconf 92' lang='lat' dir='ltr'><strong>rei</strong></span> <span class='ocrx_word' id='word_1_214' title='bbox 482 3250 628 3334; x_wconf 86' lang='lat' dir='ltr'><strong>publicae</strong></span> <span class='ocrx_word' id='word_1_215' title='bbox 657 3261 778 3333; x_wconf 90' lang='lat' dir='ltr'><strong>partem</strong></span> <span class='ocrx_word' id='word_1_216' title='bbox 808 3272 879 3314; x_wconf 90' lang='lat' dir='ltr'><strong>cum</strong></span> <span class='ocrx_word' id='word_1_217' title='bbox 910 3271 967 3314; x_wconf 86' lang='lat' dir='ltr'><strong>sua</strong></span> <span class='ocrx_word' id='word_1_218' title='bbox 988 3252 1119 3315; x_wconf 91' lang='lat' dir='ltr'><strong>minima</strong></span> <span class='ocrx_word' id='word_1_219' title='bbox 1140 3252 1258 3315; x_wconf 86' lang='lat' dir='ltr'><strong>invidia</strong></span> <span class='ocrx_word' id='word_1_220' title='bbox 1279 3253 1410 3315; x_wconf 82' lang='lat' dir='ltr'><strong>auderet</strong></span> <span class='ocrx_word' id='word_1_221' title='bbox 1429 3253 1608 3335; x_wconf 74' lang='lat' dir='ltr'><strong>attingeret</strong></span> 
     </span>
     <span class='ocr_line' id='line_1_23' title="bbox 283 3340 1609 3427; baseline 0.002 -22"><span class='ocrx_word' id='word_1_222' title='bbox 283 3340 411 3406; x_wconf 74' lang='lat' dir='ltr'><strong>Servavi</strong></span> <span class='ocrx_word' id='word_1_223' title='bbox 431 3343 530 3426; x_wconf 75' lang='lat' dir='ltr'><strong>igitur</strong></span> <span class='ocrx_word' id='word_1_224' title='bbox 550 3364 616 3407; x_wconf 90' lang='lat' dir='ltr'><strong>rem</strong></span> <span class='ocrx_word' id='word_1_225' title='bbox 639 3345 796 3427; x_wconf 89' lang='lat' dir='ltr'><strong>publicam</strong></span> <span class='ocrx_word' id='word_1_226' title='bbox 819 3345 960 3409; x_wconf 85' lang='lat' dir='ltr'><strong>discessu</strong></span> <span class='ocrx_word' id='word_1_227' title='bbox 981 3366 1062 3418; x_wconf 90' lang='lat' dir='ltr'><strong>mec,</strong></span> <span class='ocrx_word' id='word_1_228' title='bbox 1085 3345 1224 3420; x_wconf 90' lang='lat' dir='ltr'><strong>iudiccs;</strong></span> <span class='ocrx_word' id='word_1_229' title='bbox 1247 3346 1376 3409; x_wconf 91' lang='lat' dir='ltr'><strong>caedem</strong></span> <span class='ocrx_word' id='word_1_230' title='bbox 1392 3346 1516 3410; x_wconf 90' lang='lat' dir='ltr'><strong>avobis</strong></span> <span class='ocrx_word' id='word_1_231' title='bbox 1530 3346 1609 3409; x_wconf 91' lang='lat' dir='ltr'><strong>libe·</strong></span> 
     </span>
     <span class='ocr_line' id='line_1_24' title="bbox 281 3436 1609 3533; baseline 0.002 -34"><span class='ocrx_word' id='word_1_232' title='bbox 281 3436 393 3520; x_wconf 84' lang='lat' dir='ltr'><strong>risque</strong></span> <span class='ocrx_word' id='word_1_233' title='bbox 412 3437 545 3512; x_wconf 86' lang='lat' dir='ltr'><strong>vestris,</strong></span> <span class='ocrx_word' id='word_1_234' title='bbox 567 3439 763 3512; x_wconf 87' lang='lat' dir='ltr'><strong>vastitatem,</strong></span> <span class='ocrx_word' id='word_1_235' title='bbox 785 3439 945 3511; x_wconf 90' lang='lat' dir='ltr'><strong>incendia,</strong></span> <span class='ocrx_word' id='word_1_236' title='bbox 969 3439 1094 3521; x_wconf 88' lang='lat' dir='ltr'><strong>rapinas</strong></span> <span class='ocrx_word' id='word_1_237' title='bbox 1111 3457 1182 3501; x_wconf 90' lang='lat' dir='ltr'><strong>meo</strong></span> <span class='ocrx_word' id='word_1_238' title='bbox 1198 3439 1306 3502; x_wconf 91' lang='lat' dir='ltr'><strong>dolore</strong></span> <span class='ocrx_word' id='word_1_239' title='bbox 1324 3440 1475 3523; x_wconf 87' lang='lat' dir='ltr'><strong>luctuque</strong></span> <span class='ocrx_word' id='word_1_240' title='bbox 1490 3440 1609 3533; x_wconf 58' lang='lat' dir='ltr'><strong>depuli,</strong></span> 
     </span>
     <span class='ocr_line' id='line_1_25' title="bbox 283 3529 1608 3614; baseline 0.005 -23"><span class='ocrx_word' id='word_1_241' title='bbox 283 3536 316 3592; x_wconf 89' lang='lat' dir='ltr'><strong>st</strong></span> <span class='ocrx_word' id='word_1_242' title='bbox 342 3547 427 3593; x_wconf 84' lang='lat' dir='ltr'><strong>unus</strong></span> <span class='ocrx_word' id='word_1_243' title='bbox 448 3529 497 3593; x_wconf 91' lang='lat' dir='ltr'><strong>bis</strong></span> <span class='ocrx_word' id='word_1_244' title='bbox 523 3531 767 3614; x_wconf 90' lang='lat' dir='ltr'><strong>rempublicam</strong></span> <span class='ocrx_word' id='word_1_245' title='bbox 791 3534 928 3605; x_wconf 80' lang='lat' dir='ltr'><strong>servavi,</strong></span> <span class='ocrx_word' id='word_1_246' title='bbox 957 3532 1055 3595; x_wconf 90' lang='lat' dir='ltr'><strong>semel</strong></span> <span class='ocrx_word' id='word_1_247' title='bbox 1077 3531 1193 3614; x_wconf 73' lang='lat' dir='ltr'><strong>gloria,</strong></span> <span class='ocrx_word' id='word_1_248' title='bbox 1221 3532 1337 3597; x_wconf 88' lang='lat' dir='ltr'><strong>iterum</strong></span> <span class='ocrx_word' id='word_1_249' title='bbox 1358 3553 1508 3596; x_wconf 84' lang='lat' dir='ltr'><strong>aerumna</strong></span> <span class='ocrx_word' id='word_1_250' title='bbox 1529 3554 1608 3604; x_wconf 87' lang='lat' dir='ltr'><strong>mea.</strong></span> 
     </span>
     <span class='ocr_line' id='line_1_26' title="bbox 281 3623 1645 3712; baseline 0.004 -25"><span class='ocrx_word' id='word_1_251' title='bbox 281 3625 395 3708; x_wconf 84' lang='lat' dir='ltr'><strong>lisque</strong></span> <span class='ocrx_word' id='word_1_252' title='bbox 417 3624 503 3688; x_wconf 88' lang='lat' dir='ltr'><strong>enim</strong></span> <span class='ocrx_word' id='word_1_253' title='bbox 525 3624 558 3687; x_wconf 92' lang='lat' dir='ltr'><strong>in</strong></span> <span class='ocrx_word' id='word_1_254' title='bbox 579 3623 641 3688; x_wconf 91' lang='lat' dir='ltr'><strong>boc</strong></span> <span class='ocrx_word' id='word_1_255' title='bbox 662 3643 712 3688; x_wconf 87' lang='lat' dir='ltr'><strong>me</strong></span> <span class='ocrx_word' id='word_1_256' title='bbox 733 3625 894 3689; x_wconf 89' lang='lat' dir='ltr'><strong>hominem</strong></span> <span class='ocrx_word' id='word_1_257' title='bbox 917 3645 987 3689; x_wconf 89' lang='lat' dir='ltr'><strong>csse</strong></span> <span class='ocrx_word' id='word_1_258' title='bbox 1008 3624 1169 3690; x_wconf 84' lang='lat' dir='ltr'><strong>infitiabor</strong></span> <span class='ocrx_word' id='word_1_259' title='bbox 1182 3646 1351 3711; x_wconf 88' lang='lat' dir='ltr'><strong>umquam,</strong></span> <span class='ocrx_word' id='word_1_260' title='bbox 1373 3634 1409 3690; x_wconf 90' lang='lat' dir='ltr'><strong>ut</strong></span> <span class='ocrx_word' id='word_1_261' title='bbox 1422 3644 1473 3692; x_wconf 91' lang='lat' dir='ltr'><strong>me</strong></span> <span class='ocrx_word' id='word_1_262' title='bbox 1487 3628 1645 3712; x_wconf 75' lang='lat' dir='ltr'><strong>optimott</strong></span> 
     </span>
     <span class='ocr_line' id='line_1_27' title="bbox 281 3716 1608 3805; baseline 0.003 -24"><span class='ocrx_word' id='word_1_263' title='bbox 281 3716 395 3794; x_wconf 68' lang='lat' dir='ltr'><strong>matre,</strong></span> <span class='ocrx_word' id='word_1_264' title='bbox 416 3718 586 3782; x_wconf 88' lang='lat' dir='ltr'><strong>carissimis</strong></span> <span class='ocrx_word' id='word_1_265' title='bbox 607 3719 725 3792; x_wconf 89' lang='lat' dir='ltr'><strong>liberis,</strong></span> <span class='ocrx_word' id='word_1_266' title='bbox 748 3716 897 3782; x_wconf 85' lang='lat' dir='ltr'><strong>fidissima</strong></span> <span class='ocrx_word' id='word_1_267' title='bbox 911 3721 1064 3801; x_wconf 76' lang='lat' dir='ltr'><strong>coniuge,</strong></span> <span class='ocrx_word' id='word_1_268' title='bbox 1086 3729 1191 3783; x_wconf 90' lang='lat' dir='ltr'><strong>vestro</strong></span> <span class='ocrx_word' id='word_1_269' title='bbox 1206 3729 1393 3803; x_wconf 89' lang='lat' dir='ltr'><strong>conspectu,</strong></span> <span class='ocrx_word' id='word_1_270' title='bbox 1414 3723 1525 3805; x_wconf 91' lang='lat' dir='ltr'><strong>patria,</strong></span> <span class='ocrx_word' id='word_1_271' title='bbox 1546 3722 1608 3785; x_wconf 93' lang='lat' dir='ltr'><strong>boc</strong></span> 
     </span>
     <span class='ocr_line' id='line_1_28' title="bbox 281 3810 1608 3898; baseline 0.005 -25"><span class='ocrx_word' id='word_1_272' title='bbox 281 3810 413 3877; x_wconf 86' lang='lat' dir='ltr'><strong>honoris</strong></span> <span class='ocrx_word' id='word_1_273' title='bbox 442 3811 541 3894; x_wconf 73' lang='lat' dir='ltr'><strong>gradu</strong></span> <span class='ocrx_word' id='word_1_274' title='bbox 569 3814 638 3875; x_wconf 87' lang='lat' dir='ltr'><strong>siue</strong></span> <span class='ocrx_word' id='word_1_275' title='bbox 666 3811 775 3876; x_wconf 91' lang='lat' dir='ltr'><strong>dolore</strong></span> <span class='ocrx_word' id='word_1_276' title='bbox 804 3815 943 3877; x_wconf 87' lang='lat' dir='ltr'><strong>caruisse</strong></span> <span class='ocrx_word' id='word_1_277' title='bbox 966 3813 1092 3896; x_wconf 78' lang='lat' dir='ltr'><strong>glorier.</strong></span> <span class='ocrx_word' id='word_1_278' title='bbox 1126 3813 1222 3889; x_wconf 90' lang='lat' dir='ltr'><strong>Quod</strong></span> <span class='ocrx_word' id='word_1_279' title='bbox 1244 3814 1270 3877; x_wconf 88' lang='lat' dir='ltr'><strong>si</strong></span> <span class='ocrx_word' id='word_1_280' title='bbox 1292 3814 1453 3889; x_wconf 84' lang='lat' dir='ltr'><strong>iecissem,</strong></span> <span class='ocrx_word' id='word_1_281' title='bbox 1479 3815 1608 3898; x_wconf 84' lang='lat' dir='ltr'><strong>quoda</strong></span> 
     </span>
     <span class='ocr_line' id='line_1_29' title="bbox 283 3901 1608 3990; baseline 0.002 -23"><span class='ocrx_word' id='word_1_282' title='bbox 283 3922 333 3967; x_wconf 89' lang='lat' dir='ltr'><strong>me</strong></span> <span class='ocrx_word' id='word_1_283' title='bbox 353 3901 540 3968; x_wconf 88' lang='lat' dir='ltr'><strong>beneficium</strong></span> <span class='ocrx_word' id='word_1_284' title='bbox 562 3905 739 3980; x_wconf 84' lang='lat' dir='ltr'><strong>haberetis,</strong></span> <span class='ocrx_word' id='word_1_285' title='bbox 761 3927 832 3969; x_wconf 88' lang='lat' dir='ltr'><strong>cum</strong></span> <span class='ocrx_word' id='word_1_286' title='bbox 854 3928 911 3990; x_wconf 90' lang='lat' dir='ltr'><strong>pro</strong></span> <span class='ocrx_word' id='word_1_287' title='bbox 933 3907 1024 3971; x_wconf 91' lang='lat' dir='ltr'><strong>vobis</strong></span> <span class='ocrx_word' id='word_1_288' title='bbox 1047 3926 1101 3981; x_wconf 89' lang='lat' dir='ltr'><strong>ca,</strong></span> <span class='ocrx_word' id='word_1_289' title='bbox 1124 3927 1207 3990; x_wconf 89' lang='lat' dir='ltr'><strong>quae</strong></span> <span class='ocrx_word' id='word_1_290' title='bbox 1229 3906 1305 3969; x_wconf 92' lang='lat' dir='ltr'><strong>mibi</strong></span> <span class='ocrx_word' id='word_1_291' title='bbox 1328 3908 1537 3982; x_wconf 85' lang='lat' dir='ltr'><strong>essentvilia,</strong></span> <span class='ocrx_word' id='word_1_292' title='bbox 1558 3927 1608 3970; x_wconf 89' lang='lat' dir='ltr'><strong>re-</strong></span> 
     </span>
     <span class='ocr_line' id='line_1_30' title="bbox 282 3995 1606 4083; baseline 0.007 -25"><span class='ocrx_word' id='word_1_293' title='bbox 282 3995 473 4079; x_wconf 73' lang='lat' dir='ltr'><strong>liquissem?</strong></span> <span class='ocrx_word' id='word_1_294' title='bbox 494 3998 563 4062; x_wconf 85' lang='lat' dir='ltr'><strong>lloc</strong></span> <span class='ocrx_word' id='word_1_295' title='bbox 585 4018 655 4062; x_wconf 90' lang='lat' dir='ltr'><strong>meo</strong></span> <span class='ocrx_word' id='word_1_296' title='bbox 678 3999 808 4083; x_wconf 82' lang='lat' dir='ltr'><strong>quidem</strong></span> <span class='ocrx_word' id='word_1_297' title='bbox 829 4000 935 4064; x_wconf 90' lang='lat' dir='ltr'><strong>animo</strong></span> <span class='ocrx_word' id='word_1_298' title='bbox 948 4001 1064 4064; x_wconf 88' lang='lat' dir='ltr'><strong>summi</strong></span> <span class='ocrx_word' id='word_1_299' title='bbox 1079 4001 1112 4063; x_wconf 94' lang='lat' dir='ltr'><strong>in</strong></span> <span class='ocrx_word' id='word_1_300' title='bbox 1127 4001 1261 4083; x_wconf 88' lang='lat' dir='ltr'><strong>patriam</strong></span> <span class='ocrx_word' id='word_1_301' title='bbox 1275 4002 1392 4064; x_wconf 86' lang='lat' dir='ltr'><strong>amoris</strong></span> <span class='ocrx_word' id='word_1_302' title='bbox 1405 4001 1467 4063; x_wconf 87' lang='lat' dir='ltr'><strong>mei</strong></span> <span class='ocrx_word' id='word_1_303' title='bbox 1482 4001 1606 4082; x_wconf 75' lang='lat' dir='ltr'><strong>signum</strong></span> 
     </span>
     <span class='ocr_line' id='line_1_31' title="bbox 283 4090 1644 4177; baseline 0.001 -24"><span class='ocrx_word' id='word_1_304' title='bbox 283 4109 353 4153; x_wconf 89' lang='lat' dir='ltr'><strong>csse</strong></span> <span class='ocrx_word' id='word_1_305' title='bbox 375 4090 471 4155; x_wconf 90' lang='lat' dir='ltr'><strong>debet</strong></span> <span class='ocrx_word' id='word_1_306' title='bbox 490 4093 712 4168; x_wconf 89' lang='lat' dir='ltr'><strong>certissimum,</strong></span> <span class='ocrx_word' id='word_1_307' title='bbox 734 4096 837 4177; x_wconf 91' lang='lat' dir='ltr'><strong>quod,</strong></span> <span class='ocrx_word' id='word_1_308' title='bbox 858 4114 931 4156; x_wconf 92' lang='lat' dir='ltr'><strong>cum</strong></span> <span class='ocrx_word' id='word_1_309' title='bbox 952 4093 1063 4156; x_wconf 88' lang='lat' dir='ltr'><strong>abesse</strong></span> <span class='ocrx_word' id='word_1_310' title='bbox 1085 4094 1125 4156; x_wconf 94' lang='lat' dir='ltr'><strong>ab</strong></span> <span class='ocrx_word' id='word_1_311' title='bbox 1141 4113 1179 4156; x_wconf 88' lang='lat' dir='ltr'><strong>ea</strong></span> <span class='ocrx_word' id='word_1_312' title='bbox 1194 4094 1264 4158; x_wconf 89' lang='lat' dir='ltr'><strong>siue</strong></span> <span class='ocrx_word' id='word_1_313' title='bbox 1279 4113 1401 4156; x_wconf 92' lang='lat' dir='ltr'><strong>summo</strong></span> <span class='ocrx_word' id='word_1_314' title='bbox 1418 4095 1526 4158; x_wconf 91' lang='lat' dir='ltr'><strong>dolore</strong></span> <span class='ocrx_word' id='word_1_315' title='bbox 1541 4107 1644 4158; x_wconf 82' lang='lat' dir='ltr'><strong>nonao</strong></span> 
     </span>
     <span class='ocr_line' id='line_1_32' title="bbox 283 4185 1605 4271; baseline 0.002 -24"><span class='ocrx_word' id='word_1_316' title='bbox 283 4202 425 4266; x_wconf 89' lang='lat' dir='ltr'><strong>possem,</strong></span> <span class='ocrx_word' id='word_1_317' title='bbox 455 4185 541 4250; x_wconf 90' lang='lat' dir='ltr'><strong>bunc</strong></span> <span class='ocrx_word' id='word_1_318' title='bbox 573 4207 623 4249; x_wconf 87' lang='lat' dir='ltr'><strong>me</strong></span> <span class='ocrx_word' id='word_1_319' title='bbox 651 4189 770 4271; x_wconf 89' lang='lat' dir='ltr'><strong>perpeti</strong></span> <span class='ocrx_word' id='word_1_320' title='bbox 800 4207 894 4269; x_wconf 91' lang='lat' dir='ltr'><strong>quam</strong></span> <span class='ocrx_word' id='word_1_321' title='bbox 921 4186 1008 4250; x_wconf 92' lang='lat' dir='ltr'><strong>illam</strong></span> <span class='ocrx_word' id='word_1_322' title='bbox 1038 4186 1219 4251; x_wconf 86' lang='lat' dir='ltr'><strong>labefactari</strong></span> <span class='ocrx_word' id='word_1_323' title='bbox 1249 4187 1289 4249; x_wconf 90' lang='lat' dir='ltr'><strong>ab</strong></span> <span class='ocrx_word' id='word_1_324' title='bbox 1317 4188 1469 4269; x_wconf 88' lang='lat' dir='ltr'><strong>improbis</strong></span> <span class='ocrx_word' id='word_1_325' title='bbox 1499 4187 1605 4250; x_wconf 91' lang='lat' dir='ltr'><strong>malui.</strong></span> 
     </span>
     <span class='ocr_line' id='line_1_33' title="bbox 283 4274 1605 4364; baseline 0.005 -27"><span class='ocrx_word' id='word_1_326' title='bbox 283 4274 334 4339; x_wconf 87' lang='grc'><strong>50.</strong></span> <span class='ocrx_word' id='word_1_327' title='bbox 355 4279 577 4354; x_wconf 82' lang='lat' dir='ltr'><strong>Memineram‚</strong></span> <span class='ocrx_word' id='word_1_328' title='bbox 606 4280 745 4356; x_wconf 90' lang='lat' dir='ltr'><strong>iudices,</strong></span> <span class='ocrx_word' id='word_1_329' title='bbox 769 4281 911 4344; x_wconf 90' lang='lat' dir='ltr'><strong>divinum</strong></span> <span class='ocrx_word' id='word_1_330' title='bbox 933 4280 1022 4343; x_wconf 91' lang='lat' dir='ltr'><strong>illum</strong></span> <span class='ocrx_word' id='word_1_331' title='bbox 1043 4280 1144 4344; x_wconf 90' lang='lat' dir='ltr'><strong>virum</strong></span> <span class='ocrx_word' id='word_1_332' title='bbox 1167 4289 1262 4364; x_wconf 90' lang='lat' dir='ltr'><strong>atque</strong></span> <span class='ocrx_word' id='word_1_333' title='bbox 1285 4300 1326 4343; x_wconf 82' lang='lat' dir='ltr'><strong>ex</strong></span> <span class='ocrx_word' id='word_1_334' title='bbox 1346 4281 1462 4356; x_wconf 90' lang='lat' dir='ltr'><strong>isdem,</strong></span> <span class='ocrx_word' id='word_1_335' title='bbox 1490 4280 1605 4364; x_wconf 90' lang='lat' dir='ltr'><strong>quibus</strong></span> 
     </span>
     <span class='ocr_line' id='line_1_34' title="bbox 282 4370 1605 4457; baseline 0.003 -25"><span class='ocrx_word' id='word_1_336' title='bbox 282 4389 358 4446; x_wconf 79' lang='lat' dir='ltr'><strong>nos,</strong></span> <span class='ocrx_word' id='word_1_337' title='bbox 379 4370 539 4437; x_wconf 87' lang='lat' dir='ltr'><strong>radicibus</strong></span> <span class='ocrx_word' id='word_1_338' title='bbox 561 4381 669 4436; x_wconf 93' lang='lat' dir='ltr'><strong>natum</strong></span> <span class='ocrx_word' id='word_1_339' title='bbox 691 4375 731 4437; x_wconf 90' lang='lat' dir='ltr'><strong>ad</strong></span> <span class='ocrx_word' id='word_1_340' title='bbox 753 4374 885 4437; x_wconf 90' lang='lat' dir='ltr'><strong>salutem</strong></span> <span class='ocrx_word' id='word_1_341' title='bbox 907 4372 1002 4435; x_wconf 88' lang='lat' dir='ltr'><strong>buius</strong></span> <span class='ocrx_word' id='word_1_342' title='bbox 1024 4373 1167 4457; x_wconf 91' lang='lat' dir='ltr'><strong>imperii,</strong></span> <span class='ocrx_word' id='word_1_343' title='bbox 1190 4373 1224 4436; x_wconf 87' lang='lat' dir='ltr'><strong>C.</strong></span> <span class='ocrx_word' id='word_1_344' title='bbox 1243 4373 1392 4447; x_wconf 83' lang='lat' dir='ltr'><strong>Marium,</strong></span> <span class='ocrx_word' id='word_1_345' title='bbox 1414 4393 1535 4437; x_wconf 90' lang='lat' dir='ltr'><strong>summa</strong></span> <span class='ocrx_word' id='word_1_346' title='bbox 1556 4394 1605 4436; x_wconf 91' lang='lat' dir='ltr'><strong>se-</strong></span> 
     </span>
     <span class='ocr_line' id='line_1_35' title="bbox 283 4466 1604 4550; baseline 0.003 -24"><span class='ocrx_word' id='word_1_347' title='bbox 283 4470 427 4540; x_wconf 89' lang='lat' dir='ltr'><strong>nectute,</strong></span> <span class='ocrx_word' id='word_1_348' title='bbox 449 4484 521 4528; x_wconf 87' lang='lat' dir='ltr'><strong>cum</strong></span> <span class='ocrx_word' id='word_1_349' title='bbox 543 4467 574 4529; x_wconf 90' lang='lat' dir='ltr'><strong>vi</strong></span> <span class='ocrx_word' id='word_1_350' title='bbox 594 4486 696 4550; x_wconf 91' lang='lat' dir='ltr'><strong>prope</strong></span> <span class='ocrx_word' id='word_1_351' title='bbox 718 4469 874 4531; x_wconf 90' lang='lat' dir='ltr'><strong>iustorum</strong></span> <span class='ocrx_word' id='word_1_352' title='bbox 896 4486 1054 4531; x_wconf 90' lang='lat' dir='ltr'><strong>armorum</strong></span> <span class='ocrx_word' id='word_1_353' title='bbox 1075 4466 1282 4550; x_wconf 76' lang='lat' dir='ltr'><strong>pmfugisset,</strong></span> <span class='ocrx_word' id='word_1_354' title='bbox 1304 4468 1405 4550; x_wconf 87' lang='lat' dir='ltr'><strong>primo</strong></span> <span class='ocrx_word' id='word_1_355' title='bbox 1421 4467 1521 4530; x_wconf 89' lang='lat' dir='ltr'><strong>senile</strong></span> <span class='ocrx_word' id='word_1_356' title='bbox 1535 4486 1604 4529; x_wconf 91' lang='lat' dir='ltr'><strong>cor·</strong></span> 
     </span>
     <span class='ocr_line' id='line_1_36' title="bbox 282 4557 1641 4643; baseline 0.002 -23"><span class='ocrx_word' id='word_1_357' title='bbox 282 4577 342 4641; x_wconf 91' lang='lat' dir='ltr'><strong>pus</strong></span> <span class='ocrx_word' id='word_1_358' title='bbox 370 4557 540 4643; x_wconf 86' lang='lat' dir='ltr'><strong>paludibus</strong></span> <span class='ocrx_word' id='word_1_359' title='bbox 567 4560 743 4625; x_wconf 88' lang='lat' dir='ltr'><strong>occultasse</strong></span> <span class='ocrx_word' id='word_1_360' title='bbox 773 4561 967 4637; x_wconf 89' lang='lat' dir='ltr'><strong>demersum,</strong></span> <span class='ocrx_word' id='word_1_361' title='bbox 997 4559 1113 4624; x_wconf 90' lang='lat' dir='ltr'><strong>deinde</strong></span> <span class='ocrx_word' id='word_1_362' title='bbox 1142 4559 1183 4624; x_wconf 87' lang='lat' dir='ltr'><strong>ad</strong></span> <span class='ocrx_word' id='word_1_363' title='bbox 1210 4559 1390 4624; x_wconf 84' lang='lat' dir='ltr'><strong>infimorum</strong></span> <span class='ocrx_word' id='word_1_364' title='bbox 1418 4580 1454 4625; x_wconf 91' lang='lat' dir='ltr'><strong>ac</strong></span> <span class='ocrx_word' id='word_1_365' title='bbox 1485 4561 1641 4624; x_wconf 79' lang='lat' dir='ltr'><strong>tenuis-ac</strong></span> 
     </span>
     <span class='ocr_line' id='line_1_37' title="bbox 282 4650 1603 4738; baseline 0 -22"><span class='ocrx_word' id='word_1_366' title='bbox 282 4650 437 4718; x_wconf 84' lang='lat' dir='ltr'><strong>simorum</strong></span> <span class='ocrx_word' id='word_1_367' title='bbox 463 4652 627 4717; x_wconf 89' lang='lat' dir='ltr'><strong>bominum</strong></span> <span class='ocrx_word' id='word_1_368' title='bbox 656 4651 849 4738; x_wconf 88' lang='lat' dir='ltr'><strong>[ldintumis]</strong></span> <span class='ocrx_word' id='word_1_369' title='bbox 874 4654 1121 4719; x_wconf 88' lang='lat' dir='ltr'><strong>misericordiam</strong></span> <span class='ocrx_word' id='word_1_370' title='bbox 1150 4653 1348 4737; x_wconf 76' lang='lat' dir='ltr'><strong>confugisse,</strong></span> <span class='ocrx_word' id='word_1_371' title='bbox 1376 4653 1450 4717; x_wconf 88' lang='lat' dir='ltr'><strong>inde</strong></span> <span class='ocrx_word' id='word_1_372' title='bbox 1475 4653 1603 4736; x_wconf 75' lang='lat' dir='ltr'><strong>navigio</strong></span> 
     </span>
    </p>
   </div>
   <div class='ocr_carea' id='block_1_3' title="bbox 278 4997 1610 5966">
    <p class='ocr_par' dir='ltr' id='par_1_3' title="bbox 278 4997 1610 5966">
     <span class='ocr_line' id='line_1_38' title="bbox 346 4997 1603 5064; baseline 0.004 -17"><span class='ocrx_word' id='word_1_373' title='bbox 346 4997 373 5048; x_wconf 84' lang='grc'><strong>4.</strong></span> <span class='ocrx_word' id='word_1_374' title='bbox 389 4997 535 5049; x_wconf 63' lang='lat' dir='ltr'><strong>mmmm</strong></span> <span class='ocrx_word' id='word_1_375' title='bbox 551 5000 584 5049; x_wconf 83' lang='lat' dir='ltr'><strong>P:</strong></span> <span class='ocrx_word' id='word_1_376' title='bbox 602 4999 739 5051; x_wconf 73' lang='lat' dir='ltr'><strong>maliacem</strong></span> <span class='ocrx_word' id='word_1_377' title='bbox 755 5000 846 5051; x_wconf 84' lang='lat' dir='ltr'><strong>GO-</strong></span> <span class='ocrx_word' id='word_1_378' title='bbox 865 5004 889 5053; x_wconf 76' lang='lat'><strong>2.</strong></span> <span class='ocrx_word' id='word_1_379' title='bbox 907 5003 979 5052; x_wconf 81' lang='lat' dir='ltr'><strong>stnso</strong></span> <span class='ocrx_word' id='word_1_380' title='bbox 995 5004 1065 5052; x_wconf 78' lang='lat'><strong>1³¹-</strong></span> <span class='ocrx_word' id='word_1_381' title='bbox 1084 5001 1250 5064; x_wconf 60' lang='lat' dir='ltr'><strong>mmmmm?</strong></span> <span class='ocrx_word' id='word_1_382' title='bbox 1268 5025 1296 5039; x_wconf 92' lang='lat'><em>-</em></span> <span class='ocrx_word' id='word_1_383' title='bbox 1314 5002 1481 5064; x_wconf 71' lang='lat' dir='ltr'><strong>mpdundrtm</strong></span> <span class='ocrx_word' id='word_1_384' title='bbox 1496 5003 1518 5052; x_wconf 89' lang='lat' dir='ltr'>G</span> <span class='ocrx_word' id='word_1_385' title='bbox 1534 5013 1603 5052; x_wconf 85' lang='lat' dir='ltr'><strong>corr.</strong></span> 
     </span>
     <span class='ocr_line' id='line_1_39' title="bbox 283 5074 1606 5140; baseline 0.002 -17"><span class='ocrx_word' id='word_1_386' title='bbox 283 5096 313 5109; x_wconf 92' lang='lat'>-</span> <span class='ocrx_word' id='word_1_387' title='bbox 328 5074 611 5124; x_wconf 61' lang='lat' dir='ltr'><strong>sverm-dicantur</strong></span> <span class='ocrx_word' id='word_1_388' title='bbox 626 5074 744 5127; x_wconf 70' lang='lat' dir='ltr'><strong>habeta</strong></span> <span class='ocrx_word' id='word_1_389' title='bbox 764 5103 791 5113; x_wconf 91' lang='lat'>-</span> <span class='ocrx_word' id='word_1_390' title='bbox 810 5076 835 5127; x_wconf 83' lang='lat'><strong>3.</strong></span> <span class='ocrx_word' id='word_1_391' title='bbox 853 5079 942 5140; x_wconf 78' lang='lat' dir='ltr'><strong>opinor</strong></span> <span class='ocrx_word' id='word_1_392' title='bbox 958 5090 1012 5127; x_wconf 89' lang='lat' dir='ltr'><strong>om.</strong></span> <span class='ocrx_word' id='word_1_393' title='bbox 1030 5078 1051 5126; x_wconf 81' lang='lat' dir='ltr'>A</span> <span class='ocrx_word' id='word_1_394' title='bbox 1069 5102 1097 5112; x_wconf 98' lang='lat'>-</span> <span class='ocrx_word' id='word_1_395' title='bbox 1115 5077 1219 5128; x_wconf 81' lang='lat' dir='ltr'><strong>crecttet</strong></span> <span class='ocrx_word' id='word_1_396' title='bbox 1235 5077 1297 5134; x_wconf 85' lang='lat' dir='ltr'><strong>PG;</strong></span> <span class='ocrx_word' id='word_1_397' title='bbox 1315 5081 1412 5127; x_wconf 72' lang='lat' dir='ltr'><strong>erasm</strong></span> <span class='ocrx_word' id='word_1_398' title='bbox 1427 5078 1449 5127; x_wconf 78' lang='grc' dir='ltr'><strong>Α</strong></span> <span class='ocrx_word' id='word_1_399' title='bbox 1465 5103 1492 5113; x_wconf 95' lang='grc'>-</span> <span class='ocrx_word' id='word_1_400' title='bbox 1511 5077 1535 5127; x_wconf 80' lang='lat' dir='ltr'><strong>s.</strong></span> <span class='ocrx_word' id='word_1_401' title='bbox 1553 5077 1606 5127; x_wconf 70' lang='lat' dir='ltr'><strong>dos</strong></span> 
     </span>
     <span class='ocr_line' id='line_1_40' title="bbox 281 5145 1605 5214; baseline 0.001 -15"><span class='ocrx_word' id='word_1_402' title='bbox 281 5145 481 5200; x_wconf 58' lang='lat' dir='ltr'><strong>wammam</strong></span> <span class='ocrx_word' id='word_1_403' title='bbox 497 5150 533 5209; x_wconf 80' lang='grc' dir='ltr'><strong>Α,</strong></span> <span class='ocrx_word' id='word_1_404' title='bbox 551 5150 597 5214; x_wconf 89' lang='lat' dir='ltr'><strong>qui</strong></span> <span class='ocrx_word' id='word_1_405' title='bbox 613 5148 695 5200; x_wconf 87' lang='lat' dir='ltr'><strong>babet</strong></span> <span class='ocrx_word' id='word_1_406' title='bbox 711 5152 928 5203; x_wconf 60' lang='lat' dir='ltr'><strong>etos-diocles.</strong></span> <span class='ocrx_word' id='word_1_407' title='bbox 947 5179 976 5189; x_wconf 98' lang='lat'>-</span> <span class='ocrx_word' id='word_1_408' title='bbox 995 5152 1022 5202; x_wconf 81' lang='lat' dir='ltr'><strong>C.</strong></span> <span class='ocrx_word' id='word_1_409' title='bbox 1041 5152 1075 5201; x_wconf 74' lang='lat' dir='ltr'><strong>A:</strong></span> <span class='ocrx_word' id='word_1_410' title='bbox 1095 5153 1125 5214; x_wconf 83' lang='lat'><strong>0.</strong></span> <span class='ocrx_word' id='word_1_411' title='bbox 1144 5152 1221 5202; x_wconf 83' lang='lat' dir='ltr'><strong>PGO</strong></span> <span class='ocrx_word' id='word_1_412' title='bbox 1241 5176 1267 5186; x_wconf 97' lang='lat'><em>-</em></span> <span class='ocrx_word' id='word_1_413' title='bbox 1285 5151 1381 5201; x_wconf 71' lang='lat' dir='ltr'><strong>Modus</strong></span> <span class='ocrx_word' id='word_1_414' title='bbox 1396 5152 1456 5202; x_wconf 85' lang='lat' dir='ltr'><strong>G·</strong></span> <span class='ocrx_word' id='word_1_415' title='bbox 1475 5153 1500 5202; x_wconf 90' lang='grc'><strong>6.</strong></span> <span class='ocrx_word' id='word_1_416' title='bbox 1516 5164 1605 5214; x_wconf 81' lang='lat' dir='ltr'><strong>porse·</strong></span> 
     </span>
     <span class='ocr_line' id='line_1_41' title="bbox 281 5222 1606 5288; baseline 0.003 -17"><span class='ocrx_word' id='word_1_417' title='bbox 281 5222 644 5287; x_wconf 72' lang='lat' dir='ltr'><strong>mesomsrporsnas.</strong></span> <span class='ocrx_word' id='word_1_418' title='bbox 665 5251 690 5262; x_wconf 90' lang='lat'>-</span> <span class='ocrx_word' id='word_1_419' title='bbox 716 5225 928 5277; x_wconf 77' lang='lat' dir='ltr'><strong>7.DstissG-</strong></span> <span class='ocrx_word' id='word_1_420' title='bbox 950 5223 1439 5288; x_wconf 69' lang='lat' dir='ltr'><strong>utcumv1-9.dcsootnstv¹-</strong></span> <span class='ocrx_word' id='word_1_421' title='bbox 1464 5226 1606 5276; x_wconf 77' lang='lat' dir='ltr'><strong>to.toudis</strong></span> 
     </span>
     <span class='ocr_line' id='line_1_42' title="bbox 278 5294 1605 5365; baseline 0.002 -18"><span class='ocrx_word' id='word_1_422' title='bbox 278 5294 512 5358; x_wconf 70' lang='lat' dir='ltr'><strong>pntimsttandas</strong></span> <span class='ocrx_word' id='word_1_423' title='bbox 527 5300 554 5349; x_wconf 89' lang='lat' dir='ltr'><strong>in</strong></span> <span class='ocrx_word' id='word_1_424' title='bbox 570 5297 795 5362; x_wconf 77' lang='lat' dir='ltr'><strong>Psup.lin.m.2</strong></span> <span class='ocrx_word' id='word_1_425' title='bbox 812 5302 961 5351; x_wconf 87' lang='lat' dir='ltr'><strong>recentiore</strong></span> <span class='ocrx_word' id='word_1_426' title='bbox 977 5300 1098 5365; x_wconf 88' lang='lat' dir='ltr'><strong>suppleta</strong></span> <span class='ocrx_word' id='word_1_427' title='bbox 1115 5303 1185 5352; x_wconf 87' lang='lat' dir='ltr'><strong>sunt.</strong></span> <span class='ocrx_word' id='word_1_428' title='bbox 1200 5326 1227 5336; x_wconf 94' lang='lat'><em>-</em></span> <span class='ocrx_word' id='word_1_429' title='bbox 1246 5299 1286 5351; x_wconf 75' lang='lat'><strong>⁴3.</strong></span> <span class='ocrx_word' id='word_1_430' title='bbox 1298 5299 1423 5364; x_wconf 74' lang='lat' dir='ltr'><strong>optulisset</strong></span> <span class='ocrx_word' id='word_1_431' title='bbox 1440 5303 1499 5351; x_wconf 83' lang='lat' dir='ltr'><strong>P·-</strong></span> <span class='ocrx_word' id='word_1_432' title='bbox 1518 5299 1605 5351; x_wconf 59' lang='lat' dir='ltr'><strong>ttici·</strong></span> 
     </span>
     <span class='ocr_line' id='line_1_43' title="bbox 280 5369 1605 5438; baseline 0.003 -17"><span class='ocrx_word' id='word_1_433' title='bbox 280 5369 370 5432; x_wconf 58' lang='grc' dir='ltr'><strong>ὠὴ</strong></span> <span class='ocrx_word' id='word_1_434' title='bbox 389 5372 744 5436; x_wconf 75' lang='lat' dir='ltr'><strong>omG-satutonrctp.</strong></span> <span class='ocrx_word' id='word_1_435' title='bbox 763 5376 827 5424; x_wconf 87' lang='lat' dir='ltr'><strong>PG:</strong></span> <span class='ocrx_word' id='word_1_436' title='bbox 851 5376 930 5438; x_wconf 82' lang='lat' dir='ltr'><strong>reip.</strong></span> <span class='ocrx_word' id='word_1_437' title='bbox 949 5375 1115 5426; x_wconf 71' lang='lat' dir='ltr'><strong>satmsmao</strong></span> <span class='ocrx_word' id='word_1_438' title='bbox 1135 5402 1163 5415; x_wconf 92' lang='lat'><strong>-·</strong></span> <span class='ocrx_word' id='word_1_439' title='bbox 1187 5377 1396 5427; x_wconf 79' lang='lat' dir='ltr'><strong>tl.otPccrr.</strong></span> <span class='ocrx_word' id='word_1_440' title='bbox 1415 5389 1539 5426; x_wconf 82' lang='lat' dir='ltr'><strong>crcs-</strong></span> <span class='ocrx_word' id='word_1_441' title='bbox 1558 5388 1605 5425; x_wconf 79' lang='lat' dir='ltr'><strong>ec-</strong></span> 
     </span>
     <span class='ocr_line' id='line_1_44' title="bbox 280 5443 1605 5502; baseline 0.008 -9"><span class='ocrx_word' id='word_1_442' title='bbox 280 5443 483 5495; x_wconf 67' lang='lat' dir='ltr'><strong>mro·</strong></span> <span class='ocrx_word' id='word_1_443' title='bbox 502 5446 542 5497; x_wconf 78' lang='grc'><strong>49.</strong></span> <span class='ocrx_word' id='word_1_444' title='bbox 562 5448 743 5498; x_wconf 76' lang='lat' dir='ltr'><strong>omntrmsboo.</strong></span> <span class='ocrx_word' id='word_1_445' title='bbox 762 5450 825 5499; x_wconf 78' lang='lat' dir='ltr'><strong>Pa:</strong></span> <span class='ocrx_word' id='word_1_446' title='bbox 852 5448 907 5499; x_wconf 80' lang='lat' dir='ltr'><strong>boo.</strong></span> <span class='ocrx_word' id='word_1_447' title='bbox 926 5449 1437 5502; x_wconf 66' lang='lat' dir='ltr'><strong>onmiomso-iss.oostatcml’¹—</strong></span> <span class='ocrx_word' id='word_1_448' title='bbox 1462 5450 1605 5502; x_wconf 66' lang='lat' dir='ltr'><strong>illlis--</strong></span> 
     </span>
     <span class='ocr_line' id='line_1_45' title="bbox 281 5519 1605 5590; baseline 0.005 -22"><span class='ocrx_word' id='word_1_449' title='bbox 281 5528 336 5569; x_wconf 75' lang='lat' dir='ltr'><strong>aar.</strong></span> <span class='ocrx_word' id='word_1_450' title='bbox 352 5519 586 5573; x_wconf 72' lang='lat' dir='ltr'><strong>mnehsts-</strong></span> <span class='ocrx_word' id='word_1_451' title='bbox 604 5522 708 5573; x_wconf 68' lang='lat' dir='ltr'><strong>biam</strong></span> <span class='ocrx_word' id='word_1_452' title='bbox 722 5525 798 5587; x_wconf 75' lang='lat' dir='ltr'><strong>pl,</strong></span> <span class='ocrx_word' id='word_1_453' title='bbox 816 5525 847 5574; x_wconf 87' lang='lat' dir='ltr'><strong>ut</strong></span> <span class='ocrx_word' id='word_1_454' title='bbox 863 5524 968 5589; x_wconf 86' lang='lat' dir='ltr'><strong>scripsit</strong></span> <span class='ocrx_word' id='word_1_455' title='bbox 984 5526 1123 5577; x_wconf 84' lang='lat' dir='ltr'><strong>Graevius:</strong></span> <span class='ocrx_word' id='word_1_456' title='bbox 1144 5527 1183 5578; x_wconf 80' lang='lat' dir='ltr'><strong>ll.</strong></span> <span class='ocrx_word' id='word_1_457' title='bbox 1198 5526 1278 5590; x_wconf 77' lang='lat' dir='ltr'><strong>pets</strong></span> <span class='ocrx_word' id='word_1_458' title='bbox 1293 5529 1328 5586; x_wconf 85' lang='lat' dir='ltr'><strong>P;</strong></span> <span class='ocrx_word' id='word_1_459' title='bbox 1345 5527 1375 5577; x_wconf 82' lang='lat' dir='ltr'><strong>li.</strong></span> <span class='ocrx_word' id='word_1_460' title='bbox 1392 5524 1436 5576; x_wconf 82' lang='lat' dir='ltr'><strong>Pb</strong></span> <span class='ocrx_word' id='word_1_461' title='bbox 1453 5523 1605 5586; x_wconf 79' lang='lat' dir='ltr'><strong>(tcumlin.</strong></span> 
     </span>
     <span class='ocr_line' id='line_1_46' title="bbox 282 5593 1605 5664; baseline 0.002 -20"><span class='ocrx_word' id='word_1_462' title='bbox 282 5593 400 5659; x_wconf 73' lang='lat' dir='ltr'><strong>mnata)</strong></span> <span class='ocrx_word' id='word_1_463' title='bbox 417 5595 451 5655; x_wconf 73' lang='grc' dir='ltr'><strong>ὓς</strong></span> <span class='ocrx_word' id='word_1_464' title='bbox 468 5607 523 5646; x_wconf 76' lang='lat' dir='ltr'><strong>rein</strong></span> <span class='ocrx_word' id='word_1_465' title='bbox 536 5594 606 5657; x_wconf 76' lang='lat' dir='ltr'><strong>publ.</strong></span> <span class='ocrx_word' id='word_1_466' title='bbox 618 5596 685 5648; x_wconf 76' lang='lat' dir='ltr'><strong>teo</strong></span> <span class='ocrx_word' id='word_1_467' title='bbox 698 5624 726 5634; x_wconf 95' lang='lat'>-</span> <span class='ocrx_word' id='word_1_468' title='bbox 743 5598 816 5649; x_wconf 76' lang='lat' dir='ltr'><strong>annet</strong></span> <span class='ocrx_word' id='word_1_469' title='bbox 831 5600 852 5649; x_wconf 88' lang='lat' dir='ltr'><strong>P</strong></span> <span class='ocrx_word' id='word_1_470' title='bbox 867 5609 936 5650; x_wconf 85' lang='lat' dir='ltr'><strong>corr.</strong></span> <span class='ocrx_word' id='word_1_471' title='bbox 949 5613 982 5650; x_wconf 85' lang='lat' dir='ltr'><strong>ex</strong></span> <span class='ocrx_word' id='word_1_472' title='bbox 998 5600 1058 5649; x_wconf 72' lang='lat' dir='ltr'><strong>sassi</strong></span> <span class='ocrx_word' id='word_1_473' title='bbox 1074 5625 1108 5636; x_wconf 90' lang='lat'>-</span> <span class='ocrx_word' id='word_1_474' title='bbox 1122 5599 1205 5650; x_wconf 66' lang='lat' dir='ltr'><strong>ibet</strong></span> <span class='ocrx_word' id='word_1_475' title='bbox 1219 5612 1274 5652; x_wconf 81' lang='lat' dir='ltr'><strong>mco</strong></span> <span class='ocrx_word' id='word_1_476' title='bbox 1291 5599 1346 5664; x_wconf 88' lang='lat' dir='ltr'><strong>(lltt.</strong></span> <span class='ocrx_word' id='word_1_477' title='bbox 1360 5598 1526 5664; x_wconf 85' lang='lat' dir='ltr'><strong>ocxpuucta)</strong></span> <span class='ocrx_word' id='word_1_478' title='bbox 1544 5600 1605 5648; x_wconf 87' lang='lat' dir='ltr'><strong>P-</strong></span> 
     </span>
     <span class='ocr_line' id='line_1_47' title="bbox 281 5670 1606 5739; baseline 0 -20"><span class='ocrx_word' id='word_1_479' title='bbox 281 5670 859 5732; x_wconf 66' lang='lat' dir='ltr'><strong>spumeo-at.scorr.erssa-</strong></span> <span class='ocrx_word' id='word_1_480' title='bbox 882 5674 1387 5739; x_wconf 78' lang='lat' dir='ltr'><strong>8⁰.stnss.dotorsnonposssml‘G:</strong></span> <span class='ocrx_word' id='word_1_481' title='bbox 1410 5683 1606 5734; x_wconf 75' lang='lat' dir='ltr'><strong>sonposssms·</strong></span> 
     </span>
     <span class='ocr_line' id='line_1_48' title="bbox 282 5741 1610 5815; baseline 0.003 -22"><span class='ocrx_word' id='word_1_482' title='bbox 282 5754 304 5793; x_wconf 80' lang='lat' dir='ltr'><strong>s.</strong></span> <span class='ocrx_word' id='word_1_483' title='bbox 322 5741 407 5794; x_wconf 83' lang='lat' dir='ltr'><strong>doloro</strong></span> <span class='ocrx_word' id='word_1_484' title='bbox 422 5742 466 5793; x_wconf 89' lang='lat' dir='ltr'><strong>a0</strong></span> <span class='ocrx_word' id='word_1_485' title='bbox 485 5769 512 5780; x_wconf 92' lang='lat'>-</span> <span class='ocrx_word' id='word_1_486' title='bbox 532 5745 574 5796; x_wconf 74' lang='lat'><strong>32.</strong></span> <span class='ocrx_word' id='word_1_487' title='bbox 590 5745 668 5796; x_wconf 59' lang='lat' dir='ltr'><strong>mem</strong></span> <span class='ocrx_word' id='word_1_488' title='bbox 684 5748 757 5796; x_wconf 71' lang='lat' dir='ltr'><strong>PGt:</strong></span> <span class='ocrx_word' id='word_1_489' title='bbox 776 5747 863 5799; x_wconf 83' lang='lat' dir='ltr'><strong>iisdem</strong></span> <span class='ocrx_word' id='word_1_490' title='bbox 879 5750 978 5800; x_wconf 75' lang='lat' dir='ltr'>G20-</span> <span class='ocrx_word' id='word_1_491' title='bbox 997 5749 1039 5801; x_wconf 81' lang='lat'><strong>33.</strong></span> <span class='ocrx_word' id='word_1_492' title='bbox 1057 5751 1129 5801; x_wconf 75' lang='lat' dir='ltr'><strong>tutos</strong></span> <span class='ocrx_word' id='word_1_493' title='bbox 1145 5744 1610 5815; x_wconf 55' lang='lat' dir='ltr'><strong>commonstrarem</strong></span> 
     </span>
     <span class='ocr_line' id='line_1_49' title="bbox 282 5816 1609 5890; baseline 0.01 -23"><span class='ocrx_word' id='word_1_494' title='bbox 282 5816 433 5880; x_wconf 63' lang='lat' dir='ltr'><strong>mam</strong></span> <span class='ocrx_word' id='word_1_495' title='bbox 455 5818 490 5870; x_wconf 91' lang='lat' dir='ltr'><strong>cl.</strong></span> <span class='ocrx_word' id='word_1_496' title='bbox 509 5818 541 5883; x_wconf 67' lang='lat'><strong>53</strong></span> <span class='ocrx_word' id='word_1_497' title='bbox 558 5818 601 5871; x_wconf 73' lang='grc'><strong>83.</strong></span> <span class='ocrx_word' id='word_1_498' title='bbox 618 5821 659 5872; x_wconf 72' lang='lat'><strong>58.</strong></span> <span class='ocrx_word' id='word_1_499' title='bbox 678 5822 709 5872; x_wconf 75' lang='lat'><strong>65</strong></span> <span class='ocrx_word' id='word_1_500' title='bbox 726 5824 778 5873; x_wconf 90' lang='lat' dir='ltr'><strong>cet.</strong></span> <span class='ocrx_word' id='word_1_501' title='bbox 796 5850 829 5861; x_wconf 89' lang='lat'><em>-</em></span> <span class='ocrx_word' id='word_1_502' title='bbox 846 5823 886 5876; x_wconf 79' lang='lat' dir='ltr'><strong>sl.</strong></span> <span class='ocrx_word' id='word_1_503' title='bbox 903 5825 929 5875; x_wconf 88' lang='lat' dir='ltr'><strong>ci</strong></span> <span class='ocrx_word' id='word_1_504' title='bbox 946 5825 1057 5890; x_wconf 87' lang='lat' dir='ltr'><strong>scripsi:</strong></span> <span class='ocrx_word' id='word_1_505' title='bbox 1074 5827 1236 5883; x_wconf 68' lang='lat' dir='ltr'><strong>vinitio:</strong></span> <span class='ocrx_word' id='word_1_506' title='bbox 1259 5819 1609 5890; x_wconf 54' lang='lat' dir='ltr'><strong>mmmmm-W)</strong></span> 
     </span>
     <span class='ocr_line' id='line_1_50' title="bbox 281 5890 1609 5966; baseline -0.002 -19"><span class='ocrx_word' id='word_1_507' title='bbox 281 5890 377 5947; x_wconf 72' lang='lat' dir='ltr'><strong>lamb.</strong></span> <span class='ocrx_word' id='word_1_508' title='bbox 397 5918 425 5932; x_wconf 91' lang='lat'>-</span> <span class='ocrx_word' id='word_1_509' title='bbox 444 5893 485 5948; x_wconf 75' lang='grc'><strong>36.</strong></span> <span class='ocrx_word' id='word_1_510' title='bbox 503 5896 708 5950; x_wconf 68' lang='lat' dir='ltr'><strong>enomere:</strong></span> <span class='ocrx_word' id='word_1_511' title='bbox 726 5898 935 5951; x_wconf 63' lang='lat' dir='ltr'><strong>armum</strong></span> <span class='ocrx_word' id='word_1_512' title='bbox 951 5898 1096 5952; x_wconf 76' lang='lat' dir='ltr'><strong>Lambinus</strong></span> <span class='ocrx_word' id='word_1_513' title='bbox 1113 5899 1155 5964; x_wconf 82' lang='lat' dir='ltr'><strong>(ct.</strong></span> <span class='ocrx_word' id='word_1_514' title='bbox 1167 5897 1295 5953; x_wconf 80' lang='lat' dir='ltr'><strong>wosenb.</strong></span> <span class='ocrx_word' id='word_1_515' title='bbox 1307 5912 1335 5966; x_wconf 90' lang='lat' dir='ltr'><strong>p.</strong></span> <span class='ocrx_word' id='word_1_516' title='bbox 1347 5897 1401 5962; x_wconf 74' lang='lat' dir='ltr'><strong>33l3</strong></span> <span class='ocrx_word' id='word_1_517' title='bbox 1422 5895 1558 5950; x_wconf 66' lang='lat' dir='ltr'><strong>um</strong></span> <span class='ocrx_word' id='word_1_518' title='bbox 1572 5895 1609 5945; x_wconf 85' lang='lat' dir='ltr'><strong>lta</strong></span> 
     </span>
    </p>
   </div>
   <div class='ocr_carea' id='block_1_4' title="bbox 0 0 1904 7350">
    <p class='ocr_par' dir='ltr' id='par_1_4' title="bbox 0 0 1904 7350">
     <span class='ocr_line' id='line_1_51' title="bbox 0 0 1904 7350; baseline 0 0"><span class='ocrx_word' id='word_1_519' title='bbox 0 0 1904 7350; x_wconf 95' lang='lat' dir='ltr'><strong> </strong></span> 
     </span>
    </p>
   </div>
  </div>
 </body>
</html>
