3800 7350
660 1229 851 1297 nunaunt
870 1226 925 1293 ET
947 1226 1216 1295 conmanunt.
1517 1217 1594 1287 itti

350 1400 366 1463 5
383 1399 415 1449 88
432 1411 458 1463 p.
477 1398 534 1460 887,
551 1399 583 1450 88
599 1396 704 1462 mutam]
720 1395 863 1447 mutilatam
880 1394 922 1447 ed.
941 1396 1043 1447 Iuntina
1061 1399 1088 1448 44
1105 1396 1273 1448 8484444444
1289 1396 1418 1447 Mnemon.
1436 1395 1483 1455 444,
1501 1405 1527 1457 p.
1540 1390 1599 1443 884.

348 1493 413 1556 588
431 1504 457 1555 p.
475 1493 532 1553 878,
550 1491 574 1544 4.
599 1488 732 1542 vocabulo
749 1492 848 1555 praeda
869 1494 899 1542 nt
917 1494 1010 1556 aperte
1032 1486 1157 1558 corrupto
1173 1492 1278 1557 signum
1294 1490 1383 1543 crucis
1399 1484 1599 1555 praeligendum

285 1577 354 1636 4444;
374 1574 433 1625 4444.
449 1576 635 1638 praedicatione
650 1574 703 1638 (44.)

348 1682 375 1734 p.
392 1669 449 1730 878,
468 1667 499 1719 44
516 1668 574 1719 4444.
591 1670 618 1719 48
633 1675 656 1719 44
668 1682 752 1733 posse.
769 1669 979 1720 architectum
994 1670 1137 1733 4444444444
1152 1674 1176 1720 44
1190 1674 1335 1732 4444444444
1350 1664 1461 1716 aetolum
1477 1664 1529 1716 444.
1548 1660 1598 1725 (44.)

349 1753 365 1816 5
383 1752 413 1802 87
431 1766 457 1817 p.
475 1752 533 1814 878,
551 1753 583 1803 88
600 1766 669 1803 corr.
687 1754 835 1816 8444444444
849 1754 1010 1817 compulerit,
1028 1758 1057 1804 ut
1073 1754 1185 1819 apparet
1200 1766 1232 1803 ex
1249 1750 1310 1801 adn.
1329 1750 1387 1800 crit.

349 1835 364 1899 5
381 1836 413 1886 88
430 1850 456 1900 p.
474 1836 531 1898 888,
549 1838 581 1888 47
598 1838 624 1887 44
641 1835 753 1888 lectione
771 1839 879 1889 Parisiui
896 1843 1012 1888 ororetur
1028 1836 1091 1888 latet
1106 1849 1169 1887 vera
1188 1836 1271 1887 torma
1288 1838 1415 1894 44444444)
1434 1831 1467 1883 44.
1486 1844 1513 1896 p.
1527 1829 1600 1891 4848,

283 1921 324 1971 84.
340 1946 366 1957 -
386 1919 467 1972 Paulo
484 1923 544 1984 post
559 1934 585 1971 v.
604 1922 635 1972 48
653 1933 712 1986 sqq.
732 1920 814 1971 verba
832 1923 870 1971 444
887 1921 1072 1984 distinguenda
1083 1921 1220 1971 videnlur:
1237 1920 1305 1970 Nom
1320 1918 1399 1982 444444
1414 1916 1512 1980 4448444
1527 1916 1602 1965 bum

282 2005 379 2055 nullam
400 2018 462 2066 esse,
486 2007 701 2069 444444444444444
722 2006 752 2055 84
773 2018 813 2056 444
834 2011 933 2056 4444444
954 2006 1100 2055 muntium
1115 2006 1194 2066 84444,
1217 2004 1305 2053 tatieas
1324 2001 1460 2052 iudicauit:
1482 2000 1603 2061 quoniam

284 2090 381 2151 puldem
398 2091 431 2152 (τῠ
450 2088 499 2139 448
517 2090 650 2153 quoniam)
667 2091 758 2152 scripta
770 2090 812 2139 illa
824 2090 895 2139 istius
907 2091 1054 2140 sententiam
1065 2090 1147 2139 844444
1158 2087 1302 2148 vetuimus,
1324 2091 1400 2147 atque
1413 2086 1478 2135 8444
1488 2097 1542 2135 resa
1551 2097 1603 2147 par

281 2173 344 2222 s'llud
353 2173 440 2234 4444444,
452 2174 506 2222 Piso
517 2178 540 2223 et
549 2173 669 2224 84844444
678 2174 749 2235 44844,
761 2173 962 2236 tenuataque·
973 2174 1169 2237 inteteressem
1178 2176 1311 2223 metuentes
1320 2197 1357 2208 -·
1366 2169 1478 2220 84448444
1489 2170 1540 2220 cet.
1552 2166 1601 2230 (44.)

348 2256 412 2320 578
429 2270 455 2322 p.
474 2256 531 2318 884,
550 2257 590 2307 48.
615 2256 653 2308 Ci.
672 2258 752 2308 etiam
769 2271 795 2322 p.
815 2258 888 2319 4888,
906 2256 947 2308 44.

347 2341 363 2405 5
380 2340 411 2391 88
430 2354 455 2404 p.
474 2339 535 2402 884,
554 2340 570 2391 8
588 2339 646 2391 4444.
665 2341 821 2404 amplectaris
837 2341 889 2405 (44.)

347 2423 412 2488 588
429 2436 455 2488 p.
474 2424 531 2485 888,
550 2424 590 2476 44.
610 2423 648 2475 84.
668 2426 734 2476 iius.
753 2426 836 2476 libem
854 2422 988 2476 iiitscbelii
1006 2426 1033 2475 et
1049 2421 1181 2475 weicheri
1198 2422 1246 2485 444,
1264 2437 1291 2488 p.
1310 2422 1367 2474 848.

348 2507 406 2571 588
424 2520 450 2572 p.
463 2507 521 2567 886,
531 2507 563 2559 84
576 2508 635 2559 4444.
646 2508 876 2560 444444444444444
886 2510 1004 2559 4484444444
1014 2514 1089 2571 atque
1099 2514 1211 2559 4444444444
1222 2508 1332 2558 comtum
1341 2504 1399 2558 coll.
1409 2520 1436 2571 p.
1446 2506 1504 2567 748,
1514 2506 1538 2556 8.
1549 2506 1599 2569 (44.)

348 2591 364 2655 5
382 2592 429 2642 487
446 2605 472 2657 p.
491 2592 548 2655 884,
568 2593 599 2643 48
616 2591 676 2644 4444.
695 2594 860 2644 4444444444
876 2606 938 2659 erpa
954 2594 1011 2644 deos
1025 2593 1105 2656 pletas
1120 2593 1188 2643 sisse
1202 2592 1304 2643 8444444
1319 2593 1349 2643 84
1365 2592 1466 2643 nombre
1475 2603 1604 2641 44444444

283 2680 362 2726 4444444
377 2676 492 2738 oplalosse
509 2677 559 2739 (44.)
634 2686 638 2690 ’

349 2768 364 2832 5
381 2771 428 2819 448
445 2782 471 2834 p.
490 2770 552 2831 888,
572 2771 603 2821 48
621 2769 678 2822 4444.
697 2784 774 2834 quam
789 2784 822 2823 44
837 2770 899 2822 urbe
914 2774 1009 2822 totam
1024 2770 1143 2821 sustulisti
1160 2770 1210 2834 (44.)
1224 2794 1252 2808 -
1271 2770 1312 2821 88.
1329 2782 1382 2822 444.
1399 2783 1457 2821 csso
1472 2769 1604 2820 44844444-

283 2858 336 2904 4444
351 2867 390 2903 me
406 2855 561 2905 exturbares.

348 2947 429 3012 5448
445 2962 471 3013 p.
489 2949 546 3011 888,
566 2949 596 3000 48
617 2962 677 2999 suas
698 2950 790 3012 domm]
814 2954 871 3000 tuas
887 2950 972 3000 8444444
988 2949 1077 3011 4488,
1102 2950 1129 3001 44
1147 2962 1199 3015 qua
1216 2912 1330 3000 lectione
1351 2948 1377 2998 le
1398 2961 1456 2999 suas
1478 2945 1602 2999 8444444

282 3031 401 3094 uidetur,
420 3035 449 3083 ut
466 3034 546 3083 etiem
561 3045 589 3098 p.
608 3033 670 3094 888,
688 3034 720 3084 88
737 3035 790 3084 iam
807 3034 910 3098 priores
927 3034 955 3084 lo
970 3048 1053 3085 444444
1068 3034 1151 3084 tetulit
1167 3035 1242 3084 44444
1259 3030 1479 3084 emendaverunt.
1499 3031 1548 3095 lii.)

348 3126 364 3190 5
382 3127 429 3177 447
447 3140 473 3190 p.
491 3125 555 3187 884,
573 3127 605 3177 88
622 3128 649 3177 44
666 3126 835 3178 adnotatione
852 3127 1025 3179 scribendum
1042 3129 1084 3179 est
1099 3132 1167 3178 auct.
1185 3128 1212 3177 44
1228 3140 1292 3188 uno,
1310 3139 1375 3189 quae
1390 3127 1411 3177 0
1428 3126 1485 3191 (pra
1503 3124 1542 3187 8).

348 3237 389 3273 os.
403 3229 438 3273 84
452 3229 563 3285 baram.
577 3239 648 3286 resp.
669 3221 685 3285 5
702 3219 734 3271 48
756 3235 783 3286 p.
802 3221 863 3281 888,
883 3220 923 3271 48.
947 3222 987 3271 De
1009 3221 1093 3272 torma
1112 3221 1240 3284 44484444,
1264 3222 1392 3283 quaeest
1414 3220 1441 3269 in
1457 3221 1486 3282 Ρ,
1504 3232 1530 3271 v.
1548 3220 1603 3269 ilii·

283 3302 373 3355 sabelli
392 3303 510 3368 Prolegg.
529 3304 563 3354 48
579 3304 661 3356 Pleut.
679 3315 707 3370 p.
725 3305 802 3356 XCVI
820 3308 848 3355 at
864 3305 932 3370 inps.
950 3305 977 3355 in
994 3307 1101 3368 Parerg.
1119 3305 1143 3366 1,
1161 3319 1188 3370 p.
1206 3303 1264 3355 844.

346 3398 363 3462 5
380 3395 411 3448 48
428 3410 455 3461 p.
475 3398 532 3459 884,
551 3398 577 3447 44
599 3403 698 3447 senatus
713 3401 775 3448 ante
789 3397 903 3460 pss'seipe
919 3396 1064 3449 delendum
1081 3400 1122 3449 est
1138 3401 1168 3448 ut
1184 3412 1216 3448 ex
1228 3397 1403 3461 dittograpbia
1414 3399 1511 3447 ortum.
1534 3398 1603 3448 Dixit

285 3483 426 3546 Pompeius
439 3484 569 3544 psimeps,
588 3484 605 3530 i.
624 3494 648 3531 e.
667 3483 768 3545 primus
785 3482 959 3544 senteutiam,
977 3495 1029 3533 uon
1046 3487 1074 3532 44
1090 3487 1189 3533 senatus
1203 3483 1326 3545 princeps.
1344 3481 1383 3532 Ci.
1402 3495 1428 3546 p.
1442 3482 1515 3543 4878,
1527 3481 1568 3530 88.

347 3574 412 3639 548
430 3588 456 3640 p.
476 3576 533 3635 884,
551 3574 593 3625 88.
616 3573 656 3625 48
674 3574 888 3625 emendationem
902 3575 929 3624 in
946 3575 1037 3626 adnot.
1055 3577 1217 3641 propositam
1234 3575 1360 3638 8444444444
1375 3574 1423 3637 isi,
1441 3587 1510 3641 quae
1527 3573 1602 3625 nobis

243 3701 246 3708 .
285 3659 393 3724 quidem
411 3660 558 3711 certissima
575 3658 693 3721 videtur,
712 3659 746 3710 44.
763 3671 819 3709 var.
838 3657 899 3710 lect.
918 3658 995 3724 adp.
1015 3659 1072 3721 884,
1092 3660 1132 3711 48.
1152 3659 1202 3724 (44.)

347 3755 363 3818 5
380 3754 412 3803 88
429 3767 455 3818 p.
474 3753 530 3814 888,
549 3753 564 3804 8
582 3753 641 3804 4444.
660 3754 703 3815 444
719 3765 803 3804 aenam
818 3754 962 3818 capusum,
979 3754 1233 3816 444444844844444,
1250 3754 1356 3805 amala
1370 3754 1495 3805 moesta
1511 3752 1604 3809 oblecta

281 3851 377 3901 sesuper
391 3839 417 3886 ot
433 3850 464 3887 ac
479 3839 571 3888 olrtute
583 3838 704 3902 pertrepit
720 3838 769 3901 (44.)

348 3949 389 3985 os.
403 3950 453 3997 pro
468 3937 567 3986 844444.
587 3933 604 3994 5
622 3933 653 3981 48
675 3944 702 3996 p.
720 3929 781 3992 884,
800 3931 840 3981 47.
864 3931 958 3980 Fuerat
977 3931 1018 3982 4444
1040 3944 1123 3982 aenas
1144 3931 1206 3997 444.)
1231 3933 1287 3983 «De
1305 3932 1356 3983 boc
1372 3930 1431 3983 loao
1447 3944 1463 3982 4
1480 3944 1524 3983 me
1541 3930 1603 3982 oiim

283 4027 335 4066 unu
357 4013 432 4066 verbi
454 4020 489 4064 est
511 4014 658 4065 adiectione
681 4027 712 4065 ex
736 4014 882 4065 manileetis
900 4013 1022 4065 codicum
1039 4017 1155 4080 vestigiis
1173 4016 1315 4067 emendato
1332 4029 1477 4080 numquam
1494 4017 1604 4080 posthoc

282 4099 409 4149 dubitavi.
436 4098 509 4150 Nulla
527 4099 612 4164 aptior
629 4100 679 4149 bac
696 4100 826 4150 sententia
843 4099 955 4149 inveniri
971 4102 1073 4164 potest,
1093 4114 1175 4165 prope
1187 4100 1312 4160 dixerim,
1332 4098 1400 4150 nulia
1417 4103 1478 4166 apta
1496 4105 1604 4165 praeter

281 4183 363 4234 bauo:
383 4184 499 4234 Necesse
517 4187 569 4243 444,
591 4186 734 4247 antequam
752 4182 785 4232 de
802 4184 880 4233 Seslii
897 4183 1031 4233 tribunatu
1048 4184 1135 4235 dicam
1153 4188 1186 4246 (a.
1199 4186 1251 4246 87),
1270 4197 1313 4234 me
1324 4185 1468 4248 superioris
1479 4187 1541 4235 anni
1553 4186 1604 4246 (88)

281 4265 446 4331 nauiragium
468 4268 506 4317 rei
528 4266 649 4332 publicae
671 4279 815 4331 exponere.
842 4267 937 4318 Fuerat
954 4270 1024 4330 (4444
1041 4268 1093 4318 boc
1111 4269 1284 4332 nauimginm)
1301 4267 1412 4319 tamilla
1429 4282 1514 4321 annue
1530 4271 1557 4320 in
1574 4284 1603 4321 re

281 4350 386 4416 publica
405 4352 541 4416 (perpessa
559 4352 612 4401 iam
630 4352 687 4402 4444
703 4363 747 4401 444
764 4348 871 4417 publica
887 4350 961 4401 ilium
973 4353 1093 4414 444444),
1113 4365 1166 4416 quo
1183 4355 1299 4404 intentus
1316 4355 1358 4403 est
1373 4364 1453 4403 arcus
1469 4355 1495 4403 in
1512 4367 1556 4404 me
1573 4368 1604 4405 44

281 4436 369 4500 potius
386 4436 412 4485 in
430 4437 581 4486 universam
599 4447 657 4486 rem
679 4434 829 4500 pubiicum,
853 4434 936 4486 Clodii
954 4435 988 4485 ad
1008 4433 1116 4500 piebem
1135 4435 1301 4487 traductione
1318 4437 1379 4501 (88).
1404 4438 1480 4489 44444
1497 4441 1605 4490 secutus

282 4524 324 4571 esi
340 4533 425 4571 annus
442 4519 491 4582 (88)
508 4519 619 4570 Gabinio
644 4521 671 4569 et
686 4520 781 4571 Pisone
799 4531 879 4581 cosa,
898 4532 983 4583 quum
1000 4519 1091 4570 Clodio
1109 4519 1215 4571 tribuno
1237 4522 1294 4586 ipsa
1311 4522 1404 4585 sagitta
1421 4535 1454 4572 ex
1471 4535 1535 4573 4444
1551 4523 1604 4573 iam

281 4607 342 4656 ante
364 4605 464 4655 intenta
481 4605 578 4656 4444444
601 4616 645 4653 me
670 4606 698 4655 et
718 4616 776 4654 4444
798 4602 933 4668 publicam
949 4602 1105 4654 vulneravit.
1138 4606 1177 4656 De
1197 4606 1248 4656 bac
1265 4606 1343 4670 igilur
1359 4606 1548 4672 nuuiragiaque
1566 4609 1604 4658 rei

281 4688 403 4755 publicae
422 4701 455 4739 eo
472 4701 542 4738 anno
559 4687 628 4774 iacto
645 4699 805 4753 exponam.»
821 4689 931 4738 4444444.

346 4774 363 4837 5
381 4772 412 4822 48
429 4785 455 4837 p.
474 4772 531 4832 888,
549 4771 565 4823 4
582 4771 726 4823 delendum
744 4783 848 4822 comma
866 4774 928 4836 past
940 4776 1085 4835 pctuenssst.

345 4856 406 4921 574
428 4868 455 4920 p.
473 4855 532 4917 888,
549 4855 581 4905 87
603 4856 668 4906 4844
691 4855 731 4906 ille
753 4869 834 4906 444444
856 4855 934 4907 codd.
955 4856 1014 4907 4444.
1032 4858 1119 4920 recte,
1143 4858 1227 4908 nteit
1250 4856 1322 4908 idem
1339 4858 1412 4922 quad
1430 4859 1539 4923 «vergit,
1563 4861 1604 4909 in·

396 4959 419 4990 Β.

282 4939 411 5088 chnlgufn
428 5037 456 5089 p.
475 5025 537 5086 888,
557 5026 588 5076 48
605 5036 657 5075 scr.
676 5024 747 5073 44444
763 5023 817 5073 lata
833 5024 885 5088 4444
900 5025 1052 5075 concitatam
1069 5029 1120 5076 cet.

344 5108 410 5172 578
426 5121 453 5173 p.
471 5109 533 5170 888,
550 5108 583 5160 88
600 5107 660 5159 tort.
679 5121 757 5171 quaen
772 5112 900 5170 acceptam
916 5114 1024 5160 tamea
1039 5123 1137 5175 pmsere
1150 5117 1231 5174 posset
1247 5112 1296 5175 (8.)

346 5193 362 5256 5
381 5193 428 5245 487
445 5205 472 5256 p.
491 5194 548 5255 888,
566 5194 582 5243 3
599 5193 784 5256 dbeelptlassem
799 5195 873 5243 recle
890 5196 953 5254 PG;
972 5194 1006 5244 44.
1023 5207 1050 5259 p.
1069 5195 1129 5257 888,
1148 5195 1189 5246 88.

346 5304 387 5340 os.
400 5294 430 5340 in
444 5294 591 5342 vatinium.
614 5288 631 5351 5
649 5288 659 5336 4
681 5299 707 5351 p.
727 5286 789 5348 884,
807 5289 823 5337 8
840 5291 885 5336 aut
900 5287 948 5336 lla
964 5288 1105 5351 repandum
1121 5301 1193 5339 nnnc
1210 5301 1273 5339 cum
1289 5291 1309 5339 G
1327 5289 1509 5355 praeterimus.

345 5371 361 5435 5
379 5368 411 5421 84
428 5383 455 5436 p.
474 5371 532 5432 888,
550 5370 566 5423 4
583 5370 642 5421 tort.
661 5371 822 5421 consulem
836 5372 924 5433 pateia
938 5372 1042 5433 privare
1058 5372 1174 5435 cupiebas
1191 5373 1239 5434 (8.)

347 5454 381 5504 ad
398 5455 414 5518 5
431 5454 463 5504 88
480 5468 506 5519 p.
525 5454 582 5516 888,
600 5456 633 5506 88
649 5468 702 5506 444.
721 5456 747 5506 in
765 5455 949 5506 adnotatione:
969 5468 1028 5520 erpa
1046 5457 1107 5506 Pa:
1126 5468 1171 5520 epo
1187 5457 1242 5507 80.

349 5540 366 5601 5
383 5538 414 5589 88
431 5552 457 5603 p.
476 5539 532 5599 887,
552 5540 585 5590 88
601 5552 643 5603 sq.
662 5539 760 5590 excidit
774 5553 800 5591 se
816 5538 857 5591 vei
874 5543 935 5604 post
952 5539 1044 5590 8444444
1060 5536 1101 5589 vel
1117 5543 1179 5605 post
1194 5541 1277 5591 tulisse
1294 5541 1341 5604 (8.)

348 5651 389 5687 os.
402 5653 453 5699 pso
468 5639 569 5688 casnm
591 5634 607 5697 5
624 5635 640 5684 8
656 5646 684 5698 p.
698 5634 770 5695 4888,
786 5635 796 5683 4
817 5633 876 5684 4444.
891 5636 1018 5696 praeseuts'
1035 5634 1222 5694 Tusculaei;
1240 5635 1345 5686 videtur
1359 5635 1430 5687 anim
1448 5637 1474 5687 iu
1492 5635 1603 5688 lectione

284 5718 392 5769 Parisini
400 5720 556 5781 praumato·
568 5716 669 5782 syllaba
675 5731 742 5781 prae
752 5718 927 5782 dittograpbia
940 5730 972 5768 es
981 5719 1108 5781 praesenti
1118 5720 1230 5785 repetita
1240 5732 1309 5781 esse,
1320 5723 1400 5784 atque
1412 5721 1528 5786 epitheta
1538 5722 1571 5784 (v.
1579 5722 1602 5784 8)

284 5807 336 5853 tam
352 5803 449 5854 illssstre
463 5816 495 5854 ac
511 5808 564 5853 tam
573 5814 653 5868 pram
669 5803 695 5853 in
705 5801 758 5853 boc
769 5803 940 5868 municipium
953 5803 1059 5866 egregie
1072 5802 1212 5867 quadrant,
1226 5803 1258 5854 cl.
1272 5817 1299 5872 p.
1309 5803 1367 5870 474,
1380 5804 1421 5857 88.
1431 5805 1505 5865 4488,
1518 5806 1542 5856 4.
1554 5807 1602 5872 (Β.)

348 5885 413 5951 587
430 5900 456 5952 p.
475 5887 548 5950 4888,
567 5889 583 5937 8
600 5886 659 5937 4444.
672 5887 761 5938 usserit
778 5887 825 5949 (8.)
