3800 7350
314 1164 399 1240 0093
734 1170 887 1238 ouran
909 1170 988 1240 ΡΙΟ
1009 1173 1052 1237 hl.
1074 1171 1221 1238 carue

313 1340 477 1410 litnernnt:
499 1347 596 1409 testes
618 1340 779 1423 egregios!
802 1340 876 1406 dein
896 1350 1015 1405 temam
1037 1340 1268 1425 prosiluerunt:
1290 1340 1437 1406 honines
1457 1350 1640 1427 temperan-

313 1437 378 1502 tesi
401 1437 452 1500 Sic
474 1436 560 1500 enirn
580 1434 720 1517 fiuant,
742 1455 814 1499 cum
835 1435 977 1500 Licinius
997 1436 1151 1509 venisset,
1174 1436 1324 1520 pyxidem
1346 1435 1514 1499 teneretis
1530 1454 1637 1509 manu,

312 1537 478 1597 conaretur
497 1527 640 1604 erdere,
662 1528 802 1594 nondum
824 1529 1022 1603 tradidisset,
1043 1536 1109 1593 tum
1131 1536 1263 1612 repente
1280 1529 1423 1594 evolasse
1444 1528 1524 1593 istos
1546 1548 1638 1611 prac-

312 1626 419 1690 claroe
435 1631 534 1692 testes
554 1623 624 1689 eine
645 1625 792 1690 nomine:
814 1624 968 1688 Licinium
990 1631 1110 1699 autem,
1133 1645 1203 1689 cum
1225 1626 1288 1689 iam
1309 1624 1492 1688 manumad
1510 1623 1639 1688 uaden-

288 1722 383 1784 edam
405 1717 554 1804 pyxidem
570 1717 774 1800 porrexisset,
788 1719 958 1779 retraxisse
971 1724 1068 1801 atque
1083 1717 1138 1782 illo
1153 1718 1322 1801 repentino
1335 1716 1499 1782 hominum
1514 1719 1638 1802 impetu

310 1835 346 1878 se
374 1814 407 1880 in
435 1811 543 1895 fugam
573 1811 756 1876 coniecisse.
795 1810 958 1892 Ornagna
979 1810 1028 1874 vis
1050 1811 1208 1886 veritatis,
1238 1831 1321 1895 quae
1342 1819 1450 1874 contra
1470 1811 1636 1875 hominnm

309 1907 452 1992 ingenia,
475 1904 695 1979 calliditatem,
722 1904 895 1970 sollertiam
916 1910 1092 1986 contraque
1113 1901 1201 1969 fictas
1223 1905 1364 1969 omniun
1386 1905 1520 1969 insidias
1540 1904 1635 1969 terite

310 2023 345 2068 se
365 2020 424 2084 per
444 2020 479 2064 se
499 1999 570 2082 ipsa
592 1996 758 2064 defendat!
802 1997 931 2063 xxvu.
953 1993 1005 2060 oe.
1030 1997 1123 2061 Velut
1142 1998 1222 2063 haer
1243 2007 1311 2062 tota
1329 1997 1446 2064 iahslle
1465 1998 1581 2063 veteris
1602 2005 1638 2062 et

308 2095 517 2180 plurimarum
533 2091 712 2157 fehularum
734 2091 877 2175 poetriae
898 2110 995 2173 quam
1017 2097 1066 2154 est
1087 2092 1155 2154 sine
1173 2092 1376 2175 argumento-i
1398 2113 1494 2176 qnam
1510 2092 1634 2158 ullam

272 2190 451 2256 reinvenire
465 2185 583 2253 exitam
598 2184 719 2269 potenti
743 2184 826 2261 Quid
842 2184 950 2254 eninr
972 2183 1025 2249 isti
1042 2191 1089 2248 tot
1103 2185 1220 2250 viri-
1234 2205 1309 2251 nam
1321 2205 1452 2252 emere
1471 2193 1521 2250 est
1533 2184 1634 2251 fuisse

309 2304 374 2349 non
402 2300 536 2365 paucos,
563 2286 600 2344 nt
628 2286 660 2344 et
681 2278 906 2361 comprehendi
926 2277 1066 2341 Licinius
1087 2277 1181 2342 facile
1207 2286 1316 2363 posset
1336 2286 1369 2344 et
1389 2299 1441 2343 res
1463 2280 1634 2344 multorum

308 2375 409 2442 ocutis
430 2380 517 2442 esset
536 2372 681 2440 testatior
702 2403 744 2420 -
766 2392 823 2436 cur
843 2371 999 2438 Licinium
1021 2369 1061 2433 de
1076 2372 1223 2435 manibus
1237 2373 1435 2438 amiseruntt
1457 2373 1513 2457 qui
1527 2374 1633 2438 minus

308 2472 393 2536 enim
415 2467 554 2533 Licinius
568 2465 794 2550 comprehendi
817 2465 930 2550 potnit,
953 2486 1025 2529 cum
1039 2484 1073 2528 se
1091 2465 1240 2541 retraxit,
1262 2487 1304 2530 ne
1317 2465 1469 2551 pyxidem
1483 2465 1633 2540 traderet,

308 2584 403 2649 quam
423 2562 451 2626 ei
466 2558 673 2625 tradidisset?
695 2560 792 2624 Erant
807 2559 892 2624 enim
905 2558 952 2624 illi
968 2558 1076 2642 positi,
1098 2566 1135 2622 nt
1148 2560 1454 2644 comprehenderent
1467 2560 1633 2634 Licinium,

270 2667 343 2723 seut
363 2654 528 2726 maniiesto
550 2652 691 2720 Licinius
712 2659 889 2726 teneretur,
907 2659 964 2718 aut
984 2672 1055 2716 cum
1076 2654 1227 2717 retineret
1241 2674 1398 2719 venenum
1416 2663 1473 2719 aut
1485 2674 1555 2718 orm
1570 2663 1634 2717 tre·

307 2751 451 2820 didisset.
481 2748 551 2816 Hoc
571 2746 634 2812 fuit
653 2754 755 2812 totum
778 2745 944 2810 consilium
960 2744 1118 2822 mulieris,
1139 2747 1218 2811 haec
1232 2748 1366 2812 istorum
1380 2748 1555 2831 provincia,
1574 2746 1632 2832 qni

306 2844 407 2928 rogati
430 2850 521 2918 runt3
552 2859 633 2925 quea
655 2840 786 2924 quidem
805 2848 839 2904 tu
863 2859 959 2924 qnam
980 2839 1022 2903 oh
1043 2861 1109 2903 rem
1132 2847 1249 2906 temere
1271 2842 1455 2925 prosiluisse
1477 2842 1564 2906 dicas
1585 2848 1633 2904 at·

306 2943 464 3023 queunte
486 2943 627 3019 tempus,
650 2953 712 2998 non
735 2934 869 3017 reperio
890 2966 932 2982 -
953 2933 1093 2998 Fuerant
1111 2934 1173 2998 hoc
1194 2935 1313 3017 rogau’,
1341 2934 1470 3000 tuerent
1487 2933 1528 3000 nd
1548 2934 1632 2999 henr

305 3051 377 3100 rena
394 3028 558 3103 collocati,
580 3036 618 3094 ut
636 3047 812 3101 venenum,
832 3034 870 3092 nl
888 3026 1040 3102 insidiae,
1061 3027 1183 3092 facinus
1199 3029 1338 3113 denique
1360 3032 1464 3114 ipsam
1478 3037 1515 3094 nt
1530 3028 1632 3093 mi·

268 3125 391 3194 roiesto
420 3121 750 3206 comprehenderetur.
771 3153 814 3168 -
844 3118 894 3183 65.
923 3123 1140 3188 Potueruntne
1171 3124 1273 3206 magia
1301 3132 1440 3207 tempore
1472 3122 1631 3208 prosilire,

306 3240 400 3304 quern
433 3238 503 3283 cum
535 3215 677 3281 hieiniue
705 3215 860 3290 venisset,
893 3235 964 3279 cum
992 3215 1027 3277 in
1053 3235 1149 3279 manu
1176 3224 1298 3282 teneret
1319 3218 1434 3281 veneni
1456 3216 1629 3302 pyxidemt

305 3333 387 3398 qnae
409 3314 437 3379 si
457 3330 527 3375 curn
545 3310 608 3374 iarn
630 3318 698 3373 erat
718 3310 833 3374 tradita
847 3309 963 3384 serris,
985 3309 1163 3374 evasissent
1176 3310 1280 3375 subito
1295 3332 1336 3374 ex
1350 3311 1472 3375 balneis
1486 3309 1630 3374 mulieris

304 3406 397 3471 amici
420 3403 638 3486 Liciniumque
660 3401 991 3485 comprehendissent,
1020 3402 1203 3486 imploraret
1228 3402 1395 3469 hominum
1413 3403 1513 3467 tidem
1531 3410 1629 3486 atque

305 3522 380 3566 ese
402 3498 492 3566 illare-
509 3497 661 3580 {erudera
682 3495 829 3562 traditam
850 3503 1048 3579 pernegaret.
1081 3496 1185 3572 Quem
1199 3517 1264 3578 qno
1285 3498 1380 3561 modo
1395 3497 1443 3560 iiii
1456 3496 1630 3580 reprehen-
1668 3567 1675 3582 .

266 3596 441 3660 aederent?
462 3590 582 3658 vidisse
602 3611 637 3656 so
659 3590 824 3655 dicerent?
856 3591 992 3656 Primum
1014 3588 1055 3651 ad
1077 3609 1111 3652 se
1125 3599 1310 3654 revocarent
1329 3591 1457 3655 maximi
1477 3589 1629 3654 facinoris

303 3690 438 3764 crimenr
462 3684 578 3753 deinde
600 3684 634 3750 id
656 3705 691 3751 se
714 3685 830 3751 vidisse
847 3684 1005 3756 dicerent,
1027 3684 1130 3767 quod,
1153 3704 1218 3769 quo
1239 3685 1315 3750 loco·
1325 3684 1471 3750 collocati
1492 3683 1630 3759 tur-t

303 3803 367 3851 non
388 3779 575 3865 potuissene
590 3779 707 3847 videre.
740 3779 898 3863 Tempore
911 3778 1007 3860 igitur
1023 3778 1092 3860 ipso
1108 3797 1143 3841 ee
1156 3779 1379 3853 ostenderunt,
1402 3798 1474 3842 cum
1487 3777 1630 3842 Liciniae

302 3875 460 3950 reuocet,
480 3872 632 3957 pyxidem
647 3871 829 3956 expediret,
851 3890 979 3938 manum
994 3871 1182 3954 porrigeret,
1194 3871 1511 3936 venundederat
1540 3871 1630 3936 uini

303 3989 384 4053 erro
406 3975 455 4033 est
475 3966 539 4031 iarn
561 3966 685 4042 exitus„
708 3986 774 4031 non
794 3964 937 4029 tabulae:
972 3965 1006 4028 in
1028 3984 1093 4047 qno
1116 3985 1187 4030 cnm
1209 3965 1350 4030 clausula
1370 3985 1436 4030 non
1457 3966 1627 4040 invenitur,

265 4061 384 4145 angit
410 4059 533 4143 aliquis>
558 4080 575 4124 e
604 4060 767 4135 manibus,
799 4058 913 4127 deinde
941 4058 1072 4124 acahilia
1093 4068 1300 4144 concrepant,
1331 4060 1477 4124 aulaeum
1496 4058 1626 4124 tollitur.

302 4155 447 4225 xxrlel.
462 4150 514 4217 66.
530 4153 657 4230 Quaero
679 4153 781 4228 enim,
804 4173 859 4219 cur
871 4151 1029 4219 Licinium
1044 4153 1249 4228 titubantem,
1270 4153 1490 4229 haesitantem,
1510 4155 1627 4218 ceden-

263 4267 265 4270 ⁴
302 4257 384 4325 tem,
410 4247 521 4331 ingere
551 4255 716 4317 meantem
738 4246 918 4313 mulieraria
940 4266 1052 4311 manus
1074 4247 1134 4310 ista
1155 4246 1196 4311 de
1218 4247 1363 4312 manihus
1383 4249 1542 4324 amiserit,
1569 4268 1627 4312 cur

301 4361 366 4407 nou
387 4340 704 4424 comprehenderint,
725 4360 782 4405 cur
802 4359 867 4409 nnn
887 4341 989 4424 ipsius
1011 4339 1230 4417 confessione,
1251 4341 1422 4406 multomm
1445 4342 1558 4418 oculis,
1579 4342 1627 4408 ia-

366 4671 390 4720 t.
408 4669 474 4719 testis
490 4669 539 4719 PG
557 4695 584 4705 -
603 4668 660 4719 deis
675 4670 739 4720 PG:
758 4668 845 4720 deinde
860 4669 968 4732 EitJSO
987 4695 1014 4706 -
1033 4674 1196 4733 temperantes
1212 4671 1245 4720 P:
1263 4670 1386 4734 ffiwitoti
1401 4669 1495 4720 dediwr
1510 4669 1623 4720 EGSO.

300 4745 380 4796 Recte
398 4756 460 4794 cum
477 4744 560 4793 ironia
577 4749 740 4807 renpmooter
755 4744 879 4795 dicuntur
896 4745 940 4809 qui
958 4745 1045 4811 cupidi
1066 4758 1213 4809 moraeque
1230 4747 1398 4810 impatientes
1413 4748 1521 4810 tempus
1537 4746 1626 4811 prosi·

301 4817 381 4871 liendi
398 4821 554 4883 exspectare
571 4831 625 4870 non
641 4821 788 4885 potuerint,
806 4819 856 4871 sed
872 4825 973 4880 terme,
992 4822 1009 4871 i.
1028 4834 1053 4871 e.
1072 4824 1133 4873 ante
1150 4824 1257 4884 tempus
1274 4824 1310 4884 (v.
1323 4820 1338 4884 5
1350 4819 1382 4872 34
1393 4822 1421 4870 et
1436 4832 1464 4884 p.
1477 4819 1544 4870 Sest.
1557 4818 1573 4882 s
1584 4819 1624 4882 30)

300 4892 477 4959 prosiluerint.
497 4919 524 4930 -
542 4892 568 4945 4.
586 4895 735 4946 eumdem
751 4896 783 4946 P:
802 4894 951 4947 ememor»
966 4896 1030 4955 EG;
1050 4897 1200 4948 trodendrerr
1215 4896 1302 4947 so-
1322 4896 1346 4945 0.
1364 4895 1624 4960 maneam

302 4996 329 5007 -
349 4969 373 5020 7,
391 4968 552 5020 admtioml’
570 4994 597 5007 -·
616 4970 640 5020 8.
659 4969 771 5032 euru
794 4969 1084 5032 ipsemr'eoso-
1104 4972 1223 5023 selec:
1246 4971 1370 5022 vuemo
1390 4969 1576 5033 -srrneliei’¹
1594 4995 1622 5005 -

299 5043 325 5094 0.
343 5043 776 5106 queem-querentem·
796 5044 836 5095 43.
856 5046 991 5107 QerP-
1009 5045 1341 5098 demuiluomhd-
1360 5045 1548 5096 enimc:
1565 5045 1626 5095 erni·

299 5123 383 5171 meet
399 5119 434 5179 0;
453 5117 487 5170 ct.
499 5119 525 5168 in
537 5119 612 5168 verr.
625 5118 672 5180 111,
690 5117 749 5182 333
761 5118 789 5168 et
798 5117 842 5180 1v,
854 5118 870 5183 s
881 5118 923 5181 44,
941 5119 988 5170 nbi
1003 5119 1082 5173 lectio
1098 5123 1192 5172 mess
1208 5121 1357 5186 aznmptio
1374 5119 1465 5171 relicte
1478 5133 1512 5170 ex
1523 5121 1624 5184 opome

299 5191 484 5247 {traducenda
500 5195 555 5252 est;
574 5194 601 5242 et
611 5205 637 5243 v.
649 5193 704 5243 hir.
716 5193 758 5254 30,
770 5191 811 5243 34.
830 5193 872 5256 30,
885 5193 926 5245 34.
944 5196 1029 5257 3433.
1048 5197 1122 5248 curt.
1132 5197 1179 5256 IX,
1197 5196 1238 5257 40,
1256 5195 1298 5246 26.
1318 5193 1400 5246 Plauti
1416 5193 1467 5245 sur.
1481 5193 1545 5257 glor.
1556 5194 1622 5255 lte,

299 5268 331 5320 43
348 5271 399 5320 cet
417 5294 451 5304 —
468 5266 508 5319 44.
525 5267 576 5318 illie
593 5267 637 5329 (3¹,
655 5270 685 5318 ut
701 5266 783 5318 voluit
798 5269 894 5320 hovius
911 5271 946 5330 11,
965 5284 992 5336 p.
1010 5270 1059 5323 404
1075 5270 1152 5336 proh.
1171 5271 1250 5321 ilatio
1266 5271 1301 5321 ad
1319 5271 1373 5322 Cic.
1392 5269 1426 5320 de
1443 5268 1511 5332 legg.
1524 5282 1551 5334 p.
1564 5269 1622 5320 603.

300 5343 492 5396 -saeccnz
511 5343 807 5402 ccomffieeese-
826 5344 1624 5410 sa.couescrrr-eo.mper¹:mseoeeepes;ms

298 5416 497 5489 liorr'PEGO.
516 5416 555 5468 Ci.
573 5416 659 5470 liade.
678 5417 775 5482 paee.
793 5445 821 5457 ·-
842 5419 1008 5482 procusum
1025 5445 1053 5456 -
1071 5421 1114 5473 33,
1132 5420 1302 5483 sumnum
1317 5424 1373 5470 eret
1389 5420 1425 5479 cr
1443 5419 1504 5471 tort
1521 5419 1624 5481 queen

297 5492 351 5545 iore
366 5496 422 5545 eret
437 5491 533 5543 tradite
547 5493 637 5554 aare,
654 5493 822 5546 secem
838 5497 890 5546 cet.
905 5521 932 5534 -·
949 5494 990 5547 33.
1003 5495 1131 5547 amnone
1146 5496 1219 5559 Edit:
1238 5496 1348 5546 omnim
1364 5495 1434 5546 PGS
1447 5520 1475 5531 -
1492 5491 1535 5545 34.
1552 5504 1624 5544 cerr-

296 5567 753 5632 pemmo-aeneos:
776 5570 937 5633 004400-
962 5571 1374 5632 ronow-itherium,
1396 5567 1621 5620 sedominrae.

301 5640 686 5694 -aeusummeerc-
705 5641 926 5696 donnum-
944 5643 972 5695 34
987 5645 1252 5708 ettam-³2.
1267 5643 1624 5698 imme-anemae

281 5715 493 5782 ,aliquotcodd
510 5715 645 5769 Lambini:
661 5718 757 5771 munit
769 5722 802 5778 r;
820 5720 928 5772 erm
942 5720 1005 5780 EG3
1023 5720 1057 5772 cl.
1075 5734 1156 5787 snpra
1173 5719 1250 5772 adr.
1262 5721 1305 5773 tt.
1323 5746 1351 5759 -
1369 5733 1417 5772 cre·
1431 5734 1482 5770 soe
1497 5719 1620 5784 mei·

298 5801 353 5845 oea.
364 5791 397 5851 P;
415 5788 499 5843 hahet
514 5791 586 5844 enim
602 5792 629 5843 in
646 5794 765 5845 exnema
781 5792 904 5847 column
918 5795 1016 5847 reone
1029 5809 1078 5858 rur
1092 5810 1155 5858 nee,
1173 5795 1272 5849 deinde
1287 5796 1408 5862 seqrritur
1423 5795 1531 5846 innovo
1546 5795 1626 5859 Ν

301 5889 328 5900 ·-
347 5862 1388 5938 ³a.prrssrrerrE—ccsrenroserrrcrecremeecneeccete.mo.
