3800 7350
557 1166 630 1231 cn.
652 1167 931 1232 444-44444.
960 1166 1007 1252 44
1029 1168 1182 1234 444-44.
1449 1162 1527 1229 4444

204 1336 284 1410 144,
312 1335 369 1398 4441
398 1334 493 1397 44444
519 1336 641 1399 senatui
663 1333 835 1409 commisit,
864 1355 970 1418 neque
992 1335 1117 1399 senatui
1139 1336 1251 1411 modo,
1280 1339 1336 1400 sed
1359 1338 1453 1402 etiam
1474 1357 1534 1419 pu·

201 1428 294 1492 blicis
317 1426 484 1510 praesidiis
507 1436 539 1490 44
560 1428 670 1501 44444,
693 1447 798 1511 neque
820 1427 869 1491 bis
892 1435 1023 1503 tantum,
1045 1449 1154 1491 verum
1173 1431 1266 1493 etiam
1281 1432 1351 1494 eius
1373 1430 1533 1512 potestati,

203 1522 254 1586 cui
275 1527 406 1584 senatus
427 1527 526 1584 totam
547 1540 614 1582 rem
636 1520 814 1602 publicam,
843 1541 968 1584 omnem
991 1521 1099 1584 italiae
1121 1522 1254 1603 pubem,
1288 1532 1401 1586 cuncta
1421 1522 1532 1605 populi

202 1614 336 1678 Romani
357 1631 445 1676 arma
467 1613 685 1676 commiserat:
709 1614 760 1676 cui
783 1633 956 1698 numquam
978 1634 1012 1678 se
1034 1614 1087 1677 hic
1102 1613 1242 1696 proiecto
1257 1616 1450 1690 tradidisset,
1471 1616 1532 1679 nisi

202 1726 318 1772 causae
350 1724 427 1769 suae
461 1705 652 1778 confideret,
685 1707 869 1789 praesertim
902 1708 1008 1771 omnia
1035 1707 1194 1782 audienti,
1226 1727 1340 1791 magna
1368 1709 1557 1782 4444444444

202 1799 303 1864 multa
331 1798 522 1882 suspicanti,
545 1818 611 1860 uon
633 1799 721 1861 uuila
742 1799 891 1862 credenti.
927 1802 1042 1882 Magna
1063 1801 1111 1863 vis
1132 1808 1181 1863 est
1202 1801 1428 1876 conscientiae,
1449 1800 1533 1865 iudi-

202 1912 272 1967 ces,
301 1899 334 1956 et
363 1910 476 1973 magna
503 1892 537 1954 iu
567 1900 734 1974 utramque
764 1902 900 1976 partem,
927 1900 963 1955 44
991 1912 1096 1977 neque
1116 1895 1248 1957 timeant
1269 1894 1325 1977 qui
1346 1894 1427 1958 nibil
1449 1913 1533 1957 com·

203 1985 362 2059 miserint,
395 1991 426 2048 et
454 2002 588 2066 poenam
617 2004 741 2067 semper
766 1992 839 2047 aute
869 1984 979 2049 oculos
1006 1985 1125 2048 versari
1153 1993 1264 2069 putent
1285 1988 1340 2070 qui
1360 1988 1532 2069 peccarint.

204 2075 255 2141 62.
277 2079 390 2161 Neque
417 2095 494 2139 4444
524 2076 593 2139 sine
622 2077 745 2139 ratione
768 2085 853 2140 certa
874 2096 972 2141 causa
992 2078 1118 2141 Milonis
1140 2098 1304 2161 sempera
1327 2087 1439 2144 senatu
1460 2098 1533 2162 pro-

204 2172 277 2234 bata
299 2179 356 2234 est.
392 2168 552 2231 Videbunt
574 2169 658 2230 euim
680 2168 906 2250 sapientissimi
928 2169 1073 2234 homines
1094 2171 1170 2234 44444
1191 2172 1361 2246 rationem,
1383 2191 1533 2254 praesen·
1543 2185 1570 2229 44

204 2264 282 2328 tiam
303 2263 418 2337 animi,
440 2260 636 2324 detensionis
652 2262 871 2325 constantiam.
893 2263 941 2323 Aa
958 2282 1033 2326 vero
1047 2264 1136 2326 obliti
1150 2264 1238 2338 44444,
1258 2266 1391 2340 44414444,
1413 2264 1532 2327 recenti

206 2357 263 2420 illo
292 2356 405 2420 nuntio
432 2354 520 2417 necis
543 2353 713 2417 Clodianae
742 2374 805 2416 nou
827 2355 923 2418 modo
945 2355 1146 2419 inimicorum
1167 2356 1297 2421 Milonis
1317 2377 1481 2421 sermones
1503 2365 1534 2419 44

205 2449 390 2534 opiniones,
418 2446 474 2510 sed
503 2466 568 2509 nou
598 2446 758 2510 nullorum
786 2448 881 2511 etiam
910 2450 1153 2530 imperitarunt
1197 2446 1248 2511 63.
1269 2451 1431 2533 Negabant
1460 2470 1533 2513 enm

205 2542 336 2606 1444444
359 2561 431 2604 4444
452 2539 639 2603 4441444444.
675 2540 749 2602 Sive
771 2542 854 2603 euim
877 2540 956 2603 iilud
979 2542 1086 2605 animo
1107 2542 1189 2606 irato
1207 2562 1244 2605 44
1262 2545 1381 2625 percito
1395 2542 1533 2617 lecisset,

205 2643 242 2699 ut
267 2636 418 2698 incensus
446 2634 520 2697 odio
548 2633 720 2697 trucidaret
742 2633 921 2706 inimicum,
950 2634 1182 2698 arbitrabantur
1203 2656 1276 2699 444
1297 2637 1377 2699 tanti
1401 2644 1533 2699 mortem
1543 2648 1572 2694 44

205 2729 239 2791 P.
262 2727 364 2791 clodii
387 2734 529 2810 putasse,
551 2732 587 2788 ut
608 2744 712 2807 aequo
734 2725 840 2788 animo
862 2726 964 2807 patria
986 2735 1124 2801 careret,
1145 2747 1218 2791 cum
1237 2729 1392 2812 sanguine
1413 2727 1533 2792 inimici

204 2819 368 2904 explesset
388 2819 498 2881 odium
520 2837 629 2892 suum;
652 2819 719 2880 4444
742 2818 835 2880 etiam
855 2818 943 2881 illius
957 2827 1058 2883 morte
1073 2821 1207 2902 patriam
1222 2820 1356 2885 liberare
1370 2821 1534 2895 voluisset,

204 2933 271 2978 444
294 2912 510 2977 dubitaturum
532 2911 646 2974 tortam
668 2910 772 2973 virum
793 2912 889 2994 quin,
912 2931 983 2974 cum
1005 2932 1064 2975 suo
1086 2914 1230 2996 periculo
1251 2915 1386 2978 44144444
1413 2915 1534 2998 populo

205 3007 350 3069 1444444
372 3003 543 3077 attulisset,
562 3002 690 3066 cederet
711 3021 814 3086 aequo
829 3004 935 3067 animo
957 3005 1092 3087 legibus,
1113 3027 1222 3070 secum
1243 3008 1381 3071 auferret
1401 3008 1534 3091 gloriam

206 3098 447 3181 sempiternam,
469 3096 563 3161 nobis
583 3097 663 3159 haec
684 3094 817 3158 fruenda
838 3096 1043 3180 relinqueret,
1065 3119 1147 3182 quae
1162 3100 1232 3181 ipse
1247 3108 1413 3164 servasset.
1443 3099 1572 3163 Maltino

206 3192 301 3256 etiam
325 3190 492 3256 Catilinam
521 3196 616 3272 atque
644 3187 700 3252 illa
727 3196 874 3270 portenta
896 3188 1125 3271 loquebantur:
1161 3202 1340 3276 «erumpet,
1369 3192 1537 3275 occupabit

206 3284 350 3369 aliquem
379 3284 501 3356 locum,
530 3281 650 3345 bellum
671 3282 791 3364 patriae
812 3281 934 3344 444444.»
976 3284 1110 3348 Miseros
1130 3285 1289 3348 interdum
1311 3289 1395 3349 cives
1417 3287 1536 3369 optime

208 3377 247 3442 de
269 3397 303 3441 re
325 3376 449 3461 publicu
472 3375 618 3439 meritosl
640 3375 674 3437 in
696 3373 812 3457 quibus
834 3374 979 3438 homines
1000 3396 1064 3439 nou
1085 3376 1182 3440 modo
1199 3397 1249 3440 444
1270 3378 1537 3461 praeclarissimas

207 3471 454 3544 obliviscuntur,
476 3469 532 3532 sed
556 3467 650 3531 etiam
672 3464 809 3528 44444444
830 3468 1040 3549 suspicantur.
1073 3466 1123 3532 ot.
1138 3472 1222 3553 Ergo
1236 3470 1290 3533 illa
1306 3470 1386 3533 44144
1399 3470 1537 3543 luerunt,

207 3583 291 3649 qnae
313 3572 400 3628 certe
421 3582 495 3626 4444
518 3561 718 3632 exstitissent,
741 3558 768 3620 si
783 3558 862 3622 Milo
877 3560 1057 3626 admisisset
1077 3563 1211 3645 aliquid,
1233 3561 1320 3646 quod
1343 3582 1408 3626 non
1429 3569 1575 3646 possetis

206 3657 340 3724 boueste
361 3674 501 3738 vereque
523 3652 704 3717 defendere.

289 3749 405 3814 XXIV.
429 3747 536 3824 Quidt
568 3767 650 3830 quae
678 3752 789 3828 postea
817 3756 892 3810 4444
919 3748 954 3809 44
981 3766 1054 3811 444
1084 3756 1249 3832 congesta,
1282 3769 1365 3833 quae
1392 3752 1538 3836 quemme

206 3844 302 3911 etlam
332 3841 540 3907 mediocrium
562 3839 748 3903 delictorum
771 3840 968 3903 conscientia
987 3840 1216 3922 perculissent,
1246 3849 1283 3904 ut
1310 3844 1475 3908 sustinuitl
1504 3845 1537 3908 di

205 3934 415 4001 immortalesl
445 3933 619 3998 sustinuitl
649 3932 747 3995 immo
767 3951 845 3995 vero
867 3939 903 3995 ut
924 3933 1115 4015 contempsit
1135 3952 1173 3995 ac
1193 3953 1252 4015 pro
1274 3934 1377 3999 nihilo
1398 3938 1537 4019 putavitl

205 4049 289 4113 quae
310 4046 417 4110 neque
439 4027 578 4089 maximo
600 4025 707 4089 animo
729 4043 866 4099 nocens,
888 4045 995 4109 neque
1009 4026 1173 4099 innocens,
1195 4027 1258 4089 4444
1272 4026 1463 4093 fortissimus
1479 4031 1576 4104 rir,ao

205 4122 368 4204 negligere
396 4118 562 4202 potuisset
603 4118 789 4192 Scotorum,
819 4117 1013 4200 gladiorum,
1034 4117 1196 4181 frenorum
1218 4119 1420 4204 pilorumque
1442 4121 1537 4184 etiam

206 4211 379 4279 multitudo
401 4210 596 4295 deprehendi
618 4229 715 4291 posse
736 4209 950 4285 indicabatur;
974 4210 1096 4275 nullum
1117 4211 1152 4273 in
1172 4211 1251 4274 urbe
1272 4213 1392 4287 vicum,
1413 4214 1537 4277 nullum

206 4307 409 4392 angiportum
437 4323 507 4367 4444
539 4303 701 4376 dicebant,
732 4304 766 4366 in
794 4322 858 4384 quo
886 4303 997 4365 Miloni
1025 4323 1090 4365 non
1119 4303 1274 4368 conducta
1300 4311 1386 4368 esset
1406 4304 1537 4382 domus3

206 4419 294 4467 44444
322 4399 356 4462 44
382 4396 491 4460 villam
514 4396 734 4460 Ocriculanam
757 4397 887 4459 devecta
909 4395 1034 4469 Tiberi,
1064 4395 1232 4459 demusin
1255 4397 1337 4461 41444
1359 4396 1538 4481 Capitolino

206 4492 305 4559 444444
326 4489 458 4564 referta,
480 4489 576 4571 piena
590 4489 696 4552 omnia
712 4488 930 4553 malleolorum
945 4488 986 4551 ad
1002 4487 1089 4551 urbis
1103 4489 1251 4552 incendia
1265 4496 1519 4571 comparatorum
1530 4513 1537 4553 :
1547 4507 1576 4553 44

205 4585 285 4650 14444
306 4601 373 4648 444
394 4580 499 4645 deleta
521 4581 643 4656 solum,
666 4582 722 4645 sed
737 4600 840 4664 paene
856 4580 987 4654 credita,
1009 4599 1068 4643 nec
1083 4588 1156 4644 4444
1170 4580 1339 4664 repudiata
1354 4589 1429 4645 suut
1442 4602 1538 4666 quam

206 4677 360 4762 quaesite.
404 4671 456 4737 65.
477 4672 660 4738 laudabam
682 4675 831 4758 equidem
852 4670 1071 4737 incredibilem
1094 4671 1293 4755 diligentiam
1313 4673 1370 4737 414.
1385 4675 1538 4759 Pompeii,

272 4928 298 4978 4.
316 4923 560 4978 4444444444441·
579 4950 605 4961 -
631 4924 655 4974 4.
674 4923 749 4976 444444
766 4937 820 4974 om,
839 4925 859 4975 E
879 4952 905 4962 -
931 4924 957 4976 1.
974 4924 1024 4973 cui'
1041 4923 1069 4986 (4.
1088 4936 1113 4973 e.
1132 4923 1210 4984 4444444)
1227 4922 1276 4972 ΤΕ
1295 4949 1322 4961 -·
1341 4923 1382 4973 40.
1400 4924 1467 4975 seia
1482 4937 1536 4974 om.

205 5000 334 5053 14-44,
352 4999 445 5051 ludices
460 4999 659 5049 4444444444ιί4
679 5025 705 5036 -
727 4998 767 5049 to.
787 5000 967 5062 oppintmrer'l
986 5025 1014 5035 -
1037 4997 1283 5060 “percarus
1301 4995 1537 5060 (sedsiumarg.

203 5069 1540 5139 midsommers-ra..p.r.ra:r0m.soaatcs;repoouereo-re.eee
1634 5101 1636 5104 -

205 5149 351 5201 41444411-
369 5146 464 5214 leptbus
480 5145 625 5199 delendum
642 5149 754 5198 censent
770 5148 907 5199 Ernestius
920 5150 947 5198 44
958 5146 1111 5197 Wunderus
1123 5157 1150 5209 p.
1162 5144 1284 5196 anrv
1294 5157 1354 5209 sqq.
1370 5173 1397 5183 -
1415 5147 1457 5197 444.
1469 5147 1541 5197 uobis

206 5222 816 5286 4118-444444444411-44.0444414444-
842 5222 1094 5284 quoequeutsss-
1116 5220 1540 5273 444444444444444444444444444-

206 5299 359 5351 44444444.-
374 5297 534 5360 psrtulr'sreet
550 5297 571 5347 E
586 5321 615 5331 -
634 5296 669 5345 4444
685 5297 831 5347 TESO-
850 5297 890 5347 te.
907 5309 969 5347 oero
985 5296 1011 5345 44
1028 5295 1049 5345 Ε
1065 5306 1200 5358 superscr.
1219 5296 1269 5345 est.
1288 5319 1316 5332 -
1336 5296 1489 5358 4411444444
1508 5323 1537 5335 -

209 5399 237 5411 -
257 5371 526 5435 4444444444-
549 5370 693 5434 aminneis
712 5368 1096 5434 rrmoreoipttoraeiaoueill:
1120 5368 1539 5434 pbdtmpttorumtreeones

207 5442 1369 5512 s39uuonm,1†pmmm,12pwmpumquo;quaemupm,
1393 5445 1537 5507 um,

206 5530 341 5583 sparum
353 5519 513 5583 plumeae
526 5528 596 5567 44444
608 5529 623 5567 4
635 5515 714 5568 codd.
728 5517 845 5575 oroun.;
863 5517 1008 5582 purtem
1017 5519 1186 5579 dispersorem
1196 5517 1357 5580 4444444444
1366 5519 1538 5579 Garatontus;

206 5593 363 5660 4144444444,
380 5591 763 5657 4444444444444444444444444
778 5589 901 5642 Klotzius.
921 5617 948 5628 -
968 5591 1009 5642 32.
1027 5588 1146 5657 44444444
1162 5591 1191 5653 Τ,
1208 5589 1298 5655 defendi
1314 5593 1374 5643 E-
1393 5592 1435 5644 33.
1452 5593 1540 5643 44444444

206 5668 516 5728 mediolanensem,
534 5665 935 5725 matbematicorum&
952 5666 1404 5718 Miloeieonessstcoeductoso-
1423 5665 1540 5719 34444444

207 5739 448 5795 4444444441·-
474 5738 1122 5806 4444444-41444444--444444444441444444-
1148 5738 1540 5804 beromi-querulum

208 5813 922 5881 ’1-44..444.441.Τ,444444444.-44444444414.
