3800 7350
630 1219 703 1287 Car.
725 1221 1012 1287 xxvr-xxvn.
1042 1219 1088 1307 §S
1110 1220 1259 1286 57-62.
1524 1222 1607 1291 1068

281 1390 344 1457 boc
365 1392 510 1456 meritum
527 1392 606 1456 huic
627 1402 670 1467 et,
701 1401 735 1456 ut
763 1414 781 1456 a
809 1393 966 1477 principio
996 1394 1078 1468 diri,
1109 1392 1224 1457 iustam
1255 1399 1287 1456 ct
1315 1392 1454 1458 debitam
1476 1397 1607 1478 gratiam

281 1483 385 1549 relero
412 1506 588 1569 speroque,
621 1486 755 1561 iudices,
789 1496 823 1551 ut
850 1508 922 1561 cos,
956 1489 1010 1570 qui
1041 1489 1199 1571 principes
1222 1488 1350 1550 suerunt
1372 1488 1607 1554 conservandae

282 1577 393 1643 'salutis
414 1586 469 1644 aut
490 1579 649 1663 dignitatis
672 1601 776 1655 meae,
805 1581 936 1663 diligitis
960 1591 991 1644 ct
1012 1602 1101 1645 caros
1123 1580 1263 1656 habetis,
1294 1583 1356 1656 sic,
1381 1602 1463 1666 quae
1484 1583 1523 1646 ab
1545 1582 1608 1647 boc

281 1690 340 1755 pro
359 1670 508 1737 facultate
529 1674 639 1748 huius,
662 1696 719 1757 pro
741 1675 913 1762 locogiacta
935 1684 1025 1749 sunt,
1049 1683 1080 1738 et
1101 1683 1188 1759 grata
1210 1695 1281 1737 csse
1302 1677 1393 1739 vobis
1415 1684 1446 1740 ct
1467 1677 1607 1759 probata.

281 1767 351 1830 Non
378 1766 475 1850 igitur
503 1769 627 1842 asnis,
656 1790 737 1852 quos
765 1768 871 1832 nullos
893 1769 1005 1842 babet,
1036 1771 1092 1832 sed
1115 1789 1132 1831 a
1155 1789 1302 1845 suorum,
1331 1771 1386 1854 qui
1410 1770 1554 1834 etmulti
1577 1778 1631 1839 ets

281 1867 427 1943 potentes
441 1871 525 1936 sunt,
547 1872 699 1945 urguetur
713 1864 866 1926 inimicis:
890 1882 971 1945 quos
987 1864 1116 1945 quidem
1135 1863 1284 1926 hesterno
1299 1863 1352 1927 die
1368 1865 1424 1927 Cn.
1440 1866 1608 1950 Pompeius

282 1954 410 2038 copiosa
431 1957 570 2019 oratione
593 1965 624 2020 ct
645 1958 731 2040 gravi
754 1977 875 2031 secum,
902 1959 928 2020 si
950 1957 1085 2032 vellent,
1108 1957 1297 2020 contendere
1320 1958 1462 2032 iubebat,
1485 1957 1524 2021 ab
1545 1956 1607 2020 hoc

281 2047 394 2132 impari
416 2053 586 2114 certamine
608 2059 704 2135 atque
726 2052 844 2114 iniusta
861 2051 1065 2114 contentione
1080 2053 1241 2114 avocabat.
1275 2050 1609 2117 nuisement

281 2163 384 2229 aequa
405 2146 458 2208 lex
480 2153 513 2209 et
533 2146 642 2218 nobis,
665 2145 801 2218 iudices,
824 2152 918 2227 atque
942 2147 1105 2219 omnibus,
1129 2146 1183 2228 qui
1206 2146 1322 2209 nostris
1343 2145 1608 2211 familiaritatibus

280 2238 497 2322 implicantur,
526 2240 731 2303 vehementer
751 2239 853 2312 utilis,
883 2246 917 2301 ut
938 2248 1063 2302 nostras
1086 2239 1267 2303 inimicitias
1290 2240 1349 2324 ipsi
1372 2243 1532 2305 internos
1554 2262 1646 2324 geio

282 2354 403 2408 ramus,
425 2332 534 2397 amicis
556 2342 736 2397 nostrorum
759 2333 957 2396 inimicorum
979 2340 1199 2416 temperemus.
1234 2335 1278 2397 Ac
1301 2334 1327 2397 si
1351 2354 1421 2397 mea
1437 2336 1609 2399 auctoritas

281 2427 358 2492 satis
386 2425 469 2510 apud
498 2427 571 2489 illos
596 2428 629 2489 in
650 2428 710 2490 hac
731 2448 765 2490 re
789 2427 937 2510 ponderis
960 2426 1105 2500 baberet,
1133 2447 1204 2490 cum
1226 2448 1277 2489 me
1299 2428 1482 2512 praesertim
1503 2447 1608 2491 rerum

282 2521 431 2585 eructate
453 2529 548 2604 atquc
569 2542 629 2583 usu
652 2522 723 2605 ipso
744 2523 805 2584 iam
829 2520 1014 2603 perdoctum
1036 2521 1197 2595 viderent,
1220 2521 1315 2584 etiam
1337 2522 1376 2584 ab
1396 2522 1458 2585 illis
1474 2542 1530 2585 eos
1545 2541 1609 2586 ma·

280 2616 400 2679 loribus
422 2614 589 2679 discordiis
611 2636 785 2680 evocarem.
826 2617 951 2678 Etenim
974 2614 1164 2678 contendere
1186 2615 1225 2679 de
1248 2600 1282 2677 re
1310 2615 1454 2699 publica,
1481 2638 1553 2681 cum
1575 2618 1608 2681 id

281 2710 450 2783 delendas,
472 2711 559 2794 quod
582 2730 651 2775 esse
673 2711 826 2794 optimum
848 2710 981 2783 sentias,
1005 2718 1037 2772 et
1056 2708 1185 2772 fortium
1208 2710 1346 2772 virorum
1370 2718 1402 2773 et
1423 2732 1646 2796 magnorumrs

279 2804 446 2869 bominum
476 2822 601 2886 semper
628 2805 754 2887 putavi,
783 2823 889 2887 neque
917 2804 991 2867 huic
1012 2822 1163 2886 umquam
1186 2804 1305 2878 labori,
1334 2802 1456 2880 officio,
1485 2808 1609 2869 muneri

279 2897 377 2963 defui.
415 2898 478 2963 sod
501 2900 662 2962 contentio
687 2898 827 2962 tamdiu
850 2898 978 2982 sapiens
1001 2904 1065 2972 est,
1087 2918 1181 2980 quam
1205 2897 1261 2960 diu
1281 2895 1474 2981 autprolicit
1488 2899 1608 2984 aliquid

279 3003 348 3069 aut,
379 2996 407 3058 si
435 3013 500 3056 non
530 2992 671 3075 prolicit,
702 3014 766 3055 non
789 2992 878 3056 obest
900 2991 1030 3055 civitati.
1076 2986 1127 3052 6-1.
1150 2992 1318 3055 Voluimus
1341 2993 1512 3076 quaedam,
1535 3014 1610 3057 con·

279 3087 454 3159 tendimus,
483 3088 604 3170 experti
628 3107 753 3150 sumus:
782 3087 911 3149 obtenta
933 3106 997 3150 non
1020 3094 1102 3148 sunt.
1145 3084 1294 3148 Dolorem
1317 3086 1386 3160 alii,
1408 3107 1467 3151 nos
1489 3088 1609 3152 luctum

280 3201 521 3264 maeroremque
544 3182 752 3264 suscepimus.
788 3183 850 3244 Cur
871 3201 925 3255 ea,
948 3200 1031 3264 quae
1053 3186 1173 3242 mutare
1195 3199 1261 3242 non
1282 3199 1462 3263 possumus,
1484 3182 1647 3250 courel-te

280 3276 345 3339 lere
367 3273 525 3338 malumus
540 3295 634 3358 quam
657 3277 761 3337 tucri?
786 3277 818 3338 C.
836 3277 1002 3337 Caesarem
1022 3280 1151 3336 senatus
1166 3282 1197 3336 et
1211 3294 1327 3357 genere
1342 3275 1609 3358 supplicationum

280 3369 473 3453 amplissimo
505 3368 630 3431 ornavit
658 3377 689 3430 et
717 3390 849 3432 numero
879 3367 1001 3430 dicrum
1029 3388 1123 3431 novo.
1159 3366 1247 3430 Idem
1268 3368 1302 3430 in
1323 3370 1476 3452 angustiis
1498 3370 1610 3432 aerarii

280 3464 431 3527 rictorem
454 3463 628 3527 exercitum
652 3463 809 3546 stipendio
831 3463 949 3536 affecit,
981 3462 1165 3546 imperatori
1188 3461 1297 3524 decem
1320 3462 1440 3545 legatos
1462 3462 1609 3536 decrerit,

279 3557 350 3640 lege
373 3558 560 3640 Sempronia
582 3558 815 3621 succedendum
838 3578 904 3620 non
926 3557 1059 3619 censuit.
1102 3557 1222 3619 flamm
1250 3576 1308 3640 ego
1330 3556 1556 3620 sententiarum
1578 3562 1610 3619 et

280 3651 427 3736 princeps
450 3658 481 3714 et
504 3658 612 3716 auctor
632 3653 696 3728 lui,
724 3673 829 3736 neque
851 3671 901 3714 me
923 3650 1115 3715 dissensioni
1137 3670 1226 3716 meae
1247 3652 1400 3737 pristinae
1421 3650 1530 3736 putavi
1551 3667 1647 3736 pest

280 3747 342 3810 tius
365 3747 511 3810 assentiri
538 3767 633 3830 quam
663 3747 883 3831 praesentibus
905 3746 952 3809 rei
983 3745 1128 3829 publicae
1151 3747 1347 3830 temporibus
1370 3755 1401 3811 et
1422 3745 1609 3810 concordiae

280 3840 459 3904 convenire.
493 3842 563 3904 Non
586 3842 669 3904 idem
691 3841 760 3905 aliis
782 3842 923 3916 ridetur3
952 3847 1025 3904 sunt
1046 3840 1181 3904 fortasse
1211 3841 1245 3903 in
1267 3842 1424 3905 sententia
1445 3838 1608 3906 firmiores.

279 3933 490 4016 deprehendo
518 3938 691 4009 neminem,
722 3936 777 3998 scd
806 3935 964 3998 assentior
992 3954 1057 3998 non
1087 3934 1248 4009 omnibus,
1279 3954 1384 4019 neque
1406 3955 1476 3998 esse
1497 3935 1609 3998 incon·

280 4029 392 4092 stantis
412 4038 490 4110 puto
513 4030 700 4093 sententiam
723 4036 883 4112 tamquam
906 4029 1037 4112 aliquod
1061 4030 1223 4112 navigium
1245 4035 1341 4112 atque
1359 4047 1486 4091 cursum
1501 4047 1540 4090 ex
1562 4029 1608 4091 rei

281 4121 426 4206 publicae
449 4130 636 4206 tempestate
659 4122 823 4186 moderari.
867 4120 918 4184 6⁶2.
942 4122 1004 4185 Sed
1028 4123 1055 4184 si
1080 4125 1240 4205 quisunt,
1264 4122 1380 4204 quibus
1395 4118 1553 4184 inlinitum
1568 4121 1645 4187 sitta

281 4212 405 4290 odium,
427 4215 460 4278 in
483 4237 563 4299 quos
586 4216 684 4279 semel
707 4222 889 4299 susceptum
912 4223 977 4288 est,
1001 4235 1080 4299 quos
1103 4214 1196 4278 video
1219 4235 1288 4278 esse
1311 4235 1375 4278 non
1398 4213 1513 4290 nullos,
1536 4236 1607 4279 cum

282 4308 415 4372 ducibus
436 4311 528 4394 ipsis,
550 4332 614 4374 non
636 4333 708 4374 cum
724 4313 874 4375 comitatu
889 4309 1197 4393 assectatoribusque
1212 4306 1390 4392 conlligaut.
1418 4308 1507 4372 lllam
1522 4309 1607 4373 enim

281 4401 416 4466 tortasse
437 4405 640 4487 pertinaciam
662 4425 727 4468 non
749 4404 845 4478 nulli,
867 4404 1016 4467 virtutem
1031 4403 1084 4466 alii
1108 4403 1280 4485 putabuntz
1302 4403 1384 4466 banc
1399 4424 1474 4468 vero
1489 4403 1608 4487 iniqui·

281 4503 378 4562 tatem
399 4518 508 4562 omnes
530 4519 601 4562 cum
623 4499 730 4582 aliqua
752 4498 938 4561 crudelitate
961 4497 1171 4560 coniunctam.
1205 4498 1267 4560 Sed
1290 4497 1317 4561 si
1332 4504 1489 4561 certorum
1507 4498 1608 4562 bomi-

281 4606 359 4658 num
380 4599 500 4657 mentes
523 4594 611 4657 nulla
632 4593 771 4667 ratione,
801 4591 937 4666 iudices,
967 4591 1093 4673 placare
1123 4611 1305 4674 possumus,
1336 4598 1457 4656 vestros
1480 4591 1643 4677 quidemst

346 4874 670 4936 l.etuta]etutetP;
692 4872 928 4932 utett1';ctE-
948 4867 1099 4920 dicitP¹-
1120 4868 1607 4932 3.diligentitP-sicquae]eiqise

281 4948 309 5000 Ι)ι
328 4976 355 4986 -
375 4949 400 5000 1.
414 4964 464 5013 pro
481 4962 535 4998 om.
556 4947 605 4998 GE
625 4975 652 4984 —
670 4948 751 5013 buius]
769 4949 820 4998 aas
838 4949 871 5003 L;
890 4944 1035 4997 delendum
1053 4945 1156 4995 censuit
1172 4944 1334 4994 Garatonius.
1349 4969 1376 4979 -
1396 4946 1421 4995 t.
1439 4945 1557 4995 nutth
1577 4973 1602 4983 -

280 5024 305 5074 6.
323 5027 445 5088 urguetur
461 5026 504 5073 P¹:
522 5029 626 5088 urgetur
643 5021 750 5074 e²nE0
765 5051 791 5061 -
810 5024 914 5085 quidam
932 5024 990 5072 P-
1013 5021 1146 5073 ..desterno
1163 5021 1183 5068 G
1198 5047 1224 5054 -
1239 5019 1340 5081 pompei
1356 5018 1456 5068 0113-
1476 5019 1500 5068 7.
1518 5021 1607 5084 prauis

281 5095 308 5149 P¹
319 5124 347 5133 -
366 5098 390 5148 8.
410 5098 503 5161 impari
515 5098 574 5148 GE:
593 5099 681 5160 imperi
699 5100 739 5157 P¹;
758 5099 872 5161 imperito
889 5096 918 5149 1³¹²
931 5125 958 5133 -
978 5096 1084 5146 uocabat
1102 5098 1159 5145 P-
1179 5095 1203 5143 9.
1221 5094 1327 5143 uobisC
1348 5120 1374 5130 -
1394 5094 1434 5144 10.
1454 5094 1607 5157 inplicantur

280 5175 338 5223 P-
360 5172 399 5223 tn.
417 5174 475 5223 usui
491 5175 549 5223 GtE
568 5199 594 5207 -
613 5173 661 5234 ipsi
678 5172 708 5221 Er
769 5173 807 5223 it.
826 5174 915 5223 etenim
930 5173 1075 5221 contendere
1091 5173 1121 5220 de
1136 5184 1201 5232 rep„
1218 5183 1276 5218 curn
1292 5167 1481 5220 sanbramins:
1499 5169 1526 5218 id
1542 5171 1607 5220 enen

279 5242 426 5299 contenderi
445 5250 475 5298 de
490 5260 519 5297 re
536 5248 571 5295 .P.
583 5259 640 5295 cunr
656 5247 683 5295 id
694 5248 728 5302 C;
747 5249 785 5296 tta
802 5249 867 5297 eninr
882 5248 1027 5297 contendere
1043 5247 1073 5295 ac
1089 5245 1245 5308 republica,
1263 5248 1291 5292 ut
1307 5244 1333 5292 id
1347 5243 1376 5292 0.
1395 5243 1434 5293 Cl.
1448 5243 1605 5308 Madvigium

280 5336 306 5387 p.
326 5323 341 5374 8
359 5337 400 5387 sq.
422 5351 447 5358 -·
469 5324 508 5372 16.
523 5322 613 5383 potaui
630 5323 658 5371 P¹
676 5349 701 5358 -
722 5322 761 5370 tl.
779 5323 845 5383 delui
861 5327 896 5372 set
913 5324 931 5372 P
949 5335 1017 5371 corr.
1038 5336 1071 5371 ex
1087 5321 1201 5383 &fuisset
1219 5347 1247 5356 -
1265 5318 1366 5369 camdiu
1381 5317 1410 5367 P¹
1429 5345 1454 5354 —
1477 5322 1608 5384 proficitur

282 5399 310 5449 P¹
326 5397 385 5461 (bis)
405 5423 431 5434 -
451 5397 490 5447 18,
510 5399 624 5446 uolumus
641 5398 689 5446 GE
704 5425 730 5432 -
751 5398 791 5447 19.
809 5403 909 5460 optenta
926 5401 944 5446 P
959 5425 985 5432 —
1005 5397 1059 5458 alii]
1076 5397 1122 5445 etit
1133 5399 1168 5452 G;
1186 5401 1231 5444 aut
1249 5395 1308 5444 Ε-
1328 5394 1369 5443 20.
1381 5407 1552 5458 mnornnque
1567 5398 1605 5454 Ρη

280 5486 461 5536 mnnorunque
477 5471 504 5523 P*
523 5499 549 5508 -
574 5474 616 5524 91.
633 5474 808 5536 supplicatirun
824 5470 852 5523 P¹
873 5501 899 5508 -
922 5476 963 5521 91.
982 5472 1133 5534 amplissimo
1151 5484 1204 5520 om.
1224 5471 1272 5520 GE
1291 5496 1318 5504 -
1345 5472 1446 5521 ornauit
1466 5483 1518 5520 om.
1537 5473 1558 5520 G
1577 5498 1604 5507 —

280 5563 344 5598 nouo
361 5551 389 5598 P.
407 5550 553 5599 llanutius:
572 5563 660 5600 nouem
677 5551 709 5608 P;
734 5562 788 5598 run
805 5551 833 5596 G.
861 5547 963 5597 llalmio
979 5560 1067 5596 nouem
1084 5545 1216 5609 glossema
1233 5545 1351 5603 videtum
1373 5546 1406 5597 cl.
1425 5560 1451 5610 p.
1472 5545 1544 5605 1081,
1563 5545 1604 5595 18.

284 5651 310 5660 —-
331 5623 418 5673 aerari
435 5625 453 5672 P
473 5650 500 5657 -·
524 5625 566 5674 23.
584 5625 674 5686 adsuit
690 5625 709 5672 P
729 5649 755 5658 —
774 5621 813 5675 st.
831 5624 884 5686 epo]
900 5627 938 5673 eto
956 5620 983 5671 P¹
998 5648 1025 5657 -
1043 5623 1084 5670 25.
1102 5620 1149 5684 me]
1166 5632 1237 5670 meac
1252 5621 1281 5670 P¹
1302 5645 1329 5656 -
1348 5621 1389 5671 26.
1408 5619 1527 5670 adsentiri
1543 5621 1602 5669 P—

279 5698 321 5748 27.
340 5697 473 5748 611191-
493 5700 534 5749 18.
552 5701 673 5760 reprendo
691 5700 751 5748 P-
770 5699 896 5747 adsentior
913 5699 931 5746 P
946 5723 970 5733 —
991 5697 1033 5745 19.
1049 5696 1118 5758 puto]
1134 5700 1194 5757 puto
1210 5697 1237 5745 in
1255 5696 1274 5746 C
1294 5723 1321 5732 —
1340 5696 1484 5746 sententiam
1501 5695 1534 5743 C:
1552 5706 1607 5743 sen·

279 5773 383 5824 tentiam
403 5772 532 5838 [aliquam]
550 5776 570 5823 0
590 5800 617 5809 -·
642 5774 682 5823 31.
701 5788 750 5834 quo
766 5775 839 5823 sanct
856 5775 874 5822 P
893 5800 919 5807 —
938 5777 1076 5833 suspectum
1093 5774 1113 5821 C
1133 5797 1159 5806 —
1178 5776 1213 5821 est
1230 5782 1294 5822 nos:
1313 5771 1344 5821 sit
1361 5770 1410 5820 CO
1428 5796 1455 5805 -
1474 5769 1607 5818 nonnullus

281 5848 308 5898 P¹
328 5873 354 5885 -
374 5849 414 5900 32.
434 5849 691 5914 adspectatoriburque
703 5846 743 5908 P¹;
762 5846 1004 5914 spectatoribusque
1020 5842 1100 5896 P²GE
1112 5871 1139 5881 -
1158 5847 1295 5911 confluunt
1311 5847 1330 5896 c
1345 5872 1371 5883 -
1391 5844 1431 5895 33.
1442 5844 1607 5907 pertinatiam

280 5926 339 5975 P-
358 5924 399 5975 36.
415 5925 517 5990 placere
533 5923 570 5979 1>¹.
