3800 7350
311 1185 373 1252 ora
732 1195 883 1277 oripo
905 1196 984 1262 rao
1007 1199 1039 1260 ι.
1063 1196 1205 1261 susuo

309 1363 356 1425 rei
384 1362 445 1445 ipsi
472 1372 567 1449 atque
595 1365 717 1428 absenti
747 1365 869 1428 senatui
900 1365 1030 1448 plausus
1058 1372 1106 1428 est
1127 1366 1166 1429 ab
1190 1365 1345 1429 universis
1368 1364 1477 1441 datus;
1508 1366 1635 1441 deinde,

310 1476 381 1521 cum
403 1460 599 1523 senatoribus
620 1458 755 1541 singulis
770 1466 944 1541 spectatum
960 1479 977 1522 e
993 1468 1103 1522 senatu
1118 1459 1333 1523 redeuntibus.
1367 1460 1443 1523 Cum
1459 1481 1534 1523 vero
1556 1462 1635 1545 ipse,

311 1551 365 1634 qui
387 1551 480 1616 ludos
501 1552 645 1627 iaciebat,
667 1553 777 1616 consul
789 1554 926 1616 assedit:
949 1560 1067 1616 stantes
1083 1554 1112 1616 ei
1131 1554 1277 1617 manibus
1292 1555 1394 1636 passis
1409 1553 1524 1636 gratias
1539 1573 1634 1636 agen-

310 1651 358 1707 tes
381 1654 412 1708 et
433 1647 629 1711 lacrimantes
651 1648 765 1729 gaudio
788 1667 876 1710 suam
899 1666 974 1729 erga
996 1668 1045 1711 me
1067 1648 1321 1711 benevolentiam
1335 1667 1372 1711 ae
1386 1648 1634 1711 misericordiam

286 1740 517 1804 ⁵deelararuut.
554 1744 594 1804 At
615 1763 685 1806 cum
708 1741 761 1804 ille
783 1741 969 1805 furibundus
991 1742 1119 1805 incitata
1141 1742 1196 1804 illa
1217 1762 1274 1805 sna
1291 1742 1439 1805 vaecordi
1462 1750 1566 1805 mente
1581 1763 1635 1806 ve-

308 1833 424 1906 nisset,
446 1835 500 1897 vix
522 1855 556 1899 se
578 1837 715 1919 populus
738 1838 896 1899 llomauus
919 1838 1038 1911 tenuit;
1060 1836 1114 1898 vix
1135 1836 1280 1899 bomines
1301 1835 1408 1898 odium
1424 1855 1550 1899 suumn
1566 1856 1635 1899 eor·

308 1946 386 2010 pore
409 1930 478 1992 eius
500 1931 623 2014 impuro
645 1939 742 2013 atque
755 1930 885 1994 infando
900 1939 1134 2013 represserunt:
1157 1949 1253 1993 voces
1268 1930 1397 2013 quidem
1412 1936 1444 1992 et
1459 1930 1635 2012 palmarum

309 2021 447 2085 intentus
477 2031 509 2086 et
533 2024 768 2088 maledictorum
791 2025 960 2088 clamorem
982 2043 1092 2087 omnes
1114 2023 1331 2108 profuderunt.
1377 2018 1448 2086 tlt.
1472 2022 1534 2087 Sed
1558 2023 1634 2108 quid

309 2134 368 2198 ego
391 2117 501 2199 populi
523 2119 655 2181 llomani
676 2118 815 2181 animum
837 2117 1049 2201 virtutemque
1072 2137 1301 2192 commemoro,
1325 2115 1501 2180 libertatem
1516 2117 1578 2180 iam
1594 2136 1634 2180 ex

272 2206 458 2272 i⁰diuturun
479 2213 631 2276 servitute
653 2212 868 2296 dispicientis,
896 2212 930 2274 iu
954 2231 992 2275 eo
1015 2211 1159 2287 bomine,
1187 2213 1237 2274 cui
1268 2219 1333 2274 tum
1355 2210 1475 2296 petenti
1498 2211 1560 2275 iam
1582 2223 1635 2275 'ae-

309 2300 463 2367 dilitatem
492 2325 533 2369 ne
563 2306 732 2371 histriones
754 2306 883 2389 quidem
905 2325 1010 2370 coram
1034 2305 1156 2369 sedenti
1179 2308 1428 2389 perpercerunil
1461 2307 1634 2369 Nemeum

309 2403 455 2478 ageretur
469 2404 591 2483 togata,
614 2400 781 2475 Simulans,
804 2408 840 2463 ut
855 2399 985 2482 opinor,
1009 2408 1133 2463 caterva
1148 2407 1213 2463 tota
1227 2400 1401 2463 clarissima
1416 2399 1634 2474 concentione,

308 2489 343 2552 in
365 2509 420 2553 ore
441 2492 557 2577 impuri
578 2494 717 2558 hominis
738 2494 923 2568 imminens,
946 2493 1128 2556 contionata
1150 2501 1216 2557 est:

942 2587 1057 2662 «huic,
1080 2589 1168 2663 Tlie,

272 2683 300 2730 ⁴⁵
479 2692 533 2748 tua
554 2691 625 2769 post
647 2684 803 2767 principia
823 2691 919 2767 atque
942 2683 1047 2746 exitus
1069 2682 1202 2746 vitiosae
1224 2684 1346 2747 vitaein
1371 2715 1413 2730 -

310 2775 447 2841 Sedebat
467 2780 679 2854 exanimatus;
702 2767 733 2841 et
753 2780 797 2853 is,
820 2779 876 2862 qui
898 2786 992 2841 antea
1013 2785 1178 2841 cantorum
1200 2779 1344 2842 convicio
1365 2777 1530 2841 continues
1553 2775 1636 2850 celo·

308 2872 399 2937 brace
422 2891 495 2935 suas
517 2873 651 2946 solebat,
675 2880 838 2936 cantorum
861 2873 1001 2955 ipsorum
1023 2872 1152 2935 vocibus
1175 2873 1368 2936 eiiciebatur.

393 2967 433 3029 Et
455 2966 605 3050 quoniam
628 2965 710 3029 lacta
732 2967 851 3033 mentio
875 2973 923 3028 est
943 2964 1106 3039 ludorum,
1129 2985 1168 3028 ne
1191 2966 1268 3030 illud
1289 2966 1417 3049 quidem
1438 2966 1636 3049 praetermit-

309 3066 386 3134 tam,
409 3060 442 3122 iu
464 3080 577 3142 magna
598 3061 747 3124 varietate
770 3060 997 3123 sententiarum
1020 3079 1192 3142 numquam
1214 3058 1315 3122 ullum
1336 3059 1434 3123 luisse
1457 3059 1579 3133 locum,
1601 3061 1635 3123 in

271 3169 373 3236 toque
395 3153 514 3237 aliquid
537 3174 556 3217 a
582 3160 679 3236 poeta
702 3155 820 3217 dictum
842 3153 954 3216 cadere
977 3154 1009 3215 iu
1032 3162 1157 3236 tempus
1179 3162 1322 3216 nostrum
1344 3153 1522 3227 videretur,
1549 3153 1635 3237 qnod

308 3251 362 3310 aut
383 3247 537 3328 populum
558 3249 740 3312 uuiversum
762 3247 886 3330 lugeret
907 3253 963 3310 aut
984 3267 1049 3311 non
1071 3248 1261 3330 exprimeret
1282 3247 1351 3330 ipse
1373 3255 1470 3310 notor.
1507 3241 1578 3309 llll.
1595 3248 1636 3310 Et

309 3359 429 3423 quaeso
458 3340 518 3404 boc
547 3342 580 3403 in
602 3342 689 3417 loco,
719 3342 858 3415 iudices,
886 3361 926 3403 ue
949 3361 1013 3424 qua
1036 3341 1162 3403 levitate
1185 3333 1240 3403 me'
1258 3341 1386 3404 ductum
1409 3340 1449 3403 ad
1472 3340 1635 3403 insolitum

308 3451 409 3514 genus
437 3433 563 3499 dicendi
593 3434 655 3499 labi
685 3436 820 3517 putetis,
850 3436 877 3498 si
908 3435 948 3497 de
971 3434 1091 3516 poetis,
1121 3435 1160 3498 de
1182 3434 1405 3508 histrionibus,
1436 3432 1475 3497 de
1497 3433 1579 3497 ludis
1600 3434 1635 3496 in

308 3525 427 3590 indicio
449 3528 572 3611 loquar.
615 3529 694 3593 LVI.
715 3531 786 3592 Non
808 3550 878 3593 snm
893 3536 956 3592 tam
972 3530 1115 3611 ignarus,
1138 3529 1269 3603 iudices,
1289 3548 1470 3602 causarum,
1493 3547 1556 3590 ιιοιι
1572 3535 1635 3592 tam

271 3619 450 3686 aninsoleus
480 3624 515 3686 in
545 3623 697 3699 dicendo,
726 3631 762 3686 ut
793 3626 879 3687 omui
908 3642 948 3686 ex
977 3643 1092 3706 genere
1114 3623 1289 3688 orationem
1311 3641 1451 3706 aucuper
1472 3630 1504 3686 et
1525 3641 1636 3686 omues

308 3715 450 3799 undique
472 3718 619 3782 llosculos
641 3738 767 3802 carpam
786 3726 881 3802 atque
897 3717 1044 3781 delibem.
1081 3718 1163 3792 Scio,
1181 3718 1260 3802 quid
1274 3719 1411 3801 gravitas
1427 3725 1541 3793 veona,
1556 3717 1635 3802 quid

308 3808 386 3873 baec
408 3809 589 3888 advocatio,
612 3812 689 3896 quid
712 3812 766 3876 ille
789 3819 979 3886 conventus,
1003 3811 1080 3896 quid
1103 3812 1240 3895 dignitas
1260 3814 1294 3874 P.
1317 3810 1429 3885 Sestii,
1452 3811 1529 3895 quid
1551 3813 1636 3895 peri-

309 3904 372 3967 culi
393 3905 597 3987 magnitudo,
611 3905 697 3990 'quid
720 3914 818 3980 aetas,
841 3904 918 3989 quid
937 3906 1040 3970 bonos
1056 3926 1144 3969 meus
1160 3906 1309 3989 postulet.
1346 3905 1407 3968 Sed
1424 3904 1501 3969 mibi
1515 3904 1635 3989 sumpsi

308 3999 461 4064 hocloco
485 4000 659 4065 doctrinam
683 4000 842 4086 quandam
866 4001 1039 4075 iuventuti,
1063 4001 1117 4085 qui
1141 4008 1247 4064 esseut
1267 4000 1443 4083 optimates.
1476 4000 1512 4061 ln
1528 4018 1565 4062 ea
1580 4019 1636 4062 cx·

271 4093 454 4180 adplicauda
476 4095 756 4159 demonstrandum
779 4103 915 4158 estnon
937 4115 1008 4158 esse
1031 4094 1201 4177 populares
1224 4113 1334 4156 omnes
1356 4114 1422 4170 eos,
1445 4095 1501 4179 qui
1524 4102 1637 4177 puten-

308 4197 368 4251 tur.
414 4188 449 4250 ld
478 4187 626 4253 facillime
654 4209 850 4273 consequar,
878 4191 903 4252 ai
933 4189 1072 4252 universi
1094 4188 1206 4271 populi
1228 4188 1381 4250 iudicium
1403 4208 1513 4251 verum
1535 4196 1568 4252 et
1587 4189 1637 4251 iu-

310 4291 490 4365 corruptum
514 4291 545 4346 et
566 4284 592 4346 si
615 4285 742 4348 intimos
765 4303 877 4347 sensus
900 4283 1035 4346 civitatis
1051 4301 1249 4366 expressero.
1282 4277 1353 4344 ΗΟ.
1372 4281 1457 4356 Quid
1473 4280 1636 4355 luitillud,

312 4481 614 4491 ---—----.----—-
632 4483 745 4490 .--.--—-
751 4479 1338 4490 ΜΨ...

306 4619 390 4680 primo
407 4620 426 4668 P
443 4631 557 4668 corner
571 4618 684 4680 primum
701 4620 711 4668 i
727 4630 775 4678 m,
793 4620 823 4667 ut
838 4616 954 4668 videtur.
974 4617 1093 4679 pomum
1109 4616 1195 4667 andito
1212 4615 1282 4666 coni.
1300 4615 1371 4666 Bake
1388 4628 1415 4681 p.
1434 4616 1503 4678 ill.)
1521 4645 1548 4654 -
1575 4631 1637 4668 con-

309 4693 373 4742 sulto
388 4693 426 4744 rei
440 4693 488 4754 ipsi
505 4694 626 4743 Garatoni
644 4695 672 4743 et
688 4692 808 4743 Dobree:
835 4693 1009 4757 consorejpai
1026 4694 1044 4741 P
1062 4690 1155 4754 (littera
1172 4692 1183 4739 i
1199 4692 1260 4740 ente
1277 4691 1324 4753 ipsi
1341 4691 1440 4753 erase);
1467 4693 1578 4743 conrardo
1594 4707 1638 4743 cro

308 4767 356 4828 ipsi
372 4768 422 4816 GO
440 4767 496 4826 (sed
514 4768 548 4816 0:
567 4771 585 4830 †
601 4768 652 4830 ore)
672 4795 699 4804 -
719 4768 743 4816 3.
762 4768 922 4818 osreditontcs
938 4770 958 4817 G
975 4794 1008 4803 -
1025 4768 1047 4816 ci
1064 4769 1097 4816 P:
1119 4771 1142 4816 ot
1159 4767 1218 4814 G0.
1243 4765 1282 4816 cl.
1301 4767 1391 4817 llerm.
1410 4779 1436 4831 p.
1454 4768 1478 4817 9.
1505 4769 1634 4820 Wesenb.

309 4847 332 4891 ct
348 4842 464 4906 preclari
480 4841 627 4906 explicans:
649 4842 683 4891 ita
700 4844 798 4905 gratias
814 4845 937 4906 agentes,
957 4846 986 4892 ut
1002 4845 1103 4893 starent
1120 4847 1148 4892 et
1164 4855 1260 4892 munus
1278 4841 1439 4906 pendissent.
1460 4869 1487 4879 -
1506 4841 1530 4893 l.
1549 4843 1636 4893 incru-

307 4923 403 4967 montcr
421 4920 438 4966 P
458 4943 484 4953 -
503 4916 692 4965 beniuolentiam
709 4919 727 4965 P
743 4945 777 4953 -
793 4918 817 4966 a.
837 4919 870 4967 od
888 4918 916 4967 1²¹
936 4944 963 4952 —
987 4917 1092 4965 incitata
1109 4930 1162 4967 om.
1182 4918 1216 4975 G,
1238 4917 1355 4967 incitatos
1372 4917 1439 4967 coni.
1458 4918 1549 4968 nescio
1566 4919 1635 4982 quie.

310 4991 425 5041 allicitur
442 4989 549 5042 Clodius
566 4990 600 5040 nd
618 4989 694 5041 ludos
710 4992 815 5042 venisse
832 4991 997 5054 mammons:
1018 4993 1086 5041 cur‘l
1104 4990 1221 5055 eoquod
1237 5004 1324 5042 vecors
1339 4991 1474 5054 iiicntcns,
1493 5005 1562 5056 quse
1575 5005 1636 5044 esse

308 5078 404 5128 semper
415 5065 526 5126 solebat,
538 5071 591 5114 tum
604 5065 693 5116 audito
711 5064 752 5116 illo
764 5069 789 5116 s.
805 5068 833 5118 C.
847 5068 952 5117 incitata
965 5069 1023 5117 crat
1034 5069 1113 5130 etque
1125 5068 1288 5118 vebmncntiar
1298 5068 1463 5133 inflammato.
1482 5069 1521 5118 Cl.
1533 5068 1634 5119 Acadd.

310 5140 345 5201 ll,
364 5140 438 5204 589:
455 5142 571 5192 Αἱοιιιαοο
587 5147 658 5203 turo,
677 5142 720 5203 qai
736 5148 810 5205 nepot
826 5156 871 5191 cor
885 5142 931 5191 sibi
947 5156 1005 5192 com
1021 5143 1098 5192 oculis
1114 5142 1263 5202 consentire,
1281 5155 1362 5192 nonne
1377 5142 1466 5192 ibidem
1476 5143 1579 5192 incitato
1593 5144 1638 5206 to-

309 5230 382 5266 rorc:
401 5218 468 5267 Unde
483 5218 543 5267 bace
558 5220 663 5282 flammo
674 5216 795 5267 orituri»
813 5218 973 5268 Wesarmrua
990 5230 1016 5282 p.
1030 5219 1070 5268 bl.
1084 5247 1117 5254 —
1132 5218 1251 5268 uaecordi
1264 5220 1296 5268 P:
1315 5219 1414 5268 vecordi
1425 5218 1480 5267 0-
1499 5215 1523 5266 6.
1536 5215 1638 5266 bodium

309 5289 376 5343 t>¹c¹
396 5319 422 5328 -
441 5293 466 5342 7.
484 5293 575 5355 inpuro
591 5293 611 5342 P
629 5318 657 5327 -
675 5292 782 5355 nefando
800 5295 817 5343 S
838 5314 864 5328 -—
884 5294 909 5344 8.
927 5296 1055 5344 ornnonG
1069 5320 1096 5330 -
1118 5294 1156 5343 lo.
1176 5293 1324 5355 dispicientia
1340 5291 1410 5344 1³0¹:
1429 5293 1582 5355 despicientis
1592 5295 1634 5352 (3²3

309 5368 461 5431 rcrpicicmis
476 5366 524 5417 bO
543 5393 570 5402 -
596 5367 636 5418 ii.
654 5369 808 5418 contentione
824 5371 845 5417 G
863 5395 890 5404 -
914 5369 954 5418 ta.
973 5370 1000 5418 in
1017 5382 1043 5419 or
1060 5367 1110 5431 (vel
1128 5369 1174 5430 ori)
1199 5369 1360 5419 Schueizius.
1381 5393 1409 5405 -
1431 5367 1517 5428 inpari
1532 5366 1638 5416 bominis

308 5444 431 5493 inminens
445 5444 610 5493 continuatori
627 5444 646 5492 P
664 5467 690 5476 -
712 5440 752 5492 il.
771 5442 841 5500 boio,
861 5442 923 5504 Tite,
941 5448 1064 5493 laeuos:
1088 5443 1143 5492 boio
1160 5445 1203 5493 tite
1219 5449 1264 5493 tuo
1281 5446 1327 5495 PG
1346 5441 1537 5505 isedGeina13
1561 5441 1638 5491 «nuic

309 5519 377 5569 odae
393 5523 467 5567 tuoe»
485 5522 508 5569 st
524 5516 571 5567 d0
589 5540 617 5551 -
637 5517 677 5566 id.
694 5517 875 5579 postprincipiis
891 5516 952 5568 edd.
968 5545 994 5554 —
1015 5518 1056 5567 46.
1075 5523 1098 5567 ct
1113 5519 1150 5568 bis
1167 5515 1236 5568 1²¹—
1255 5518 1364 5568 conuitio
1382 5519 1400 5568 P
1418 5543 1445 5552 —
1466 5517 1506 5567 ⁴8.
1524 5518 1638 5568 mentiost

310 5594 376 5643 P-
394 5605 426 5642 nc
441 5590 500 5642 bd:
518 5597 541 5642 ei
557 5593 618 5647 PG:
637 5592 670 5642 cl.
688 5605 744 5643 var.
763 5591 823 5643 leci.
843 5592 876 5642 nd
894 5606 920 5656 p.
939 5592 1000 5653 932,
1019 5593 1061 5641 st.
1076 5618 1102 5626 -
1122 5594 1162 5642 ΞΟ.
1182 5592 1271 5655 aliquit
1287 5594 1346 5642 P-
1365 5593 1406 5641 ti.
1426 5596 1470 5641 out
1485 5605 1536 5641 non
1552 5592 1638 5654 capri-

310 5671 387 5718 mcret
404 5668 423 5717 P
439 5680 498 5730 sup.
517 5663 562 5716 liu.
581 5665 664 5715 babet
679 5677 715 5715 m.
734 5666 762 5726 2,
782 5666 830 5716 sed
847 5669 948 5716 vetere.
963 5692 990 5701 -
1009 5671 1098 5715 auctor
1116 5666 1170 5726 (litt.
1183 5681 1201 5716 n
1218 5666 1357 5732 expuncta)
1372 5668 1433 5715 G-
1451 5666 1484 5715 Et
1501 5678 1636 5728 piscoso·-

308 5742 399 5804 putetir
415 5739 496 5791 babet
511 5744 531 5791 A
548 5767 576 5776 -
594 5740 635 5790 22.
653 5742 740 5790 hocin
757 5741 809 5791 ioco
826 5742 861 5791 A:
879 5741 906 5789 in
923 5754 977 5791 οιιι.
997 5741 1088 5798 ΡῦΟς
1108 5740 1141 5790 cl.
1161 5741 1321 5804 Seyffertum
1338 5755 1365 5806 p.
1377 5740 1419 5792 43.
1434 5766 1460 5774 -
1480 5739 1582 5790 nomio
1596 5753 1637 5791 mc

312 5817 402 5866 APG:
419 5827 459 5865 mc
474 5815 572 5865 koiictc
588 5815 632 5864 ιιΟ
650 5839 677 5849 -
697 5814 738 5864 27.
755 5815 797 5864 illc
812 5816 847 5864 G:
868 5816 906 5864 illi
923 5817 942 5865 P
962 5842 989 5851 -
1014 5815 1080 5865 scetii
1100 5819 1123 5865 st
1140 5816 1235 5876 ccicc
1256 5842 1280 5852 -
1305 5816 1434 5868 28.rrc1>
1454 5842 1481 5852 -
1505 5814 1637 5879 atomo

310 5891 467 5946 mmr-
490 5889 1185 5953 ³0.oononcmndmnie-popuiansonrno1³o.
1262 5929 1265 5935 .
