3800 7350
333 1194 416 1263 4366
758 1193 910 1260 ORATIO
931 1193 1157 1259 PHILIPPICA
1177 1193 1232 1257 x1.

333 1390 353 1433 a
374 1371 489 1453 quibus
512 1368 706 1440 obtinentur,
729 1366 945 1439 obtineantur,
966 1364 1070 1448 quoad
1093 1365 1208 1447 cuique
1224 1382 1265 1427 ex
1279 1369 1406 1427 senatus
1423 1359 1575 1425 consulto
1591 1376 1663 1422 sue·

333 1483 456 1527 cessum
479 1462 528 1524 sit.

416 1554 500 1617 XIII.
522 1551 573 1617 32.
595 1554 664 1616 Hoc
690 1561 817 1618 senatus
840 1553 983 1617 consulto
1004 1553 1167 1616 ardentem
1193 1549 1426 1616 inflammabitis
1448 1555 1480 1613 et
1501 1555 1662 1613 armatum

332 1649 489 1712 armabitis
513 1648 669 1712 Cassium:
696 1668 754 1711 nec
776 1649 859 1711 enim
880 1647 1019 1711 animum
1041 1648 1110 1710 eius
1130 1647 1264 1728 potestis
1286 1645 1431 1727 ignorare
1453 1662 1515 1706 uec
1538 1642 1661 1726 copias.

309 1741 461 1804 uenimus
484 1743 511 1805 is
533 1750 596 1815 est,
619 1763 712 1825 quem
735 1741 867 1804 videtis:
891 1742 1017 1822 copiae,
1041 1738 1287 1823 quaeaudistis,
1315 1737 1406 1800 sortis
1428 1744 1460 1800 et
1482 1737 1660 1801 constantis

329 1834 404 1908 uiri,
427 1838 481 1918 qui
503 1855 544 1898 ne
565 1836 638 1897 vivo
653 1834 782 1917 quidem
798 1834 956 1898 Trebonio
971 1833 1154 1896 Dolabellae
1176 1832 1376 1895 latrocinium
1399 1830 1433 1893 in
1456 1832 1579 1915 Syriam
1601 1850 1659 1914 pe-

330 1936 453 1990 netrare
476 1929 611 1991 sivisset.
647 1928 800 2002 Allienus,
821 1928 981 1991 familiaris
1004 1938 1036 1992 et
1057 1928 1255 1991 necessarius
1278 1947 1377 2000 meus,
1399 1932 1473 2010 post
1494 1925 1657 1987 interitum

330 2017 477 2085 Trebonii
499 2021 638 2106 profecto
654 2041 693 2083 ne
709 2022 771 2085 dici
786 2023 914 2106 quidem
931 2042 965 2085 se
980 2021 1116 2104 legatum
1131 2019 1314 2083 Dolabellae
1331 2019 1426 2083 volet
1448 2020 1506 2082 Est
1521 2017 1562 2093 Q.
1578 2015 1657 2080 Cae·

330 2113 394 2176 04144
416 2116 519 2188 Bassi,
543 2115 653 2198 privati
677 2115 762 2179 illius
777 2115 917 2198 quidem,
940 2115 997 2179 sed
1019 2113 1118 2178 fortis
1131 2123 1163 2178 et
1185 2113 1338 2196 praeclari
1353 2113 1430 2187 viri,
1452 2112 1604 2176 robustus
1625 2116 1657 2173 et

293 2207 428 2269 terimur
442 2208 609 2270 exercitus.
644 2204 694 2270 33.
711 2209 850 2272 Deiotari
867 2210 968 2291 regis,
991 2217 1023 2272 et
1038 2209 1135 2291 patris
1151 2217 1182 2270 et
1198 2205 1271 2281 lilii,
1294 2215 1327 2270 et
1341 2225 1474 2288 magnus
1490 2211 1523 2268 et
1543 2212 1655 2268 nostro

327 2319 414 2362 more
429 2300 589 2364 institutus
605 2304 776 2365 exereitus:
794 2322 913 2365 summa
929 2304 961 2364 in
977 2300 1042 2365 lilio
1057 2322 1139 2385 spes,
1155 2320 1278 2363 summa
1294 2300 1413 2383 ingenii
1429 2298 1554 2363 indoles
1568 2318 1656 2362 sum·

328 2413 442 2475 maque
455 2395 564 2457 virtus.
599 2394 681 2471 Quid
697 2394 736 2457 da
758 2404 845 2478 patre
868 2396 992 2458 dicam?
1015 2396 1105 2459 cuius
1128 2394 1351 2457 benevolentia
1372 2393 1406 2456 in
1422 2392 1576 2476 populum
1592 2393 1655 2455 Ro·

327 2505 454 2551 manum
476 2498 525 2552 est
544 2489 643 2573 ipsius
665 2488 808 2572 aequalis
824 2489 933 2551 aetati:
958 2491 1011 2572 qui
1034 2508 1099 2550 non
1115 2487 1217 2551 solum
1237 2486 1341 2550 socius
1356 2488 1581 2568 imperatorum
1596 2504 1656 2548 no·

328 2587 463 2645 atrorum
483 2581 542 2645 tuit
563 2582 597 2644 in
618 2582 725 2656 bellis,
747 2602 855 2645 verum
878 2581 973 2644 etiam
989 2583 1053 2645 dux
1069 2583 1230 2665 copiarum
1253 2599 1390 2642 suarum.
1423 2579 1511 2655 Quae
1534 2578 1575 2641 de
1597 2577 1654 2641 illo

291 2674 394 2738 seviro
417 2676 518 2748 Sulla,
542 2695 623 2758 quae
639 2677 784 2749 Murena,
811 2695 892 2758 quae
915 2675 1084 2750 Servilius,
1115 2695 1196 2758 quae
1218 2672 1385 2747 bucubus,
1407 2692 1503 2755 quam
1524 2680 1655 2745 ornate,

328 2785 421 2848 quam
443 2766 630 2843 honorifice,
654 2788 748 2850 quam
762 2770 897 2849 graviter
911 2788 1005 2852 saepe
1020 2770 1052 2831 in
1068 2775 1180 2831 senatu
1194 2767 1470 2852 praedicaveruntl
1497 2762 1550 2827 3t.
1566 2765 1655 2841 Quid

328 2859 366 2922 de
390 2860 444 2923 Cn.
468 2862 616 2945 Pompeio
638 2864 773 2945 loquar‘l
796 2862 851 2945 qui
874 2882 972 2924 unum
994 2863 1176 2925 Deiotarum
1200 2863 1233 2923 in
1256 2867 1322 2924 toto
1343 2860 1419 2924 orbe
1440 2868 1597 2923 terrarum
1615 2879 1655 2922 ex

327 2952 432 3015 animo
454 2954 589 3017 amicum
613 2976 749 3038 vereque
772 2956 976 3030 benevolum,
1000 2976 1097 3018 unum
1119 2952 1244 3018 fidelem
1265 2953 1385 3036 populo
1408 2954 1549 3016 Romano
1570 2953 1655 3015 iudi-

327 3046 414 3108 cavit.
451 3048 581 3111 Fulmus
603 3050 809 3132 imperatores
832 3070 891 3132 ego
914 3056 946 3111 et
968 3051 1009 3111 bl.
1032 3049 1163 3111 bibulus
1186 3050 1219 3111 in
1242 3047 1431 3130 propinquis
1445 3043 1653 3129 finitimisque

290 3140 513 3221 mprovinciis:
535 3143 573 3203 ab
596 3143 709 3206 eodem
731 3164 804 3226 rege
826 3143 924 3207 adiuti
947 3164 1055 3206 sumus
1071 3150 1102 3205 et
1119 3144 1260 3226 equitatu
1276 3150 1309 3204 et
1325 3140 1525 3222 pedestribus
1540 3139 1654 3222 copiis.

328 3233 477 3297 Secutum
499 3243 547 3298 est
568 3235 628 3299 boc
649 3238 886 3300 acerbissimum
906 3245 937 3299 et
952 3236 1256 3299 calamitosissimum
1272 3234 1365 3297 civile
1379 3233 1516 3296 bellum:
1538 3232 1571 3294 in
1587 3252 1652 3315 quo

327 3326 404 3407 quid
432 3326 612 3392 faciendum
641 3330 805 3404 Deiotaro,
838 3330 917 3414 quid
946 3331 1076 3392 omnino
1104 3330 1221 3391 rectius
1249 3327 1362 3402 fuerit,
1390 3327 1495 3390 dicere
1516 3346 1582 3389 non
1606 3334 1656 3389 est

326 3440 472 3497 necesse,
500 3424 684 3505 praesertim
712 3444 782 3487 eum
813 3432 922 3487 contra
944 3443 980 3486 ac
1008 3424 1176 3486 Deiotarus
1198 3424 1296 3485 sensit
1318 3421 1450 3484 victoria
1471 3419 1547 3481 belli
1569 3418 1653 3482 diiu-

327 3511 446 3575 dicarit.
485 3514 555 3590 Quo
585 3516 618 3579 in
639 3518 724 3579 bello
747 3519 774 3580 si
799 3517 858 3580 luit
880 3538 984 3592 error,
1015 3518 1188 3580 communis
1211 3517 1239 3579 ei
1262 3517 1322 3579 luit
1344 3537 1414 3578 cum
1436 3521 1570 3577 senatu:
1602 3515 1651 3577 sia

288 3610 603 3684 eiectamenta,
633 3631 673 3673 ne
696 3612 777 3674 victa
805 3612 932 3695 quidem
955 3630 1050 3674 causa
1072 3610 1278 3695 vituperanda
1300 3618 1358 3673 est.
1394 3608 1441 3670 ad
1463 3606 1520 3670 bas
1542 3609 1652 3691 copias

327 3699 477 3764 accedent
502 3702 556 3764 alii
586 3724 690 3785 reges,
730 3706 823 3767 etiam
853 3705 985 3768 dilectus
1014 3705 1172 3768 accedent
1216 3702 1267 3767 35.
1290 3706 1400 3786 Neque
1429 3720 1504 3765 vero
1533 3701 1651 3765 classes

327 3794 475 3857 deerunt:
499 3799 577 3860 tanti
599 3799 686 3881 Tyrii
708 3798 849 3861 Cassium
870 3798 1007 3872 faciunt,
1030 3805 1150 3860 tanturn
1173 3797 1241 3859 eius
1263 3798 1295 3859 in
1316 3794 1407 3878 Syria
1421 3814 1539 3856 nomen
1553 3804 1650 3878 atque

327 3889 482 3953 Phoenice
505 3897 563 3952 est.
608 3892 691 3952 XIV.
708 3893 850 3955 Paratum
872 3891 968 3954 babet
987 3891 1208 3974 imperatorem
1227 3890 1259 3953 C.
1277 3889 1429 3961 Cassium,
1451 3896 1555 3972 patres
1574 3909 1652 3951 con-

327 3985 448 4066 scripti,
470 4005 520 4047 res
542 3984 670 4066 publica
691 3994 798 4048 contra
820 3985 1029 4058 Dolabellam,
1053 4004 1111 4046 nec
1132 3991 1276 4066 paratum
1296 3982 1408 4055 solum,
1431 3979 1487 4044 sed
1508 3982 1650 4064 peritum

289 4085 422 4160 tuaique
444 4077 566 4140 sortem.
606 4081 735 4161 Magnas
764 4078 818 4140 ille
844 4100 894 4141 res
921 4079 1019 4160 gessit
1041 4087 1114 4140 aute
1140 4077 1261 4150 Bibuli,
1291 4075 1407 4138 summi
1432 4074 1507 4147 viri,
1531 4074 1651 4139 adveu-

329 4179 407 4245 tum,
438 4191 508 4234 cum
536 4173 644 4235 Pacori
677 4173 865 4236 nobilissimi
899 4172 989 4235 ducis
1019 4173 1171 4235 maximas
1209 4170 1319 4254 copias
1351 4168 1433 4231 ludit
1463 4169 1650 4254 Syriamque

391 4524 552 4588 tanaitica
572 4525 605 4574 b:
633 4538 719 4575 com.
739 4527 814 4588 agii
839 4552 866 4561 -
893 4527 1035 4587 optinentur
1055 4528 1213 4588 optinerentur
1234 4531 1270 4590 gt
1292 4556 1319 4565 -
1347 4532 1371 4580 5.
1390 4532 1412 4580 44
1433 4530 1475 4596 est]
1496 4533 1547 4595 ipss
1569 4535 1601 4583 ai
1621 4562 1648 4571 -

327 4615 398 4663 quem
413 4601 515 4661 vidistis,
528 4613 566 4650 sc.
586 4598 674 4649 ldibua
687 4601 792 4661 blartiis,
812 4602 880 4650 coni.
894 4602 1035 4650 Ferrarius.
1050 4627 1077 4636 —
1096 4604 1182 4664 capias
1199 4607 1247 4652 t-
1269 4605 1366 4654 44444444
1382 4619 1437 4654 a-
1456 4607 1571 4669 sortasse
1588 4623 1650 4658 coa-

325 4681 417 4725 4444444
428 4676 552 4735 4404404444
561 4676 578 4736 4)
592 4676 613 4724 D
626 4678 653 4724 et
670 4676 677 4724 4
695 4689 764 4724 corr.
777 4703 810 4711 —-
827 4676 851 4725 6.
869 4689 913 4726 ace
929 4678 989 4725 4440
1007 4675 1069 4724 b-
1085 4678 1109 4726 7.
1127 4680 1220 4728 44044444
1237 4677 1337 4742 aliquot
1352 4679 1412 4731 libri
1426 4683 1554 4733 Ferrarii:
1572 4686 1650 4734 44444-

325 4756 377 4800 44444
393 4752 431 4800 Di
450 4777 477 4785 -
497 4751 591 4799 0444444
608 4750 699 4812 agti;
718 4750 817 4800 4044444
833 4751 851 4800 b
873 4778 898 4786 -·
918 4757 941 4800 at
956 4752 1037 4814 [00444.
1056 4757 1111 4802 eta
1131 4779 1157 4787 -
1177 4754 1201 4803 8.
1217 4755 1328 4816 prosecta
1345 4769 1375 4805 ue
1392 4755 1447 4806 Gul.
1468 4758 1568 4808 Christ:
1585 4774 1650 4822 pra-

325 4826 427 4888 !ections
443 4828 464 4882 t3
484 4824 608 4887 profectas
623 4839 654 4875 ae
670 4823 783 4888 abgiO
803 4850 829 4861 -
849 4831 883 4875 444
901 4827 929 4887 0.
949 4839 977 4875 a:
996 4833 1056 4887 estq·
1076 4828 1120 4884 ti;
1141 4834 1222 4888 estque
1239 4827 1282 4890 bg
1302 4856 1328 4864 -
1349 4830 1417 4878 444444
1432 4829 1451 4880 b
1467 4860 1501 4869 ·-
1518 4832 1541 4882 9.
1560 4833 1625 4884 basii
1641 4837 1649 4884 i

326 4927 359 4936 -
371 4900 410 4949 40.
430 4901 552 4949 mercius
568 4903 590 4948 ct
606 4900 687 4948 uictor
704 4903 714 4948 t
732 4927 758 4935 -
779 4901 818 4949 44.
837 4900 962 4950 institutas
978 4902 1016 4950 Di
1034 4906 1061 4950 et
1077 4901 1138 4951 edd.
1153 4905 1215 4952 vett.
1230 4901 1419 4965 (velutVeueta
1437 4919 1462 4955 a.
1476 4907 1549 4968 4474,
1568 4910 1647 4971 lunt,

326 4979 434 5026 ascens.
454 4989 478 5025 a.
497 4976 556 5024 4544
578 4977 605 5024 44
622 4974 710 5033 taam:
729 4974 863 5024 4444444444
878 4977 912 5036 0,
931 4978 961 5025 ut
977 4979 1018 5025 est
1035 4977 1061 5026 in
1079 4975 1121 5025 ed.
1141 4978 1210 5026 Crat.
1229 4991 1253 5026 a.
1273 4968 1348 5028 ⁴528.
1362 5006 1389 5014 —
1407 4993 1461 5041 spes
1476 4983 1503 5030 44
1516 4984 1569 5045 filio
1586 4997 1601 5032 a
1619 5011 1647 5021 -

325 5063 469 5110 summaque
486 5051 520 5099 D:
539 5062 636 5098 mmmo
654 5050 690 5099 i0
708 5075 735 5084 —
756 5050 795 5098 ⁴2.
815 5051 895 5099 dicam
913 5052 942 5100 de
956 5056 1030 5112 patre
1045 5051 1079 5098 ai
1100 5075 1126 5086 -
1146 5050 1309 5101 beniuolentia
1324 5053 1350 5102 iu
1367 5053 1410 5102 ed.
1429 5054 1586 5107 Venibit:
1606 5058 1648 5106 be·

326 5121 461 5173 4440444444
477 5137 506 5183 a;
525 5124 688 5174 bmiuoteatia
706 5124 769 5186 [sine
781 5125 815 5186 44)
834 5124 911 5188 44344
928 5153 949 5162 -
974 5126 1014 5177 ta.
1027 5127 1073 5188 ipsi
1085 5127 1103 5176 b
1116 5154 1149 5163 -
1166 5129 1205 5176 45.
1218 5128 1281 5188 spito
1298 5130 1363 5190 344,
1381 5130 1438 5180 silla
1454 5145 1469 5180 a
1483 5159 1510 5168 -
1529 5135 1649 5198 Marma]

326 5201 421 5249 marim
437 5198 454 5249 b
469 5226 495 5234 -
514 5200 646 5249 semiittiua
663 5203 673 5248 t
692 5226 718 5236 -
738 5201 777 5250 44.
796 5200 883 5262 loquor
900 5202 910 5249 4
928 5227 955 5235 -
981 5201 1021 5250 48.
1039 5201 1179 5252 4444404404
1195 5205 1271 5265 4344
1291 5230 1318 5240 -
1338 5219 1364 5266 p.
1383 5219 1406 5256 r.
1424 5220 1501 5256 44444
1516 5209 1647 5269 4444444444

331 5301 355 5311 -
375 5275 414 5324 49.
433 5275 492 5335 imp.
509 5288 534 5335 p.
553 5287 597 5336 epo
614 5288 628 5323 a
648 5277 707 5338 (pro
727 5276 803 5337 impp.
822 5277 880 5340 epol
907 5303 934 5311 -
961 5277 1002 5325 aa.
1022 5276 1053 5325 ab
1075 5291 1103 5326 40
1125 5290 1182 5340 repe
1201 5279 1211 5326 4
1228 5303 1255 5312 -
1284 5284 1307 5327 44
1326 5281 1433 5341 pedestri
1453 5281 1566 5343 captaris
1588 5286 1599 5333 t
1618 5311 1646 5319 —

326 5350 366 5401 44.
384 5350 560 5412 [4444444444
581 5376 605 5386 -
626 5351 706 5399 dicere
719 5352 795 5412 suerit
812 5353 821 5399 t
840 5378 866 5387 -
890 5351 930 5400 43.
949 5365 980 5399 ac
997 5364 1050 5401 om.
1069 5353 1079 5399 t
1098 5378 1125 5386 -
1147 5353 1291 5402 diiudicarit
1307 5355 1415 5417 scripsi:
1434 5357 1552 5406 4444440444
1569 5355 1648 5420 (iudi-

326 5425 431 5489 caverit)
449 5426 530 5482 44)ος
554 5425 680 5474 inclinarit
697 5426 765 5475 coni.
784 5424 877 5476 Cobet.
898 5453 922 5463 -
947 5424 988 5476 44.
1007 5425 1036 5489 44]
1053 5427 1088 5474 sic
1104 5428 1114 5474 t
1132 5452 1159 5461 -
1182 5432 1270 5475 444044
1292 5428 1330 5476 444
1354 5427 1412 5491 bg:
1437 5437 1536 5480 amatus
1552 5431 1578 5479 44
1595 5436 1645 5489 at:

326 5501 456 5549 senatuis
473 5501 480 5548 4
500 5526 526 5535 -
545 5500 586 5549 45.
604 5512 648 5548 acc
663 5499 731 5549 uicta
749 5501 774 5557 t;
793 5513 823 5549 44
839 5501 932 5550 uictam
948 5515 1003 5550 a-
1022 5500 1062 5548 26.
1076 5501 1194 5549 accedunt
1208 5501 1271 5549 b·-
1287 5503 1387 5552 dilectus
1404 5517 1460 5567 ag:
1480 5506 1609 5555 derelictus
1620 5510 1640 5565 t;

327 5575 431 5625 44440444
447 5574 510 5623 bi0
529 5600 556 5609 -
579 5587 638 5623 vcro
655 5586 708 5624 orn.
727 5587 742 5623 a
761 5600 787 5609 —
812 5574 851 5623 44.
870 5577 920 5635 tpri
936 5573 954 5624 b
972 5599 999 5609 -
1019 5579 1116 5624 tostum
1134 5576 1281 5627 Ferrarius:
1303 5578 1366 5626 tanti
1385 5579 1466 5627 Di-
1487 5579 1527 5628 48.
1544 5581 1647 5641 pionica

327 5662 384 5711 ag:
401 5650 478 5712 senice
494 5651 519 5708 t;
538 5649 664 5710 pbomitio
681 5650 688 5697 4
707 5675 734 5686 -
757 5649 797 5698 49.
816 5649 983 5699 contraeatis
1000 5653 1058 5699 t-
1075 5649 1115 5700 30.
1133 5651 1190 5700 illus
1207 5654 1217 5700 t
1237 5678 1263 5687 -
1282 5651 1376 5702 5454444
1393 5655 1403 5702 4
1419 5679 1452 5689 -
1468 5653 1508 5703 34.
1527 5657 1646 5705 0444444-

327 5724 380 5773 com‘
395 5724 537 5774 4054544444
552 5725 620 5773 dacis
634 5737 740 5787 mopsos
752 5724 835 5774 codex
849 5725 943 5783 Ursini;
962 5738 1019 5774 cam
1034 5725 1183 5775 Parthorum
1199 5727 1359 5777 nobilissimos
1375 5730 1447 5778 44444
1462 5729 1590 5779 mamimus
1606 5731 1645 5779 Di

331 5799 411 5848 etsie
428 5799 457 5859 0,
480 5798 529 5849 sed
551 5799 593 5849 bie
613 5800 787 5860 maximusque
803 5813 864 5850 cum
882 5799 941 5849 eod.
960 5800 1104 5863 Langiano;
1127 5800 1186 5852 tort.
1204 5815 1260 5852 cam
1281 5804 1382 5866 Pacori,
1404 5804 1528 5854 Partitora
1546 5803 1644 5854 moabi-

329 5871 414 5922 tisaimi
431 5873 511 5935 ducis,
529 5887 563 5924 m.
581 5887 603 5923 c.
620 5873 693 5937 [44444.
716 5872 755 5924 Cl.
774 5875 859 5924 Garat.
877 5874 911 5924 ad
927 5874 954 5925 b.
967 5873 984 5926 l.
