3800 7350
310 1151 392 1220 lidi
709 1157 861 1224 otta'rlo
882 1158 962 1224 PRO
985 1158 1046 1224 CN.
1067 1159 1241 1224 PLANCIO

308 1327 428 1413 iactura
448 1326 593 1392 facienda
614 1336 674 1401 cst,
701 1328 873 1392 sedetiam
902 1329 1080 1412 largitionis
1108 1329 1297 1412 recipienda
1318 1329 1457 1411 suspicio
1487 1336 1550 1392 est:
1580 1330 1629 1391 sin

307 1421 392 1484 hnnc
420 1419 466 1483 illi
496 1429 670 1504 antepono,
700 1424 928 1487 contumeliosa
955 1422 1101 1485 habenda
1128 1432 1176 1487 est
1206 1423 1306 1485 oratio
1338 1430 1369 1484 et
1391 1422 1559 1486 dicendum
1582 1431 1630 1486 est

307 1516 356 1589 id,
379 1513 463 1598 qnod
485 1515 539 1577 ille
562 1536 611 1578 me
632 1517 768 1599 llagitat,
789 1518 990 1580 Laterensem
1006 1517 1168 1580 aPlancio
1184 1516 1336 1599 dignitate
1352 1536 1421 1578 esse
1437 1524 1629 1600 superatum.

306 1611 352 1672 lta
380 1616 435 1670 aut
462 1608 644 1673 amicissimi
666 1610 803 1673 hominis
825 1610 1017 1674 existimatio
1041 1609 1230 1673 offendenda
1252 1620 1317 1683 est,
1344 1610 1479 1674 siillam
1501 1629 1630 1673 accusa·

286 1702 402 1765 etionis
429 1701 641 1765 conditionem
670 1724 803 1787 sequar,
832 1712 887 1767 aut
913 1703 1032 1785 optime
1061 1704 1100 1766 de
1129 1724 1178 1767 me
1211 1705 1315 1766 meriti
1336 1704 1421 1767 salus
1443 1703 1628 1766 deserenda.

307 1797 360 1858 lll.
390 1796 451 1857 Sed
479 1815 554 1877 ego,
583 1796 777 1870 Laterensis,
807 1817 934 1861 caecum
964 1818 1013 1860 me
1043 1806 1075 1860 et
1102 1798 1307 1880 praecipitem
1327 1796 1403 1859 ferri
1426 1794 1575 1860 confitear
1596 1799 1628 1859 in

306 1909 415 1963 causa,
438 1889 466 1951 si
487 1895 518 1951 te
540 1896 593 1952 aut
613 1909 632 1951 a
653 1890 779 1953 Plancio
801 1899 857 1953 aut
877 1892 915 1953 ab
940 1891 1006 1954 ullo
1021 1890 1175 1973 dignitate
1190 1892 1332 1973 potuisse
1348 1892 1489 1974 superari
1506 1891 1629 1954 dixero.

305 1985 415 2068 ltaque
437 1981 596 2047 discedam
618 1982 657 2045 ah
679 2002 718 2047 ea
738 1985 957 2060 contentione,
978 1984 1019 2048 ad
1041 2003 1136 2069 quam
1157 1992 1192 2048 tu
1206 2004 1257 2047 me
1270 2003 1382 2060 vocas,
1404 1994 1437 2048 et
1450 1986 1574 2049 veniam
1587 1985 1628 2047 ad

305 2078 409 2155 illam,
430 2078 471 2142 ad
492 2073 587 2162 (Ῑιιιιιιι
607 2096 659 2142 me
679 2097 776 2142 cansa
795 2079 866 2163 ipsa
887 2078 1027 2143 deducit.
1070 2076 1100 2141 7.
1123 2078 1229 2155 Quidt
1252 2086 1286 2142 tn
1306 2079 1448 2161 †magni
1464 2078 1629 2162 dignitatis

269 2173 439 2238 uindicem
461 2178 555 2255 putas
575 2190 646 2235 esse
666 2172 841 2254 populum?
870 2173 1017 2236 Fortasse
1038 2192 1102 2235 non
1125 2193 1298 2257 uiamquam
1322 2179 1379 2235 est.
1412 2173 1537 2236 Utinam
1552 2192 1628 2236 nero

305 2287 430 2350 semper
451 2265 550 2328 essetl
574 2265 629 2328 sed
651 2273 701 2328 est
720 2285 848 2348 perraro
871 2277 918 2341 et,
941 2268 969 2329 si
991 2268 1118 2350 quando
1139 2276 1205 2342 est,
1228 2268 1314 2350 iniis
1331 2268 1563 2348 magistralibus
1580 2278 1629 2330 est

305 2360 506 2434 mandandis,
529 2359 645 2443 quihus
667 2358 801 2423 salutem
823 2380 911 2424 suam
933 2362 1085 2424 committi
1108 2370 1218 2444 putat:
1240 2362 1290 2425 his
1305 2361 1476 2424 levioribus
1492 2362 1628 2424 comitiis

305 2453 468 2538 diligentia
496 2465 529 2518 et
555 2453 653 2537 gratia
675 2455 845 2537 petitorum
867 2454 970 2518 honos
992 2458 1129 2539 paritur,
1157 2476 1220 2518 non
1243 2457 1283 2517 iis
1305 2457 1513 2529 ornamentis,
1545 2474 1627 2540 quae

305 2568 374 2612 esse
396 2551 429 2612 in
451 2556 483 2612 te
503 2549 656 2611 videmus.
691 2550 768 2610 Nam
798 2548 883 2632 quod
906 2548 945 2612 ad
968 2551 1119 2633 populum
1142 2550 1294 2633 pertinet,
1321 2569 1447 2631 semper
1468 2550 1628 2633 dignitatis

268 2641 434 2726 aciniquus
453 2643 551 2706 iudex
572 2651 636 2719 est,
665 2644 721 2728 qui
742 2653 797 2707 aut
818 2643 938 2707 invidet
957 2651 1013 2707 ant
1033 2643 1134 2708 iavet:
1165 2663 1356 2728 quamquam
1378 2642 1458 2707 nihil
1478 2651 1571 2728 potes
1593 2643 1626 2705 in

305 2746 352 2812 te,
375 2737 572 2813 Laterensis,
598 2739 804 2812 constituere,
827 2740 913 2822 quod
935 2741 976 2803 sit
997 2739 1157 2823 proprium
1180 2739 1283 2802 laudis
1304 2748 1394 2813 tuae,
1417 2738 1494 2821 quin
1515 2736 1548 2801 id
1570 2736 1627 2798 tibi

304 2832 345 2895 sit
373 2851 537 2895 commune
565 2853 635 2895 cum
664 2832 802 2896 Plancio.
845 2830 875 2895 8.
905 2834 967 2897 Sed
995 2833 1057 2897 hoc
1085 2841 1186 2897 totum
1209 2841 1319 2916 agetur
1340 2833 1402 2896 alio
1425 2833 1514 2895 loco:
1541 2851 1627 2893 nunc

288 2933 425 2989 tantum
452 2924 578 3009 disputo
611 2923 650 2988 de
679 2925 747 2988 iure
775 2927 903 3008 populi,
936 2928 992 3011 qui
1022 2937 1054 2991 et
1082 2934 1187 3010 potest
1207 2937 1239 2989 et
1265 2925 1347 2989 solet
1368 2946 1430 2989 non
1453 2944 1626 3008 numquam

304 3020 417 3103 dignos
440 3019 626 3103 praeterire,
648 3039 707 3082 nec
729 3020 755 3082 si
777 3040 796 3082 a
818 3022 937 3104 populo
960 3022 1149 3104 praeteritus
1170 3027 1219 3084 est
1238 3040 1334 3105 quem
1356 3039 1419 3082 non
1436 3018 1587 3102 oportuit,
1608 3038 1626 3080 a

265 3114 460 3177 iniudicihus
488 3111 746 3177 condemnandus
775 3115 900 3197 estqui
922 3116 1112 3197 praeteritus
1134 3135 1198 3178 non
1220 3123 1278 3177 est.
1316 3116 1395 3177 Nam
1416 3113 1443 3175 si
1466 3112 1509 3175 ita
1531 3119 1626 3186 esset,

304 3208 390 3292 quod
419 3214 525 3290 patres
553 3207 637 3290 apnd
659 3207 794 3271 maiores
816 3216 940 3272 nostros
963 3218 1070 3273 tenere
1091 3229 1156 3273 non
1180 3214 1367 3292 potuerunt,
1401 3214 1437 3270 ut
1455 3205 1627 3291 reprelien-

303 3321 390 3365 sores
412 3307 520 3365 ossent
540 3302 755 3375 comitiorum,
777 3301 810 3363 id
831 3301 985 3366 haberent
1005 3302 1143 3375 iudices,
1166 3302 1216 3364 vel
1232 3301 1318 3385 quod
1339 3299 1438 3363 multo
1453 3302 1546 3365 etiam
1568 3300 1626 3362 mi-

302 3415 363 3458 nus
384 3403 468 3458 esset
487 3394 662 3459 ferendum.
697 3397 775 3458 Tum
805 3397 887 3458 enim
909 3397 1124 3479 magistratum
1147 3416 1209 3458 non
1233 3395 1363 3478 gerebat
1383 3394 1427 3469 is,
1457 3394 1512 3478 qui
1534 3413 1627 3478 cepe·

303 3496 366 3564 rat,
387 3489 415 3552 si
435 3497 540 3573 patres
561 3498 706 3553 auctores
727 3509 792 3552 non
814 3498 904 3552 erant
923 3490 1015 3554 lacti:
1037 3511 1122 3553 nunc
1143 3489 1321 3572 postulatur
1339 3489 1478 3562 avohis,
1499 3494 1535 3550 ut
1556 3488 1624 3549 eius

266 3583 433 3658 nexsilio,
462 3584 517 3665 qui
539 3590 663 3645 creatus
686 3583 743 3657 sit,
772 3582 921 3646 iudicium
952 3583 1061 3667 populi
1083 3583 1214 3645 Romani
1235 3581 1481 3663 reprehendatis.
1512 3580 1624 3661 ltaque

302 3697 492 3763 quamquam
519 3697 583 3762 qua
612 3677 702 3740 nolui
735 3679 828 3740 ianua
857 3698 926 3740 sum
954 3678 1115 3760 ingressus
1138 3678 1170 3738 in
1193 3696 1336 3751 causam,
1366 3693 1492 3758 sperare
1514 3671 1625 3734 videor

302 3782 423 3836 tantum
453 3770 607 3835 alutmam
638 3791 707 3834 esse
729 3772 902 3835 orationem
925 3791 1026 3833 meam
1047 3791 1067 3833 a
1088 3769 1215 3834 minima
1238 3768 1418 3852 suspicione
1440 3766 1624 3831 offensionis

303 3876 393 3940 tuae,
415 3872 445 3928 te
467 3871 503 3927 ut
523 3865 625 3949 potius
647 3865 826 3947 obiurgem,
849 3863 933 3947 quod
957 3865 1098 3946 iniquum
1121 3863 1154 3925 in
1170 3863 1339 3924 discrimen
1361 3862 1498 3925 adducas
1520 3858 1624 3941 digni-

301 3967 397 4023 tatem
418 3967 515 4032 tuam,
537 3978 634 4041 quam
654 3968 691 4022 ut
712 3979 779 4022 eam
802 3978 861 4041 ego
877 3957 941 4020 ulla
956 3956 1145 4022 contumelia
1160 3975 1256 4019 coner
1269 3957 1431 4038 attingere.
1462 3945 1517 4017 lV.
1530 3950 1560 4014 9.
1575 3954 1623 4014 Tu

264 4052 544 4127 eocontinentiam,
570 4059 604 4115 tu
626 4052 828 4126 industriam,
857 4060 891 4114 tu
912 4052 1051 4114 animum
1072 4051 1106 4114 in
1128 4071 1193 4114 rem
1216 4049 1389 4134 publicam,
1412 4056 1446 4110 tu
1469 4050 1623 4118 virtutem,

302 4154 335 4210 tn
358 4145 590 4219 innocentiam,
613 4153 647 4208 tu
668 4143 780 4219 fidem,
809 4154 843 4208 tu
866 4145 989 4209 labores
1013 4152 1100 4218 tuos,
1123 4144 1206 4227 quod
1230 4144 1339 4206 aedilis
1361 4163 1424 4206 non
1446 4139 1623 4211 sisisclus,

300 4240 416 4304 fractos
438 4260 507 4303 esse
530 4249 562 4303 et
589 4240 728 4304 abiectos
751 4248 783 4302 et
803 4239 986 4321 repudiatos
1009 4242 1122 4321 putas‘l
1154 4237 1233 4299 Vide
1263 4236 1406 4310 tandem,
1435 4233 1622 4305 Laterensis,

302 4342 454 4418 quantum
477 4353 536 4416 ego
559 4353 578 4396 a
600 4342 631 4397 te
653 4332 847 4396 dissentiam.
882 4332 933 4405 Si,
955 4352 1005 4394 me
1028 4333 1098 4395 dius
1121 4328 1230 4404 fidius,
1253 4331 1361 4392 docem
1384 4328 1445 4392 soli
1461 4334 1568 4390 essent
1588 4327 1621 4388 in

301 4429 426 4492 civitate
449 4429 507 4492 viri
528 4427 621 4503 honi,
651 4427 828 4510 sapientes,
856 4425 948 4500 insti,
977 4445 1103 4508 graves,
1135 4425 1190 4508 qui
1219 4433 1250 4487 te
1276 4422 1440 4505 indignum
1462 4419 1621 4484 aedilitate
1673 4418 1678 4425 ’

366 4784 389 4833 l.
402 4783 503 4832 iactura
514 4794 582 4832 corr.
596 4794 627 4831 er
639 4786 735 4830 natura
748 4781 766 4830 E
781 4805 807 4816 -
822 4779 934 4830 alterum
946 4784 982 4830 cst
994 4778 1092 4830 delevit
1103 4779 1241 4830 Manutius.
1251 4805 1278 4815 -
1298 4777 1321 4829 l.
1335 4783 1379 4827 cut
1396 4778 1422 4827 in
1434 4789 1525 4827 rasura
1539 4773 1620 4825 hobel

300 4855 321 4907 E
340 4883 366 4894 ·-
385 4859 410 4906 5.
428 4857 523 4906 meritis
539 4856 586 4907 TE
605 4883 632 4892 -
651 4855 784 4905 manenda
800 4855 862 4905 TE:
881 4855 1015 4905 deserenda
1030 4859 1065 4904 cst
1082 4855 1102 4904 0
1120 4881 1147 4890 ν
1172 4855 1196 4904 6.
1214 4853 1322 4914 consoni
1338 4852 1357 4902 T
1376 4879 1403 4889 -
1422 4852 1446 4901 7.
1466 4854 1510 4900 out
1525 4853 1586 4899 ante
1603 4861 1621 4897 a

300 4943 354 4982 om.
372 4933 392 4981 T
411 4956 438 4966 -
456 4931 510 4981 nlla
526 4931 545 4981 E
561 4957 587 4966 —
603 4931 712 4994 potuisse
729 4943 782 4980 om.
795 4932 815 4980 T
830 4955 857 4964 -
877 4929 901 4979 9.
919 4931 976 4991 ipsa
993 4942 1047 4979 om.
1060 4930 1079 4979 Τ
1093 4956 1120 4966 -
1140 4930 1204 4991 Quid
1220 4934 1248 4978 ln
1263 4929 1349 4991 anagni
1366 4926 1494 4991 dignitatis
1505 4925 1537 4974 T:
1557 4923 1621 4985 Quid

299 5004 372 5055 tum?
387 5006 425 5056 An
442 5005 570 5069 digndmis
586 5006 618 5063 E;
639 5006 715 5067 Quid,
733 5011 791 5054 tune
807 5005 934 5067 dignitatis
951 5019 983 5054 ex
1001 5004 1106 5054 duobus
1124 5003 1203 5054 codd.
1223 5001 1387 5061 Wunderus;
1407 4999 1490 5063 occid?
1506 5005 1565 5049 tune
1580 5010 1621 5046 oe-

300 5092 376 5142 guum
392 5079 521 5142 dignitatis
539 5080 695 5139 Lambinus;
718 5079 801 5142 Ouid?
822 5085 849 5129 tu
865 5093 952 5129 ocium
968 5081 1095 5144 dignitatis
1111 5082 1206 5131 Bovius
1223 5079 1283 5130 Ver.
1302 5080 1384 5129 Lecti.
1402 5078 1434 5127 il.
1452 5090 1478 5141 p.
1498 5075 1545 5125 teo
1561 5087 1617 5136 sq.;

301 5155 378 5217 Quid,
400 5161 458 5204 tune
473 5169 558 5206 nerent
574 5156 703 5220 dignitatis
719 5154 833 5205 Klotzius
851 5155 875 5204 in
894 5154 937 5204 ed.
956 5156 1069 5218 Tenba„
1090 5156 1134 5219 qui
1152 5157 1239 5204 tumen
1258 5155 1386 5217 (Prooem.
1404 5164 1430 5215 p.
1449 5151 1535 5210 xxii.)
1553 5149 1620 5198 scri-

301 5229 386 5294 psisse
406 5230 516 5281 sedicit
533 5231 597 5293 (inid
613 5230 660 5280 tn?
679 5242 770 5280 namne
786 5230 914 5293 dignitatis
930 5232 997 5288 cet.;
1021 5229 1105 5292 Quid?
1121 5235 1161 5291 tn,
1179 5231 1280 5289 Marce,
1298 5228 1426 5291 dignitatis
1442 5223 1569 5275 Halmius.
1587 5250 1619 5258 -

300 5303 340 5354 40.
361 5303 468 5369 Utinam]
485 5310 513 5356 ut
528 5305 631 5356 iran
654 5333 676 5340 ·-
702 5306 741 5356 ll.
760 5305 803 5370 eet]
820 5318 869 5356 etse
885 5305 904 5355 T
923 5332 950 5340 -
973 5307 1012 5357 ⁴3.
1029 5307 1127 5367 patitur
1143 5308 1175 5361 Τ;
1193 5311 1303 5369 parator
1320 5304 1339 5354 E
1358 5329 1384 5339 -
1405 5300 1444 5352 ll.
1463 5300 1493 5364 tc]
1511 5300 1571 5349 seT
1590 5325 1616 5333 -

300 5378 340 5428 ie.
355 5383 435 5441 potest
450 5380 497 5430 TE
516 5408 543 5416 —
563 5383 603 5432 lii.
622 5380 690 5444 quin]
708 5381 768 5442 qnid
784 5382 842 5431 T-
861 5381 902 5431 20.
920 5381 1137 5444 condempnandos
1153 5382 1173 5430 T
1191 5407 1217 5418 -
1236 5386 1272 5431 cst
1287 5382 1347 5430 ante
1360 5379 1403 5440 qni
1419 5377 1505 5426 om.T
1524 5398 1551 5411 -
1569 5388 1619 5423 non

299 5465 353 5503 om.
372 5453 417 5504 TE
437 5481 463 5490 -
486 5455 507 5503 ai
524 5467 578 5505 om.
596 5457 616 5505 T
635 5483 660 5493 -
687 5457 727 5505 Et.
744 5456 849 5505 ousiosis
864 5454 884 5504 T
902 5480 930 5490 -
950 5452 1107 5518 reitensores
1122 5457 1142 5505 T
1160 5458 1195 5519 (et
1211 5457 1249 5506 sic
1265 5453 1422 5518 saepissime
1437 5448 1455 5516 ᾖ
1473 5451 1553 5500 etiam
1570 5461 1619 5514 pro

296 5529 351 5591 pre)
365 5554 393 5564 -
410 5527 451 5578 23.
470 5534 529 5580 esset
546 5530 578 5580 E:
596 5534 673 5580 cuent
688 5530 721 5588 T;
739 5531 805 5579 esto
819 5557 846 5569 -·
864 5536 980 5593 emerat
996 5533 1016 5582 T
1034 5558 1061 5568 -
1080 5531 1121 5582 il.
1135 5532 1187 5581 eins
1202 5544 1255 5581 om.
1271 5530 1291 5581 T
1308 5554 1334 5564 -
1354 5528 1394 5577 25.
1413 5526 1489 5577 csilio
1506 5524 1554 5575 TE
1571 5524 1619 5587 [sic

299 5599 407 5665 ubique)
426 5627 453 5637 -
473 5603 561 5667 populi
580 5605 693 5670 Eunoni]
712 5619 739 5667 ρ.
758 5606 786 5655 a.
804 5605 841 5664 E;
866 5619 914 5668 pr.
933 5607 953 5656 T
975 5632 1002 5642 -
1024 5607 1065 5656 te.
1084 5606 1248 5671 gnomonicen]
1270 5606 1324 5654 ism
1340 5599 1382 5664 qn
1397 5604 1430 5662 T;
1453 5602 1506 5652 iani
1523 5596 1571 5664 gui
1587 5599 1616 5648 E.

300 5675 339 5729 Cf·
357 5688 384 5741 i)-
403 5677 475 5737 ⁴⁴⁰².
489 5679 511 5729 l.
530 5706 557 5716 -
576 5692 628 5742 gno
643 5692 722 5744 supra
739 5693 848 5731 versum
864 5680 946 5732 habet
957 5682 976 5733 E
989 5707 1016 5717 -
1034 5682 1103 5731 uolui
1119 5682 1164 5733 TE
1177 5709 1205 5719 -
1223 5679 1411 5742 ansuinum
1428 5677 1459 5727 T:
1478 5677 1618 5738 opidanum

301 5750 334 5810 Et
352 5750 497 5815 &mnan
512 5753 533 5803 0
551 5778 578 5790 —
600 5766 678 5804 messe
693 5753 748 5817 (litt.
765 5768 792 5805 m
808 5757 947 5821 expuncta)
964 5758 984 5807 T
1003 5783 1030 5794 -
1053 5757 1094 5808 28.
1112 5758 1205 5809 iniciam
1221 5757 1253 5816 T;
1274 5754 1401 5806 ionicum
1417 5752 1437 5803 E
1457 5779 1484 5788 -
1501 5750 1543 5801 tt.
1561 5762 1616 5798 cnm

300 5824 1584 5912 mesammo-ao.00nsmn-nra.p.e;nrep.r-denominans.
