3800 7350
297 1165 360 1231 968
717 1169 870 1233 ORATIO
892 1171 970 1234 PRO
992 1171 1026 1234 P.
1049 1168 1191 1233 SESTIO

299 1341 327 1402 ei
349 1340 474 1422 generi,
496 1359 606 1422 graves
628 1348 660 1402 et
682 1341 785 1421 magni
807 1339 953 1401 homines
975 1337 1187 1412 habebantur;
1211 1338 1266 1400 sed
1290 1338 1437 1401 valebant
1458 1340 1493 1401 in
1514 1347 1627 1403 senatu

299 1433 448 1507 multum,
477 1434 561 1515 apud
587 1434 690 1495 bonos
720 1435 804 1497 viros
833 1432 1021 1515 plurimum:
1058 1431 1251 1494 multitudini
1278 1432 1410 1494 iucundi
1439 1452 1503 1495 non
1527 1442 1626 1507 erant,

298 1527 453 1609 suffragiis
476 1526 695 1590 offendebatur
717 1547 809 1610 saepe
831 1547 941 1589 eorum
958 1526 1122 1598 voluntas,
1144 1525 1292 1606 plausum
1308 1545 1381 1588 vero
1398 1526 1536 1588 etiamsi
1553 1528 1626 1610 quis

298 1639 405 1683 eorum
429 1621 601 1703 aliquando
623 1628 806 1702 acceperat,
829 1641 869 1682 ne
892 1620 968 1703 quid
984 1625 1149 1702 peccasset
1164 1619 1417 1700 pertimescebat.
1449 1622 1495 1681 Ac
1510 1628 1626 1696 tamen,

274 1712 325 1775 esi
355 1733 437 1795 quae
467 1734 517 1777 res
546 1722 613 1777 erat
641 1714 756 1787 maior,
787 1714 871 1777 idem
899 1713 954 1775 ille
981 1711 1119 1795 populus
1148 1712 1261 1775 horum
1284 1712 1468 1775 auctoritate
1490 1716 1626 1777 maxime

298 1808 562 1871 commovebatur.

382 1902 416 1962 L.
440 1896 511 1963 406.
534 1904 640 1975 Nunc,
670 1903 731 1965 nisi
753 1921 803 1964 me
825 1900 922 1973 tatttt,
948 1900 981 1961 in
1004 1919 1042 1962 eo
1064 1907 1147 1962 statu
1171 1900 1279 1962 civitas
1302 1907 1365 1973 est,
1388 1907 1442 1975 ut,
1463 1901 1491 1964 si
1513 1922 1626 1984 operas

298 1995 525 2059 conductorum
548 1997 734 2071 removeris,
757 2015 865 2066 omnes
887 1995 971 2057 idem
994 1993 1034 2056 de
1055 2013 1089 2056 re
1111 1993 1240 2075 publica
1261 1996 1384 2057 sensuri
1406 2015 1476 2058 esse
1495 1993 1627 2058 videan-

298 2098 357 2151 tur.
398 2090 522 2152 Etenim
553 2090 653 2152 tribus
681 2089 760 2152 locis
783 2087 950 2172 significari
974 2089 1108 2150 maxime
1131 2087 1242 2171 populi
1263 2088 1395 2150 llomani
1416 2088 1566 2151 iudicium
1589 2108 1626 2152 ac

260 2184 441 2247 tovoluntas
463 2191 582 2265 potest,
610 2185 776 2257 contione,
804 2184 957 2257 comitiis,
987 2181 1135 2245 ludorum
1165 2181 1440 2264 gladiatommque
1462 2201 1625 2247 consessu.

298 2277 388 2352 Quae
410 2277 516 2340 contio
539 2277 599 2340 tuit
620 2298 677 2360 per
697 2277 757 2339 bos
779 2296 898 2350 annos,
921 2296 1002 2359 quae
1026 2276 1154 2358 quidem
1178 2283 1264 2338 esset
1284 2294 1350 2337 non
1372 2275 1546 2350 conducta,
1568 2277 1625 2340 sed

297 2391 387 2445 vera,
409 2372 441 2433 in
463 2390 526 2453 qua
547 2371 658 2454 populi
673 2372 806 2434 llornani
829 2391 1003 2434 consensus
1025 2370 1162 2453 perspici
1174 2387 1235 2430 non
1249 2370 1382 2450 posset‘t
1404 2369 1537 2433 Habitae
1551 2379 1627 2433 sunt

297 2463 414 2527 multae
437 2463 478 2526 de
499 2484 549 2527 me
571 2485 590 2527 a
611 2464 784 2546 gladiatore
806 2464 1063 2538 sceleratissimo,
1085 2464 1124 2524 ad
1148 2481 1226 2545 quas
1249 2481 1342 2523 nemo
1356 2461 1463 2526 adibat
1484 2461 1625 2528 incarm-

298 2564 385 2639 ptus,
408 2577 501 2620 nemo
524 2558 663 2640 integer;
689 2579 783 2621 nemo
805 2558 894 2620 illum
916 2556 1045 2620 foedum
1067 2556 1189 2619 vultum
1211 2555 1392 2637 adspicere,
1414 2575 1508 2619 nemo
1529 2556 1626 2620 luria-

259 2666 287 2712 re
297 2651 358 2713 lem
380 2669 491 2715 vocem
519 2651 622 2715 bonus
643 2653 752 2715 audire
775 2660 909 2734 poterat.
949 2654 1047 2714 Erant
1069 2650 1141 2713 illae
1164 2649 1329 2712 contiones
1351 2648 1546 2730 perditorum
1567 2651 1625 2713 bo·

297 2745 416 2807 minum
446 2746 626 2809 necessario
655 2745 862 2809 turbulentae.
907 2741 978 2807 t07.
1002 2744 1119 2807 Habuit
1140 2746 1180 2806 de
1208 2744 1322 2806 eodem
1344 2763 1394 2805 me
1415 2744 1448 2805 P.
1471 2744 1625 2809 Lentulus

296 2837 408 2900 consul
430 2837 626 2902 contionem:
654 2859 826 2903 concursus
848 2845 897 2901 est
920 2838 1029 2922 populi
1052 2839 1184 2902 Romani
1207 2836 1326 2912 lactus3
1353 2855 1464 2900 omnes
1486 2839 1625 2916 ordines,

297 2938 360 2993 tota
381 2931 414 2993 in
436 2931 491 2994 illa
513 2934 661 2995 contione
684 2932 774 2995 ltalia
796 2932 952 3001 constitit.
992 2931 1064 3014 Egit
1087 2952 1214 2995 causam
1236 2950 1358 2994 summa
1381 2951 1452 2993 cum
1474 2934 1625 3015 gravitate

296 3026 451 3108 copiaque
474 3024 618 3100 dicendi,
647 3034 735 3090 tanto
758 3026 901 3099 silentio,
931 3033 1018 3089 tanta
1048 3025 1277 3109 approbatione
1300 3024 1459 3099 omnium,
1487 3025 1567 3088 nihil
1588 3034 1625 3090 ut

257 3135 444 3202 enumquam
466 3120 626 3182 videretur
647 3129 710 3182 tam
732 3120 886 3202 populare
909 3121 948 3182 ad
971 3118 1080 3202 populi
1098 3118 1230 3180 llornani
1247 3136 1340 3179 aures
1356 3116 1518 3182 accidisse.
1550 3121 1625 3183 Pro·

296 3213 407 3275 ductus
437 3221 485 3275 est
512 3214 552 3274 ab
579 3232 617 3275 eo
643 3214 697 3276 Cn.
720 3214 906 3295 Pompeius,
935 3213 1047 3295 quise
1070 3233 1135 3275 non
1158 3211 1258 3274 solum
1282 3218 1442 3273 auctorem
1464 3233 1553 3277 meae
1575 3233 1625 3277 sa-

295 3306 387 3379 lutis,
416 3307 471 3369 sed
501 3306 592 3368 etiam
621 3307 796 3389 supplicem
828 3307 949 3389 populo
972 3308 1113 3369 Romano
1131 3306 1280 3387 praebuit.
1328 3304 1431 3367 Huius
1460 3308 1561 3369 oratio
1588 3316 1625 3370 ut

296 3420 421 3483 semper
442 3401 544 3482 gravis
568 3407 600 3462 et
622 3409 710 3483 grata
730 3401 763 3462 in
779 3400 977 3464 contionibus
992 3399 1067 3474 tuit,
1090 3400 1136 3462 sic
1154 3399 1312 3462 contendo
1327 3418 1503 3481 numquam
1518 3420 1624 3484 neque

296 3494 478 3577 eloquentia
500 3513 606 3576 neque
628 3494 822 3557 iucunditate
843 3494 943 3556 fuisse
966 3494 1095 3556 maiore.
1140 3489 1210 3554 l08.
1235 3493 1307 3567 Quo
1330 3493 1458 3556 silentio
1480 3502 1554 3557 sunt
1568 3514 1624 3557 au-

257 3586 353 3649 aediti
376 3586 415 3649 de
438 3606 488 3648 mc
509 3588 607 3650 ceteri
629 3588 786 3672 principes
808 3588 959 3651 civitatis!
983 3608 1063 3671 qnos
1084 3586 1203 3650 idcirco
1225 3606 1289 3649 non
1312 3587 1438 3669 appello
1460 3588 1522 3650 boc
1544 3588 1623 3653 loco,

294 3701 335 3744 ne
358 3701 429 3744 mea
450 3684 561 3756 oratio,
582 3682 611 3764 si
635 3683 738 3746 minus
761 3681 800 3746 de
823 3683 932 3765 aliquo
955 3684 1076 3757 dixero,
1102 3682 1234 3764 ingrata,
1257 3683 1283 3745 si
1307 3683 1382 3746 satis
1404 3682 1444 3745 de
1467 3683 1622 3757 omnibus,

294 3772 418 3839 infinita
439 3796 510 3840 esse
531 3777 683 3840 videatur.
721 3777 807 3840 Cedo
829 3797 914 3839 nunc
937 3777 1080 3840 eiusdem
1103 3777 1185 3839 illius
1209 3776 1328 3838 inimici
1350 3777 1412 3838 mei
1434 3777 1474 3838 de
1496 3797 1547 3840 mc
1569 3799 1622 3841 eo·

295 3871 368 3932 dem
389 3868 429 3932 ad
451 3888 559 3952 verum
581 3869 733 3954 populum
755 3872 787 3933 in
810 3889 921 3952 campo
949 3870 1063 3933 Martio
1094 3870 1293 3933 contionem!
1329 3871 1408 3946 Quis
1435 3890 1498 3934 non
1526 3871 1621 3956 modo

293 3965 494 4048 approbavit,
516 3965 572 4027 sed
595 3984 659 4026 non
677 3964 929 4047 indignissimum
945 3964 1067 4027 lacinus
1082 3965 1204 4048 putavit
1219 3964 1308 4028 illum
1325 3985 1390 4026 non
1406 3966 1507 4028 dicam
1521 3965 1622 4049 loqui,

256 4056 350 4119 aosed
367 4057 471 4119 vivere
493 4078 529 4121 ac
552 4059 691 4142 spiraret
714 4060 786 4142 quis
808 4057 883 4130 tuit,
908 4059 963 4141 qui
986 4078 1049 4120 non
1072 4059 1141 4121 eius
1157 4078 1234 4120 voce
1257 4058 1407 4122 maculari
1429 4079 1496 4121 rem
1517 4057 1622 4141 publi-

293 4169 361 4212 cam
383 4170 499 4234 seque,
521 4152 548 4213 si
570 4171 641 4213 eum
663 4151 802 4225 audiret,
826 4151 945 4214 scelere
968 4153 1121 4234 adstringi
1143 4153 1368 4215 arbitraretur?

358 4513 381 4564 4.
401 4529 432 4564 oc
449 4520 530 4565 tamen
549 4518 576 4572 Ρ,
594 4517 623 4564 ut
640 4514 848 4578 Wesenbergius
865 4517 992 4565 coniecit:
1012 4521 1122 4564 attamen
1139 4516 1198 4564 GO.
1223 4515 1260 4565 ct.
1277 4515 1363 4565 Madv.
1382 4515 1416 4566 ad
1434 4516 1484 4568 Cic.
1500 4517 1530 4566 de
1545 4516 1617 4566 Finn.
1633 4507 1635 4512 ’

292 4603 318 4653 p.
331 4589 379 4638 080
391 4592 418 4638 et
428 4589 484 4638 ata.
499 4614 526 4622 -
546 4590 570 4638 5.
588 4590 609 4636 si
626 4602 690 4650 qnae
706 4592 738 4638 P:
759 4591 779 4638 44
796 4603 848 4650 qua
865 4590 951 4640 P²G0
967 4617 993 4626 -
1012 4593 1036 4639 7.
1051 4604 1139 4651 operas
1150 4591 1283 4639 conductas
1295 4590 1363 4639 coni.
1378 4589 1470 4642 Lamb.
1484 4591 1509 4639 in
1522 4603 1616 4653 marg.;

291 4678 350 4714 voc.
363 4666 539 4713 conductorum
551 4667 580 4712 0.
593 4666 625 4714 it.
639 4663 764 4733 Muellero
779 4671 805 4714 ot
818 4666 947 4728 Madvigio
964 4679 990 4728 p.
1004 4665 1051 4714 486
1070 4665 1201 4728 glossema
1214 4665 1326 4716 videtur.
1348 4669 1381 4716 m
1396 4681 1421 4716 v.
1435 4680 1474 4716 or.
1488 4667 1521 4716 de
1537 4666 1617 4716 donro

291 4753 338 4788 sua
357 4739 371 4800 ἓ
388 4739 429 4787 70.
456 4739 538 4789 Varro
555 4738 588 4788 de
606 4753 635 4787 rc
654 4742 718 4790 rust.
738 4743 762 4796 l.
783 4742 825 4802 ti,
839 4744 862 4790 4.
878 4768 903 4775 -
925 4743 948 4789 9.
968 4742 1079 4788 inarime
1095 4742 1124 4788 de
1144 4741 1178 4788 .P.
1193 4742 1219 4788 tr.
1233 4741 1352 4790 iudicium
1370 4744 1416 4791 PG
1435 4767 1463 4778 -—
1484 4743 1523 4790 40.
1540 4746 1619 4803 potest

289 4815 406 4862 noluntas
424 4818 455 4869 P.
474 4814 522 4863 sed
539 4815 627 4864 addita
645 4818 728 4866 sunit
746 4830 781 4866 m.
795 4818 869 4879 signa
887 4816 1082 4878 transponendi.
1099 4841 1126 4851 -
1146 4829 1263 4864 consensu
1281 4818 1370 4865 PG-
1392 4818 1431 4865 tt.
1445 4817 1526 4866 contio
1543 4813 1616 4865 1³²⁶:

289 4890 411 4939 contentio
428 4888 468 4947 P¹;
486 4890 571 4939 concio
588 4891 607 4938 0
626 4917 652 4924 -
673 4892 713 4940 ta.
731 4906 781 4940 non
797 4897 877 4954 posset
895 4891 1050 4941 Lanibinus:
1069 4905 1119 4938 non
1136 4904 1189 4939 our.
1209 4890 1287 4940 codd.
1308 4919 1334 4927 -
1355 4892 1395 4941 43.
1414 4905 1431 4938 a
1447 4904 1500 4941 onr.
1520 4893 1569 4941 PG
1588 4919 1616 4928 κ

290 4966 325 5014 ad
341 4978 404 5026 quas
420 4967 482 5014 PG:
501 4967 628 5015 conciones
644 4968 677 5014 ud
694 4981 756 5028 qnae
773 4969 818 5017 SO
833 4995 859 5003 -
880 4966 919 5017 44.
932 4968 1010 5015 utinm
1028 4970 1046 5017 P
1061 4993 1088 5001 —
1107 4967 1217 5027 aspicere
1234 4969 1292 5016 P-
1311 4967 1423 5031 funalem
1439 4969 1500 5017 G-
1520 4969 1560 5017 45.
1573 4981 1619 5016 an·

290 5041 348 5088 dere
365 5037 391 5089 P¹
411 5065 437 5073 -
456 5044 529 5087 erant
545 5042 578 5087 G:
597 5045 670 5088 eram
686 5046 758 5089 erant
775 5042 835 5098 1²03
854 5046 927 5090 erant
943 5043 1008 5091 enim
1025 5044 1055 5098 S;
1079 5047 1152 5091 erant
1167 5056 1227 5104 erqo
1244 5042 1365 5093 lacobus.
1390 5044 1506 5094 «Vereor
1522 5057 1555 5093 no
1573 5057 1618 5093 er-

289 5127 350 5163 rore
367 5116 424 5162 orta
441 5114 474 5163 sit
490 5112 631 5177 duplicatio
650 5114 737 5171 verbm
759 5128 810 5165 non
830 5116 901 5165 eninr
917 5117 992 5177 [nisse
1008 5116 1121 5166 affirmat
1141 5115 1306 5167 turbulentas
1328 5119 1479 5179 contiones,
1504 5117 1617 5168 sed'ne·

288 5190 397 5238 cessario
418 5187 570 5238 turbulentas
592 5188 699 5238 luisse.»
723 5191 824 5240 Manno
845 5203 871 5253 p.
890 5190 937 5240 488
957 5193 1009 5240 not.
1041 5191 1079 5240 Cl.
1098 5205 1178 5256 supra
1196 5204 1222 5255 p.
1242 5192 1298 5252 048,
1317 5192 1357 5242 tl.
1379 5218 1405 5228 -
1427 5192 1524 5243 bomine
1541 5190 1568 5242 4)Ι
1588 5220 1615 5228 -

289 5264 329 5314 49.
348 5263 526 5326 adprobatione
544 5266 601 5313 P-
620 5265 660 5313 22.
678 5265 793 5325 praebuit
809 5266 954 5328 Madvigius
972 5280 997 5329 p.
1016 5264 1078 5316 tat:
1099 5281 1152 5317 om.
1166 5269 1228 5325 PG3
1246 5268 1357 5318 44444444
1373 5270 1419 5319 SO
1433 5297 1460 5305 -
1478 5275 1507 5318 nt
1522 5283 1618 5331 4444444

288 5339 527 5402 pronis--maiore
548 5337 717 5401 Spengetius:
742 5345 765 5389 et
784 5341 919 5403 perperenis
939 5345 962 5388 et
984 5345 1062 5403 prata
1081 5344 1107 5392 44
1123 5343 1275 5392 contionibus
1290 5344 1339 5406 4444
1354 5345 1389 5393 sic
1405 5345 1524 5394 contendo
1542 5359 1617 5394 nnm-

288 5427 364 5475 quam
384 5427 462 5474 neque
483 5412 647 5474 eloquentiam
667 5415 820 5465 iucunditate
840 5416 915 5478 subse
936 5413 1034 5465 maiori
1059 5420 1077 5467 P
1100 5416 1157 5479 (lin.
1177 5430 1236 5483 sup.
1255 5432 1268 5468 e
1285 5422 1327 5470 est
1343 5420 1400 5469 tort.
1419 5434 1433 5469 a
1453 5433 1488 5470 m.
1507 5420 1544 5483 8),
1567 5420 1616 5471 sod

287 5491 348 5539 ante
365 5489 530 5549 eloquentiam
545 5487 663 5537 additum
681 5492 723 5539 est
739 5492 764 5540 in
783 5503 867 5553 marg.
886 5489 1008 5540 interiore
1026 5505 1061 5541 ur.
1080 5494 1096 5542 4
1113 5495 1278 5543 recentiore:
1297 5494 1443 5544 sententiam
1459 5496 1512 5544 eins
1527 5501 1616 5545 onem-

286 5564 361 5614 ritnte
376 5577 467 5626 neque,
487 5566 515 5613 ut
532 5562 605 5612 locus
622 5563 735 5626 scriptus
747 5569 789 5615 est
804 5566 830 5614 in
843 5567 901 5626 G0,
921 5565 970 5615 nisi
988 5566 1060 5627 quod
1079 5569 1137 5616 13¹0
1151 5567 1364 5618 habentmniorc.
1379 5570 1414 5629 (44
1424 5584 1519 5632 semper
1529 5572 1617 5633 prame

287 5639 474 5702 corrigendum
487 5651 557 5699 esse,
576 5637 721 5699 Seytiertus
733 5653 839 5704 quoque
856 5653 882 5704 p.
897 5640 929 5690 ot
940 5638 1087 5699 intellexit.)
1099 5643 1244 5705 Madvigius
1255 5656 1280 5706 p.
1294 5642 1341 5693 487
1353 5655 1395 5706 sq.
1408 5644 1481 5694 44444
1492 5647 1573 5695 oratio
1582 5672 1615 5682 --

285 5715 333 5775 snit
350 5712 492 5765 delendum
515 5726 574 5764 esse
596 5714 762 5764 existimavit.
783 5741 810 5751 —
829 5714 870 5766 st.
889 5717 970 5765 sitente·
987 5717 1007 5765 G
1024 5742 1050 5750 —
1074 5717 1115 5766 ao.
1134 5718 1393 5780 inaratarteatisP13
1416 5718 1615 5782 inprotectam

286 5790 347 5837 satis
363 5792 382 5839 G
402 5816 428 5828 -
447 5790 489 5840 ii.
506 5787 709 5845 rotmannum
725 5791 746 5838 G
764 5815 792 5825 -
810 5791 850 5841 28.
869 5804 930 5854 qnos
947 5790 1016 5843 1²¹-
1034 5791 1075 5844 80.
1094 5793 1243 5859 adprobanit
1260 5795 1279 5845 P
1296 5819 1323 5830 —
1340 5792 1393 5860 saei
1411 5793 1516 5857 [jacintes
1533 5798 1611 5862 corr.)

287 5877 337 5914 non
350 5864 452 5931 putonii
468 5867 489 5919 G
508 5892 534 5900 -
553 5863 594 5918 tt.
612 5863 718 5931 44444444
735 5859 772 5920 1³¹.
