3800 7350
286 1199 368 1267 l032
545 1204 695 1269 orario
717 1206 771 1268 DE
793 1204 1021 1269 PROVINCIIS
1045 1204 1345 1268 consultamus

285 1375 461 1458 patrimonii
490 1380 545 1436 aut
574 1374 745 1437 amicorum
768 1375 955 1436 liberalitate
979 1380 1175 1446 sustentant,
1204 1371 1264 1435 bos
1292 1372 1395 1455 perire
1426 1372 1606 1453 patiemur?

283 1469 349 1543 An,
381 1470 407 1531 si
437 1469 491 1551 qui
519 1466 579 1530 frui
605 1469 731 1550 publico
760 1488 825 1531 non
854 1468 955 1551 potuit
983 1486 1040 1551 per
1060 1465 1200 1540 bostem,
1235 1465 1286 1528 bic
1307 1464 1424 1547 tegitur
1445 1465 1513 1548 ipsa
1535 1464 1606 1545 lega

194 1517 216 1612 ll
284 1562 442 1625 censoria:
465 1580 560 1643 quem
582 1559 610 1623 ia
632 1559 692 1623 frui
715 1581 779 1624 non
802 1562 890 1636 sinit,
913 1562 968 1643 qui
990 1569 1054 1635 est,
1081 1561 1173 1623 etiam
1197 1561 1223 1623 si
1247 1580 1311 1623 non
1332 1556 1525 1646 appellatur,
1547 1555 1606 1618 bo·

283 1656 355 1727 stis,
377 1654 452 1717 buic
473 1653 548 1717 terri
570 1654 722 1717 auxilium
743 1676 806 1718 nou
822 1657 969 1738 oportett
992 1654 1135 1718 Retinete
1150 1655 1245 1738 igitur
1260 1656 1293 1717 iu
1307 1650 1470 1737 provincia
1484 1648 1605 1712 diutius

227 1785 232 1840 Ι
259 1763 370 1824 ecum,
392 1749 447 1833 qui
471 1748 510 1810 de
532 1747 627 1810 sociis
650 1768 720 1811 cum
743 1748 901 1821 hostibus,
924 1748 964 1812 de
986 1749 1106 1812 civibus
1126 1769 1197 1811 cum
1212 1748 1305 1811 sociis
1323 1745 1419 1809 iaciat
1433 1744 1605 1828 pactiones,

228 1843 233 1880 l
282 1842 338 1923 qui
360 1841 420 1904 boc
442 1840 537 1904 etiam
559 1841 715 1923 septaris
738 1861 807 1905 esse
829 1861 923 1926 quarn
945 1841 1095 1925 collegam
1111 1849 1214 1926 putet,
1237 1840 1321 1924 quod
1337 1840 1390 1903 ille
1406 1858 1463 1901 vos
1479 1836 1606 1899 tristitia

231 1911 240 1976 l·
280 1936 432 2019 vultuque
455 1933 630 2016 deceperit,
658 1934 726 2017 ipse
749 1956 919 2019 numquam
941 1955 977 1998 se
999 1935 1120 2009 minus,
1150 1955 1245 2018 quam
1268 1941 1351 2008 crat,
1374 1951 1511 2015 nequam
1534 1950 1605 1993 esse

246 2041 249 2046 “
282 2029 445 2092 simularit.
488 2028 562 2091 Piso
593 2035 698 2090 autem
728 2028 792 2091 alio
824 2028 961 2111 quodam
992 2028 1085 2092 modo
1115 2028 1267 2110 gloriatur
1295 2048 1329 2089 se
1350 2026 1439 2089 brevi
1463 2033 1605 2109 tempore

281 2120 464 2202 perfecisse,
487 2142 527 2183 ne
550 2121 702 2183 Gabinius
724 2141 806 2183 unus
829 2123 967 2186 omnium
989 2121 1204 2205 nequissimus
1226 2122 1467 2184 existimaretur.

245 2230 272 2275 io
363 2215 416 2277 v1.
439 2211 490 2278 t3.
513 2216 657 2279 Hos-vos
681 2213 720 2278 de
743 2215 928 2297 provinciis,
959 2215 986 2278 si
1008 2234 1071 2277 non
1093 2215 1265 2299 aliquando
1288 2213 1464 2277 deducendi
1487 2222 1604 2288 essent,

280 2307 482 2391 deripiendos
513 2328 577 2371 non
607 2308 785 2389 putaretis?
819 2317 850 2371 et
877 2308 934 2371 bas
965 2308 1109 2391 duplices
1138 2317 1243 2393 pestes
1265 2309 1436 2379 sociorum,
1470 2309 1604 2371 militum

280 2402 400 2477 clades,
429 2403 666 2487 publicanorum
694 2403 818 2475 ruinas,
849 2402 1080 2484 provinciarum
1109 2404 1286 2475 vastitates,
1317 2402 1442 2483 imperii
1464 2401 1604 2465 maculas

280 2497 451 2559 teneretis?
472 2499 513 2560 at
534 2495 629 2558 iidem
652 2514 709 2558 vos
731 2515 814 2558 anno
837 2496 1001 2578 superiore
1023 2495 1081 2558 bos
1104 2494 1230 2558 eosdem
1251 2495 1460 2571 revocabatis,
1482 2516 1552 2558 cum
1570 2494 1603 2556 in

279 2590 456 2673 provincias
472 2590 700 2673 pervenissent
731 2589 802 2665 Quo
822 2597 965 2673 tempore
981 2591 1006 2653 si
1022 2590 1155 2652 liberum
1169 2596 1308 2652 vestrum
1325 2588 1477 2653 iudicium
1491 2587 1604 2652 musea

243 2696 337 2745 terreo
360 2683 473 2746 totiens
496 2683 665 2745 dilatares
687 2703 746 2746 nec
768 2683 808 2744 ad
830 2691 1005 2745 extremum
1028 2683 1204 2748 emanibus
1225 2690 1350 2767 erepta,
1373 2681 1602 2756 restituissetis,

210 2768 222 2776 “
279 2774 309 2836 id
335 2774 421 2859 quod
445 2775 638 2860 cupiebatis,
661 2783 797 2841 vestram
819 2777 1036 2840 auctoritatem
1059 2777 1114 2850 iis,
1138 2798 1195 2860 per
1216 2796 1298 2860 quos
1314 2784 1380 2839 erat
1399 2777 1531 2851 amissa,
1552 2796 1603 2839 re·

277 2870 394 2932 vocatis
416 2877 449 2932 et
468 2870 508 2933 iis
530 2870 608 2953 ipsis
630 2870 778 2953 praemiis
801 2871 947 2946 extortis,
971 2890 1053 2955 quae
1075 2881 1165 2935 erant
1185 2892 1243 2954 pro
1268 2871 1387 2934 scelere
1402 2876 1498 2953 atque
1513 2888 1603 2932 ever-

194 2939 219 3006 (
277 2963 366 3024 sione
388 2964 507 3045 patriae
529 2957 689 3027 cdnsecuti
701 2985 708 3025 :
741 2984 804 3045 qua
826 2983 844 3025 e
865 2983 968 3047 poena
990 2966 1017 3028 si
1040 2974 1106 3027 tum
1128 2964 1261 3027 aliorum
1283 2964 1412 3047 opibus,
1437 2982 1501 3026 non
1524 2962 1602 3033 suis,

203 3049 209 3069 '
277 3054 473 3120 invitissimis
494 3057 586 3120 vobis
608 3056 787 3132 evolarunt,
808 3067 841 3120 at
863 3056 956 3121 aliana
980 3057 1078 3120 multo
1101 3058 1253 3120 maiorem
1268 3058 1508 3139 gravioremque
1527 3054 1603 3117 sub·

239 3148 390 3214 sotorum.
435 3144 485 3212 ll.
508 3151 598 3227 Quae
629 3151 713 3215 enim
735 3150 870 3225 bomini,
903 3153 935 3213 in
959 3170 1023 3234 quo
1046 3151 1142 3233 aliqui
1165 3150 1193 3212 si
1215 3170 1276 3213 non
1299 3149 1400 3212 lamae
1422 3149 1542 3232 pudor,
1570 3156 1603 3211 at

276 3244 422 3325 supplicii
445 3246 541 3308 timor
562 3253 628 3320 est,
650 3244 775 3328 gravior
795 3264 898 3328 poena
919 3244 1063 3307 accidere
1078 3244 1182 3328 potuit
1196 3264 1293 3327 mam
1308 3265 1371 3307 uon
1387 3243 1472 3306 credi
1487 3243 1602 3308 litteris

150 3391 157 3398 .
275 3336 330 3407 iis,
360 3358 441 3419 quac
469 3360 533 3402 rem
562 3338 718 3423 publicam
747 3338 828 3400 bene
858 3347 978 3421 gestam
1001 3340 1032 3402 iu
1056 3337 1140 3400 bello
1163 3338 1368 3401 nuntiarent?
1403 3338 1471 3401 lloc
1493 3339 1603 3402 statuit

276 3441 419 3506 senatus,
442 3452 511 3496 cum
527 3432 677 3516 frequens
692 3432 956 3515 supplicationem
972 3432 1107 3495 Gabinio
1122 3431 1307 3515 denegarit:
1329 3433 1465 3515 primum
1480 3434 1601 3497 bomini

276 3524 446 3589 scelerlbus
476 3524 670 3611 flagitiisque
693 3527 995 3590 contaminatissimo
1017 3525 1096 3588 nibil
1120 3545 1190 3588 esse
1212 3526 1420 3601 credendum,
1446 3527 1560 3591 deinde
1582 3549 1600 3592 a

205 3616 433 3781 ‘qqproditore
466 3628 561 3706 atquc
594 3640 651 3697 co,
685 3641 778 3705 quem
806 3628 1003 3705 praesentem
1033 3621 1157 3686 hostem
1185 3620 1230 3683 rei
1254 3619 1400 3703 publicae
1421 3630 1600 3705 cognosset,

208 3653 216 3802 l
243 3712 356 3801 ¹,bene
377 3734 441 3777 rem
464 3715 622 3799 publicam
645 3716 711 3798 geri
734 3736 797 3778 non
820 3714 980 3799 potuisse,
1002 3723 1162 3797 postremo
1181 3733 1221 3777 ue
1237 3714 1314 3777 deos
1330 3714 1457 3798 quidem
1473 3719 1601 3780 immor-

206 3802 212 3899 ξ
263 3804 353 3869 ''tales
375 3808 457 3872 velle
479 3809 595 3891 aperiri
622 3828 678 3871 sua
710 3809 827 3891 templa
850 3819 881 3871 et
906 3810 966 3872 sibi
988 3808 1159 3891 supplicari
1182 3805 1318 3871 bominis
1339 3809 1546 3892 impurissimi
1569 3818 1601 3876 et

208 3910 214 3973 ¹,
275 3900 509 3964 sceleratissimi
538 3905 675 3964 nomine.
719 3904 830 3986 Itaque
857 3902 911 3965 ille
937 3901 1016 3965 alter
1043 3910 1097 3964 aut
1118 3904 1187 3985 ipse
1209 3912 1257 3965 est
1277 3904 1373 3966 bomo
1395 3902 1507 3968 doctus
1530 3914 1599 3969 eta

206 3990 220 4011 ⁸
274 3993 340 4055 suis
362 3993 490 4057 Graecis
512 3995 660 4058 subtilius
675 3997 835 4070 eruditus,
858 3997 1045 4080 quibuscum
1061 3997 1122 4058 iam
1138 3999 1171 4059 in
1183 4004 1310 4060 exostra
1323 3997 1490 4073 helluatus,
1506 4005 1599 4061 antea

236 4095 347 4170 aopost
373 4088 522 4170 siparium
554 4088 693 4164 solebat,
723 4098 775 4152 aut
805 4092 921 4153 amicos
952 4089 1046 4152 babet
1075 4089 1297 4171 prudentiores
1319 4110 1414 4174 quam
1438 4090 1599 4165 Gabinius,

274 4180 364 4245 auius
386 4182 492 4245 nullae
514 4183 637 4245 litterae
659 4181 869 4265 proteruntur.
915 4185 981 4246 Vll.
1005 4179 1054 4246 1¹5.
1078 4184 1181 4247 llosce
1201 4184 1297 4266 igitur
1318 4185 1522 4267 imperatores
1543 4184 1600 4248 ba·

273 4275 439 4338 bebimus?
470 4295 604 4359 quorum
635 4276 715 4338 alter
742 4296 803 4340 non
834 4277 930 4340 audet
956 4297 1015 4340 nos
1038 4278 1187 4341 certiores
1209 4278 1330 4352 lacere,
1360 4279 1408 4309 Η
1430 4281 1600 4362 imperator

274 4368 467 4449 appelletur,
490 4370 638 4444 alterurn,
661 4370 687 4432 si
711 4369 865 4432 tabellarii
879 4390 943 4433 non
965 4373 1132 4450 cefflt,
1156 4392 1284 4435 necesse
1299 4380 1347 4434 est
1361 4373 1471 4456 paucis
1487 4372 1598 4436 diebus

205 4515 261 4533 .,..
272 4463 433 4547 paeniteat
459 4464 600 4527 audere..
633 4465 729 4527 Cuius
758 4464 867 4538 amici,
898 4467 925 4528 si
956 4467 1011 4547 qui
1033 4473 1106 4528 sunt
1126 4474 1181 4529 arat
1202 4467 1228 4528 si
1250 4466 1363 4529 beluae
1384 4474 1448 4528 tam
1469 4468 1597 4530 immani

236 4562 400 4639 astumque
422 4564 540 4621 taetrae
562 4566 697 4641 possunt
718 4558 775 4620 ulli
798 4578 866 4620 esse
889 4560 997 4632 amici,
1019 4559 1077 4622 bac
1098 4560 1316 4623 consolatione
1336 4568 1482 4635 utuntur,
1504 4561 1623 4687 mnis.
1672 4636 1680 4671 ἰ

1571 4664 1587 4693 t.
1605 4654 1660 4683 ’Μ
1688 4656 1690 4661 “

339 4764 363 4812 t.
380 4765 510 4824 ponimur
527 4768 545 4816 P
565 4793 591 4802 -
609 4765 636 4815 Ξ.
654 4766 692 4816 An
708 4778 762 4814 om.
782 4766 803 4814 G
822 4792 848 4800 -
866 4767 936 4826 potui
953 4765 981 4816 P¹
1001 4793 1029 4802 -
1048 4768 1072 4816 b.
1092 4768 1160 4815 sotiis
1171 4766 1228 4827 (bis)
1241 4769 1260 4817 P
1274 4794 1301 4804 -
1320 4767 1344 4817 6.
1363 4767 1396 4829 sc]
1414 4768 1435 4816 ai
1452 4770 1470 4818 P
1485 4795 1510 4804 -
1527 4769 1598 4831 pluri

272 4835 300 4887 P¹
320 4863 345 4871 -
366 4838 389 4888 8.
410 4839 468 4904 atio]
486 4840 522 4888 ati
539 4842 567 4891 P¹
587 4867 612 4876 -
633 4840 656 4888 9.
676 4840 761 4889 acto.
780 4838 896 4902 pabinias
913 4841 947 4896 (C.
966 4843 1039 4890 extra
1057 4853 1180 4897 versum,
1199 4840 1279 4891 seda
1298 4842 1383 4906 prima
1401 4844 1489 4904 manu)
1501 4845 1535 4901 P;
1553 4856 1598 4893 nec

270 4910 386 4975 gabinius
404 4913 423 4963 E
444 4942 468 4949 -
497 4915 535 4963 tl.
555 4914 706 4976 diripimdos
723 4914 772 4963 GE
791 4941 818 4950 -
841 4915 945 4975 duplicia
963 4916 982 4964 C
1003 4942 1028 4952 -
1054 4917 1092 4964 li.
1111 4916 1190 4967 cludis
1206 4918 1254 4967 PG
1277 4941 1300 4953 -
1327 4918 1366 4967 ⁴3.
1386 4917 1421 4982 at]
1440 4917 1474 4967 cd
1490 4913 1547 4968 P¹E
1567 4943 1596 4955 -·

271 4986 335 5035 idem
353 4990 371 5038 P
388 5015 414 5024 -
434 5003 502 5045 mna
517 4993 549 5048 P;
568 5005 625 5039 cum
640 4993 668 5039 ui
685 4992 717 5045 G:
737 4989 795 5040 tort.
813 5004 870 5038 cum
886 4992 931 5039 ctu
945 5018 971 5026 -
993 4990 1031 5042 tl.
1047 4993 1214 5052 peruenissent
1231 4993 1264 5042 C:
1284 4992 1336 5041 iam
1351 4994 1516 5055 peruenissent
1533 4994 1553 5044 0
1567 5021 1594 5031 —
1617 5024 1621 5032 ι

270 5061 385 5111 iuditium
396 5066 415 5114 P
428 5088 455 5099 -
471 5066 510 5114 iti.
524 5066 593 5115 toties
604 5064 646 5115 CO
660 5092 683 5100 -
700 5065 739 5114 tti.
753 5065 925 5115 auctoritatem
937 5078 991 5116 om.
1005 5067 1025 5114 G
1041 5091 1067 5102 -
1083 5068 1124 5117 tr.
1137 5068 1167 5116 iis
1184 5067 1243 5130 ipsis
1253 5067 1306 5116 PG:
1326 5068 1363 5115 his
1379 5069 1438 5129 ipsis
1450 5070 1490 5120 ΕΟ
1502 5095 1528 5105 -
1541 5075 1598 5120 crat

271 5135 299 5186 P¹
313 5163 339 5173 -
360 5138 398 5188 ra.
412 5153 462 5203 qua
473 5141 496 5207 c]
509 5141 646 5202 comam
666 5140 790 5203 quatum.
802 5141 823 5202 a)
836 5142 870 5198 Ρ;
890 5139 948 5190 tort.
963 5153 1038 5202 equs
1051 5167 1076 5177 -
1099 5141 1138 5190 ra.
1151 5141 1401 5205 martaronensem
1414 5167 1443 5179 -
1461 5143 1502 5195 20.
1516 5144 1598 5208 ntiqui

271 5208 311 5262 P¹:
331 5210 422 5273 uliquis
438 5211 554 5266 P⁸GEO
567 5243 594 5253 -
614 5216 649 5281 at]
668 5217 701 5265 ud
719 5215 775 5265 P¹E
789 5240 816 5250 —
835 5217 875 5264 at.
888 5216 1000 5278 mppiitii
1016 5218 1035 5266 P
1048 5242 1076 5253 -
1095 5217 1183 5266 littaris
1195 5218 1229 5267 C:
1248 5217 1326 5266 literis
1337 5218 1371 5266 0:
1390 5221 1429 5267 sic
1445 5218 1554 5284 uquue.
1566 5246 1594 5257 -

270 5286 452 5347 supersisam
469 5300 522 5338 om.
542 5290 575 5348 L,
597 5290 661 5341 lietu
677 5304 703 5339 v.
721 5290 762 5340 ab.
783 5315 809 5324 -
829 5290 870 5340 23.
888 5291 1015 5341 lomim
1032 5290 1092 5342 G'E
1112 5319 1138 5329 -
1159 5292 1199 5343 ii.
1212 5306 1260 5353 quc
1275 5305 1329 5342 orn.
1343 5294 1362 5342 C
1377 5318 1405 5330 -
1423 5294 1464 5343 25.
1480 5295 1596 5355 prodito-

270 5372 322 5406 rem
340 5357 367 5408 P¹
386 5386 412 5396 —
433 5362 472 5411 ab.
491 5363 555 5426 peril
571 5366 656 5428 ceneri
673 5361 701 5414 Ρ*
720 5388 747 5400 -
767 5365 915 5414 immortalis
933 5367 952 5415 C
967 5393 993 5402 -
1013 5367 1053 5416 i'l.
1072 5367 1207 5429 subpiiruri
1223 5369 1283 5417 P-
1302 5367 1342 5416 28.
1361 5381 1450 5418 nonies
1466 5370 1528 5427 GE,
1547 5371 1596 5421 aed

270 5433 294 5480 in
308 5435 328 5482 G
345 5448 395 5498 per
411 5436 614 5501 compendium,
634 5438 706 5504 quod
723 5440 801 5490 etiam
818 5441 917 5490 nominc
932 5439 983 5504 legi
1002 5443 1091 5505 possit.
1108 5465 1135 5479 -
1154 5442 1191 5490 tili
1208 5442 1255 5491 PE
1270 5466 1297 5477 -
1316 5442 1381 5490 citer
1397 5448 1442 5491 aut
1453 5440 1495 5493 P¹:
1514 5444 1596 5494 attam

268 5513 296 5554 ut
314 5504 382 5557 1²²-
402 5511 442 5561 29.
460 5512 541 5575 precia
557 5515 577 5562 P
592 5539 618 5547 -
636 5514 750 5575 suptilius
765 5516 825 5565 P-
845 5515 971 5566 brunater
982 5518 1015 5567 C:
1034 5518 1180 5568 mascaro
1195 5543 1221 5553 -
1240 5517 1281 5566 31.
1298 5516 1462 5579 proferuntur
1478 5519 1517 5569 C:
1533 5530 1595 5580 per·

267 5581 384 5644 seruntur
395 5584 415 5633 0
431 5611 457 5619 —
476 5586 518 5637 32.
530 5587 615 5648 tmere
630 5589 767 5650 imperator
782 5588 851 5640 P¹E:
873 5592 964 5654 sacua,
982 5606 1014 5642 nc
1029 5595 1167 5655 imperator
1177 5592 1207 5642 1²³
1215 5594 1248 5647 G:
1266 5592 1357 5655 fucere,
1375 5606 1441 5642 cane
1458 5594 1596 5655 summor

268 5657 304 5709 02
319 5658 412 5721 socam,
430 5674 477 5710 cur
492 5662 630 5723 imperator
645 5666 705 5714 Ant.
718 5663 890 5728 augustinum
907 5667 1004 5729 [mare.
1023 5683 1083 5718 nuni
1100 5671 1237 5731 impactos
1252 5665 1378 5717 Halmius.
1407 5669 1444 5718 De
1462 5682 1492 5718 re
1507 5669 1540 5719 ct.
1554 5669 1595 5720 Pi·

268 5733 355 5797 song
372 5734 404 5784 38
415 5747 457 5798 sq.
472 5762 499 5772 —
518 5736 559 5786 33.
577 5737 684 5788 werten
700 5738 740 5792 bis
753 5741 880 5808 deinceps
892 5740 920 5793 P¹
932 5769 960 5779 -
980 5743 1020 5795 st.
1038 5745 1163 5806 poeniteat
1179 5746 1213 5793 G:
1229 5743 1338 5806 positast
1354 5743 1386 5801 P;
1402 5744 1527 5804 poenam
1544 5744 1593 5794 lio

269 5832 296 5842 —
324 5813 370 5858 aiat
384 5808 415 5876 ai}
436 5811 537 5860 amauri
557 5809 587 5864 P¹
611 5839 639 5850 -
666 5814 761 5873 beiaco
785 5817 824 5878 (uc
839 5818 865 5868 ln
883 5821 983 5882 rasura)
1001 5822 1033 5871 P:
1060 5819 1189 5868 bellam
1209 5845 1236 5855 -
1254 5817 1458 5868 succurere:
1478 5819 1593 5868 tabaco

266 5880 322 5949 icc]
340 5885 456 5935 ocP1*
475 5885 651 5945 emmaum.
668 5888 688 5938 P
705 5915 732 5925 -
750 5892 850 5944 meatui
860 5893 1009 5954 timentium
1029 5891 1061 5951 ct.
1075 5891 1241 5961 Wesenberg
1257 5894 1291 5947 ad
1308 5904 1348 5943 or.
1366 5905 1394 5958 p.
1407 5893 1492 5944 seatio
1508 5905 1536 5964 p.
1548 5894 1590 5952 tt.
