3800 7350
330 1236 413 1303 l28d
750 1238 901 1302 ORATIO
923 1236 1148 1303 PHlLlPPlCA
1168 1239 1223 1300 lll.

329 1429 432 1493 usque
454 1408 494 1471 ad
517 1405 676 1471 Kalendas
696 1407 794 1470 Maias
817 1406 856 1470 ad
878 1408 988 1469 urbem
1003 1407 1178 1470 exercitum
1192 1404 1381 1468 habiturum.
1414 1400 1653 1486 Opraeclarum

329 1501 491 1567 custodem
513 1502 636 1575 ovium,
659 1509 694 1563 ut
715 1501 821 1575 aiunt,
842 1501 969 1584 lupuml
1001 1507 1150 1563 custosne
1171 1498 1257 1561 urbis
1279 1517 1319 1559 au
1342 1496 1484 1579 direptor
1504 1500 1537 1556 et
1558 1514 1655 1557 vexa·

329 1605 379 1660 tor
399 1602 482 1657 esset
501 1594 684 1657 Antonius?
716 1595 757 1656 Et
777 1594 904 1677 quidem
927 1614 961 1657 se
984 1593 1185 1656 introiturum
1207 1591 1241 1653 in
1255 1591 1366 1654 urbem
1382 1588 1463 1653 dixit
1478 1588 1655 1652 exiturum-

285 1727 289 1736 ·
329 1708 406 1770 que,
434 1707 505 1749 cum
526 1686 632 1750 vellet.
668 1685 752 1764 Quid
780 1686 881 1749 illudi
911 1706 1017 1749 nonne
1039 1686 1188 1748 audiente
1217 1683 1338 1767 populo
1360 1682 1474 1747 sedens
1495 1703 1553 1766 pro
1574 1682 1655 1746 aede

306 1781 468 1846 ⁵Castoris
489 1781 586 1855 dixit,
608 1782 671 1843 nisi
692 1783 747 1864 qui
769 1780 912 1854 vicisset,
933 1779 1090 1843 victurum
1111 1780 1293 1841 neminem?

411 1871 463 1937 28.
484 1873 647 1937 Hodierno
669 1873 720 1937 die
743 1876 878 1955 primum
900 1874 995 1955 longo
1015 1872 1181 1935 intervallo
1196 1872 1230 1934 in
1250 1872 1484 1954 possessionem
1498 1871 1656 1961 libertatis

328 1967 442 2052 pedem
463 1967 628 2052 ponimus:
657 1967 747 2030 cuius
769 1966 898 2049 quidem
921 1986 995 2049 eqo,
1021 1965 1125 2048 quoad
1148 1964 1254 2049 potui,
1283 1984 1347 2028 non
1377 1966 1472 2028 modo
1494 1964 1657 2037 defensor,

329 2061 384 2125 sed
415 2061 510 2125 etiam
538 2066 740 2124 conservator
767 2059 822 2121 lui.
859 2059 937 2122 Cum
966 2066 1071 2122 autem
1100 2059 1134 2123 id
1160 2058 1263 2121 lacere
1285 2078 1350 2122 uon
1373 2071 1516 2142 possem,
1544 2058 1658 2138 quievi,

329 2174 388 2219 nec
408 2154 530 2218 abiecte
550 2174 611 2217 nec
630 2153 698 2217 sine
719 2153 828 2237 aliqua
848 2152 1001 2235 dignitate
1023 2172 1129 2215 cesum
1152 2151 1242 2215 illum
1264 2160 1441 2235 temporum
1462 2160 1495 2216 et
1508 2150 1657 2214 dolorem

293 2248 395 2312 rotuli.
430 2246 519 2311 Hanc
547 2267 623 2311 vero
650 2246 862 2312 taeterrimam
890 2246 1015 2310 beluam
1038 2245 1110 2329 qais
1137 2245 1221 2308 serre
1242 2254 1346 2330 potest
1367 2254 1423 2309 aut
1445 2268 1510 2331 quo
1531 2242 1657 2308 modot

329 2340 415 2417 Quid
437 2347 486 2405 est
505 2340 539 2404 in
557 2339 697 2404 Antonio
718 2346 844 2423 praeter
865 2340 1044 2414 libidinem,
1067 2340 1298 2413 crudelitatem,
1320 2341 1535 2423 petulantiam,
1556 2336 1658 2401 auda·

329 2436 432 2498 ciam?
463 2434 513 2496 Ex
540 2434 592 2496 bis
619 2440 705 2498 totus
735 2433 969 2516 conglutinatus
998 2442 1054 2497 est.
1090 2432 1173 2495 Nihil
1202 2442 1333 2517 apparet
1353 2434 1384 2495 in
1408 2452 1447 2496 eo
1469 2432 1657 2514 ingenuum,

328 2526 409 2590 nibil
430 2528 641 2601 moderatum,
671 2526 752 2590 nibil
773 2527 913 2610 pudens,
942 2527 1022 2590 nibil
1048 2527 1207 2610 pudicum.
1250 2524 1301 2590 29.
1324 2526 1542 2609 Quapropter,
1573 2545 1658 2609 quo·

328 2619 415 2683 niam
443 2639 494 2683 res
523 2621 556 2684 in
584 2619 617 2682 id
645 2620 813 2684 discrimen
841 2620 978 2684 adducta
1000 2628 1062 2695 est,
1092 2627 1196 2684 utrum
1220 2620 1273 2684 ille
1297 2640 1416 2704 poenas
1438 2621 1484 2683 rei
1506 2620 1657 2703 publicae

293 2712 397 2776 soluat
410 2733 451 2777 an
468 2734 525 2777 nos
541 2714 725 2788 serviamus,
748 2714 931 2798 aliquando,
954 2734 1011 2796 per
1026 2714 1102 2777 deos
1117 2714 1330 2777 immortales!
1353 2724 1457 2796 patres
1473 2713 1657 2797 conscripti,

327 2806 464 2890 patrium
484 2807 626 2869 animum
648 2806 861 2889 virtutemque
883 2809 1058 2891 capiamus,
1080 2816 1116 2870 ut
1137 2815 1193 2872 aut
1214 2807 1387 2871 libertatem
1410 2808 1570 2891 propriam
1592 2809 1657 2869 lto·

328 2900 413 2962 mani
436 2908 469 2963 et
489 2902 613 2983 generis
637 2909 669 2963 et
695 2901 833 2964 nominis
854 2903 1066 2985 reciperemus
1088 2910 1142 2964 aut
1163 2910 1295 2964 mortem
1318 2900 1459 2965 servituti
1481 2905 1657 2983 antepona-

329 3012 408 3054 mus.
444 2993 560 3068 Multa,
583 3015 667 3078 quae
690 2985 724 3057 in
746 2994 843 3058 libera
868 2994 994 3057 civitate
1015 2994 1145 3057 serenda
1167 3016 1231 3058 non
1253 3005 1373 3069 essent,
1396 2995 1523 3057 tulimus
1538 3004 1656 3077 etper·

328 3087 413 3169 pessi
435 3106 557 3150 sumus:
589 3087 643 3150 aiii
664 3108 720 3171 spe
742 3087 873 3151 forsitan
895 3088 1121 3170 reciperandae
1143 3089 1310 3163 libertatis,
1332 3090 1386 3151 alii
1407 3087 1534 3150 vivendi
1555 3088 1656 3151 nimia

290 3179 517 3261 socupiditate:
548 3181 620 3255 sed,
650 3182 678 3245 si
699 3181 754 3243 illa
775 3180 922 3253 tulimus,
945 3202 1028 3264 quae
1050 3203 1106 3245 nos
1128 3185 1301 3245 necessitas
1324 3182 1404 3244 ferre
1426 3184 1543 3263 coligit,
1571 3201 1655 3264 quae

327 3274 375 3335 vis
397 3274 551 3357 quaedam
572 3293 673 3358 paene
695 3274 814 3347 fatalis,
846 3295 927 3356 quae
951 3283 1055 3337 umen
1077 3276 1144 3359 ipsa
1169 3296 1235 3338 non
1256 3276 1403 3338 tulimus:
1436 3277 1572 3339 etiamne
1593 3275 1655 3337 bu-

328 3367 377 3429 ius
398 3366 515 3449 impuri
538 3366 670 3430 latronis
698 3367 835 3430 feremus
865 3369 1076 3432 taeterrimum
1099 3370 1414 3452 crudelissimumque
1435 3369 1654 3432 dominatum?

327 3460 397 3521 llll.
420 3455 471 3521 30.
494 3458 578 3535 Quid
599 3460 652 3523 bic
673 3460 785 3534 faciet,
817 3462 843 3524 si
865 3462 998 3543 poterit,
1019 3463 1132 3537 iratus,
1157 3463 1212 3546 qui
1234 3483 1304 3525 eum
1326 3483 1511 3527 suscensere
1533 3464 1652 3526 nemini

326 3560 450 3635 posset,
472 3552 617 3617 omnibus
639 3554 733 3617 bonis
755 3552 851 3616 luerit
871 3554 1040 3618 inimicust
1063 3555 1140 3639 quid
1161 3557 1213 3620 bic
1229 3557 1413 3627 victornon
1429 3555 1572 3630 audebit,
1594 3557 1651 3640 qui

289 3647 446 3714 anullam
475 3645 610 3730 adeptus
632 3646 794 3712 victoriam
823 3655 909 3712 tanta
933 3648 1053 3712 scelera
1075 3656 1148 3732 post
1170 3649 1315 3713 Caesaris
1336 3650 1498 3714 interitum
1520 3648 1653 3713 ieceritt

325 3740 471 3804 refertam
499 3739 568 3803 eius
598 3738 726 3805 domum
755 3743 962 3805 exhauserit?
1002 3743 1113 3806 bortos
1142 3743 1381 3826 compilaverit?
1413 3747 1454 3808 ed
1482 3765 1516 3808 se
1545 3765 1586 3808 ex
1613 3747 1653 3808 iis

326 3835 430 3899 omnia
451 3841 637 3898 ornamenta
657 3835 875 3899 transtulerit?
903 3836 1010 3899 caedis
1039 3846 1071 3900 et
1091 3837 1310 3901 incendiorum
1333 3858 1458 3902 causam
1481 3839 1655 3921 quaesierit

326 3948 366 3991 ex
396 3926 529 3990 funerei
564 3926 689 3990 duobus
721 3937 776 3991 aut
805 3929 904 3992 tribus
934 3937 1062 3992 senatus
1093 3931 1246 3994 consuitis
1273 3931 1408 3995 beneet
1430 3954 1447 3995 e
1470 3932 1653 4015 republica

325 4021 416 4084 iactis
438 4020 578 4105 reliquas
600 4042 650 4085 res
673 4021 713 4084 ad
735 4023 857 4085 lucrum
872 4025 1087 4106 praedemque
1102 4026 1320 4087 revocaverit?
1342 4026 1519 4089 vendiderit
1539 4026 1654 4089 immu-

288 4115 466 4183 sanitates?
488 4114 630 4178 civitates
652 4116 852 4179 liberaverit?
873 4117 1053 4197 provincias
1075 4119 1236 4181 universas
1259 4139 1298 4180 ex
1321 4120 1443 4201 imperii
1464 4121 1574 4202 populi
1589 4121 1653 4182 lio-

325 4209 409 4269 mani
432 4207 499 4270 iure
523 4208 708 4271 sustulerit?
731 4209 858 4271 exsules
881 4210 1065 4272 reduxerit?
1087 4211 1182 4274 falsas
1205 4213 1291 4293 leges
1308 4213 1341 4273 C.
1359 4213 1499 4275 Caesaris
1522 4214 1651 4275 nomine

325 4309 357 4363 et
377 4299 455 4363 falsa
476 4300 604 4364 decreta
632 4301 665 4364 iu
692 4323 746 4364 aes
775 4302 945 4365 incidenda
973 4312 1004 4365 ut
1034 4304 1065 4364 in
1090 4304 1244 4386 Capitolio
1270 4301 1393 4386 figenda
1417 4307 1574 4368 curaverit
1598 4326 1652 4369 ea-

325 4415 459 4479 rumque
474 4416 579 4458 rerum
593 4396 733 4458 omnium
747 4396 957 4459 domesticum
973 4405 1143 4460 mercatum
1159 4399 1352 4461 instituerit?
1374 4399 1493 4483 populo
1509 4400 1651 4463 Romano

390 4713 414 4762 3.
433 4724 483 4762 esse
499 4713 521 4761 V
541 4734 568 4746 -
587 4711 647 4760 intr.
665 4725 691 4761 ae
708 4713 718 4760 t
736 4737 762 4747 -
782 4710 806 4762 4.
826 4712 888 4760 iliud
905 4725 958 4761 om.
979 4715 987 4759 t
1007 4740 1033 4748 --
1055 4714 1194 4763 audientem
1211 4714 1240 4762 V¹
1260 4740 1286 4749 -
1305 4714 1329 4763 5.
1349 4715 1414 4764 dizit
1430 4729 1484 4765 om.
1503 4718 1525 4765 l)
1543 4741 1567 4755 -
1591 4722 1652 4780 post

323 4787 445 4837 neminem
462 4787 504 4837 est
521 4787 548 4835 in
559 4799 589 4849 g:
608 4786 708 4847 captivit
725 4786 894 4837 liberterciss.
914 4785 1120 4849 lacipbquartas
1133 4789 1335 4850 philippicam,
1356 4791 1455 4839 Pariter
1472 4792 1497 4840 in
1513 4790 1576 4841 abt
1592 4795 1653 4855 post

323 4862 443 4910 mmiasm
464 4872 549 4910 novus
571 4873 664 4910 versus
685 4861 775 4925 incipit
797 4863 882 4925 spatio
899 4863 991 4914 relicto
1008 4865 1042 4914 ad
1061 4864 1163 4916 titulum
1181 4864 1351 4930 explendum.
1373 4893 1400 4902 -
1419 4868 1444 4915 6.
1461 4868 1501 4915 die
1517 4868 1652 4916 cuminian

323 4931 354 4984 V¹
373 4961 400 4971 -
419 4935 492 4998 leupo
509 4933 543 4982 V:
559 4939 646 4996 potres
661 4937 794 4999 consecuti
810 4938 883 5001 bopo
900 4940 952 4989 D0
971 4966 999 4975 -
1018 4943 1042 4990 7.
1061 4942 1114 4990 coia
1131 4942 1152 4988 V
1173 4968 1199 4976 -
1218 4956 1267 5003 quo
1284 4942 1319 4991 od
1335 4943 1398 4989 Vr-
1419 4943 1443 4993 8.
1463 4942 1546 5004 quiesi
1562 4945 1590 4992 P.
1604 4943 1651 4992 Vi·

324 5009 439 5059 ctorius:
457 5009 485 5058 ai
502 5006 551 5070 (vel
568 5009 603 5072 iu)
620 5005 667 5066 V¹;
686 5011 729 5071 qui
745 5006 790 5067 V²;
809 5014 852 5073 qai
867 5013 905 5075 sai
922 5018 996 5076 agt;
1015 5028 1068 5064 orn.
1087 5015 1120 5074 b:
1145 5015 1204 5066 tort.
1223 5017 1276 5079 usui
1295 5043 1322 5052 —
1342 5018 1366 5066 9.
1384 5031 1429 5066 aec
1446 5017 1539 5066 obusta
1554 5030 1607 5066 om.
1626 5020 1650 5077 t;

326 5097 371 5134 aec
387 5083 456 5132 abice
471 5078 503 5130 V¹
522 5108 547 5117 -
567 5083 668 5133 illoram
684 5089 821 5146 tmapomm
837 5088 991 5140 Lambinus.
1006 5115 1033 5124 -
1053 5090 1092 5139 46.
1109 5091 1280 5142 memmae:
1291 5091 1325 5139 V:
1344 5093 1504 5142 dommum
1519 5104 1549 5148 a:
1567 5096 1651 5141 teterr.

323 5159 415 5223 bgt0
433 5160 460 5208 et
479 5159 518 5209 sic
540 5158 614 5208 intra.
633 5186 666 5196 -
687 5159 792 5211 lauaem
808 5162 827 5211 0
846 5165 873 5212 et
893 5165 932 5214 sic
948 5178 1064 5229 semper.
1086 5193 1112 5202 -
1133 5161 1212 5227 poteri
1233 5167 1266 5215 V:
1288 5172 1368 5228 posset
1384 5168 1435 5216 ΒΟ
1454 5192 1481 5201 -
1505 5168 1545 5216 tt.
1563 5179 1597 5216 cc
1616 5166 1653 5216 bis

324 5240 391 5286 totos
406 5236 443 5285 D:
468 5248 501 5284 ea:
516 5235 548 5284 ite
563 5240 628 5285 totas
643 5236 715 5286 sicii:
732 5238 754 5284 V
773 5264 800 5274 -
822 5239 859 5287 ait
875 5241 915 5288 ter
931 5239 967 5298 V,
986 5240 1036 5290 sed
1053 5243 1147 5304 quarto
1164 5240 1313 5300 loconibi13
1336 5242 1580 5302 b'ibit--padicsen
1595 5253 1649 5290 om.

324 5308 353 5360 b¹
372 5336 399 5344 —
421 5313 536 5372 osopum
552 5310 578 5358 ia
595 5323 623 5360 so
639 5311 775 5375 wasnaum
791 5311 835 5370 V¹;
862 5313 889 5363 ia
909 5327 937 5364 eo
955 5317 1128 5377 apparetis
1150 5340 1176 5351 -
1203 5317 1243 5366 45.
1262 5331 1296 5367 oa
1312 5332 1363 5368 aon
1378 5330 1423 5367 aas
1439 5330 1455 5366 a
1473 5344 1499 5352 -
1523 5317 1652 5367 inmartt

327 5412 353 5420 -
375 5384 414 5435 46.
433 5389 460 5434 ut
476 5383 512 5432 V:
532 5396 585 5436 om.
604 5386 626 5436 D
644 5412 671 5420 —
693 5387 732 5436 47.
751 5391 775 5437 et
790 5401 846 5451 qen.
865 5389 901 5438 V:
920 5394 943 5438 et
959 5403 1012 5439 om.
1031 5392 1053 5441 Ι)
1072 5415 1098 5427 -
1120 5391 1240 5440 tretis.
1259 5393 1335 5454 recip.
1354 5392 1389 5441 V:
1407 5393 1557 5455 remipllo
1574 5393 1651 5442 etsie

325 5459 397 5511 elias.
418 5484 444 5495 -
466 5458 506 5509 49.
523 5458 628 5522 [matun
646 5460 681 5508 V:
700 5474 754 5511 om.
772 5463 824 5512 ΒΟ
842 5486 870 5498 -
889 5463 930 5515 20.
948 5476 994 5513 coa
1010 5478 1063 5514 om.
1082 5466 1208 5516 Muretus.
1228 5491 1255 5501 ·-
1274 5467 1316 5517 tt.
1333 5480 1413 5530 possse
1426 5469 1497 5529 {acto
1512 5467 1570 5516 aliis
1585 5467 1606 5513 V
1621 5495 1648 5504 -

323 5536 365 5584 22.
383 5534 477 5595 impeiri
492 5536 566 5607 bisiae
582 5536 593 5583 t
612 5562 638 5570 -
655 5534 696 5585 23.
714 5536 793 5598 [aaut
810 5537 878 5600 abg
896 5565 923 5573 —
950 5540 1042 5599 poterit
1058 5538 1091 5587 V:
1108 5541 1217 5601 potuerit
1233 5541 1284 5590 DO
1302 5567 1329 5577 -
1348 5555 1486 5591 messere
1502 5545 1549 5591 at:
1568 5555 1651 5591 sauce-

321 5622 381 5672 pere
397 5607 443 5666 V':
462 5621 602 5658 :aecem
619 5607 731 5672 V²bgo
751 5636 778 5647 -
796 5612 837 5661 25.
855 5612 983 5661 interitum
999 5612 1021 5660 V
1039 5625 1108 5662 corr.
1125 5627 1156 5664 ex
1173 5616 1264 5663 itenere
1277 5641 1303 5652 -
1322 5616 1363 5666 26.
1380 5621 1506 5677 repertum
1523 5617 1583 5664 v-
1603 5617 1649 5665 do-

324 5695 393 5731 mum
408 5683 461 5731 aaa
477 5695 506 5745 g;
526 5682 626 5731 wmum
641 5684 753 5733 caesuris
769 5685 821 5734 eice
837 5688 859 5745 t;
878 5687 979 5736 musis
994 5689 1105 5737 caesaris
1121 5689 1162 5738 ab
1177 5715 1204 5725 -
1223 5691 1386 5751 conpitouerit
1398 5691 1431 5739 V:
1449 5691 1591 5753 compilarit
1600 5691 1648 5741 D0

327 5783 354 5792 -
373 5757 404 5806 iis
421 5766 482 5807 nos:
501 5757 573 5815 isV;
591 5757 629 5806 bis
644 5758 697 5808 D0
716 5759 810 5821 (mania
826 5760 987 5821 satist)-
1006 5762 1046 5811 st.
1065 5763 1221 5811 eccdiV1—
1242 5765 1282 5814 28.
1301 5763 1359 5814 teis
1375 5765 1404 5813 de
1420 5778 1449 5814 re
1462 5780 1490 5827 p.
1501 5765 1575 5829 factis
1590 5765 1646 5824 ab,

325 5843 338 5879 e
356 5830 393 5891 (dc
409 5832 427 5893 t)
444 5843 473 5882 rs
485 5845 513 5893 p.
526 5832 585 5882 benc
599 5832 673 5896 suetis
688 5835 724 5896 gt
742 5859 768 5870 -
788 5833 828 5884 29.
846 5835 995 5886 inmunitate
1010 5850 1064 5900 ag:
1083 5839 1314 5890 momentosas:
1330 5841 1382 5889 t-
1401 5839 1442 5889 30.
1461 5841 1566 5903 imperio
1583 5841 1646 5890 l)-

325 5905 366 5955 32.
384 5907 481 5956 morit
497 5906 548 5957 eh.
