3800 7350
302 1188 365 1255 778
737 1198 891 1265 oaauo
912 1200 991 1264 rao
1013 1202 1047 1264 n.
1069 1199 1194 1264 soum

303 1374 397 1429 ceret.
440 1367 554 1430 XXVI.
576 1364 627 1430 72.
649 1369 808 1450 Agedum,
837 1368 978 1432 conferte
999 1387 1084 1431 nunc
1106 1388 1178 1431 eum
1205 1368 1289 1431 illius
1317 1368 1413 1432 vitam
1443 1370 1476 1432 P.
1503 1369 1628 1445 Sullae,

302 1460 394 1524 vobis
422 1461 603 1546 populoque
631 1464 772 1525 llomano
798 1462 1010 1535 notissimam,
1039 1462 1176 1537 iudices,
1206 1468 1238 1524 et
1259 1481 1327 1526 cam
1351 1469 1424 1524 ante
1445 1462 1554 1526 oculos
1575 1482 1629 1525 ve·

302 1560 385 1617 stans
416 1555 593 1639 proponite:
636 1555 768 1638 quuod
798 1561 847 1618 est
872 1555 968 1619 buius
997 1554 1112 1618 iactum
1134 1563 1191 1618 aut
1212 1556 1412 1619 commissum
1435 1577 1500 1620 non
1526 1556 1628 1621 dicam

302 1649 466 1724 audacius,
493 1650 550 1713 sed
572 1652 659 1733 quod
681 1651 830 1733 cuiquam
852 1651 948 1733 paulo
971 1650 1076 1713 minus
1099 1650 1332 1712 consideratum
1354 1650 1538 1713 videretur?
1571 1650 1630 1711 Fa·

278 1748 386 1803 sctum
415 1747 558 1826 quaero?
591 1745 722 1807 verbum
751 1746 874 1828 ecquod
904 1764 1055 1828 umquam
1085 1764 1126 1806 ex
1148 1764 1203 1806 ore
1225 1744 1321 1806 huius
1343 1744 1476 1818 excidit,
1508 1744 1630 1827 inquo

303 1835 469 1918 quisquam
490 1845 599 1920 posset
621 1837 764 1900 offendit
800 1839 841 1900 m
862 1857 938 1900 vero
960 1836 994 1899 in
1016 1837 1069 1899 illa
1091 1838 1178 1919 gravi
1199 1838 1234 1899 L.
1258 1837 1364 1902 Sullae
1386 1834 1630 1918 turbulentaque

302 1929 432 1992 victoria
464 1933 536 2013 quis
565 1934 597 1994 P.
628 1931 714 1993 Sulla
742 1933 865 2006 mitior,
898 1932 972 2014 quis
1002 1930 1233 1993 misericordior
1260 1931 1409 1994 inventus
1431 1932 1501 1993 esti
1534 1949 1630 2012 quam

302 2022 472 2086 multorum
494 2024 545 2088 hic
566 2026 663 2088 vitam
685 2032 733 2088 est
754 2045 772 2086 a
795 2027 828 2087 L.
853 2025 939 2088 Sulla
962 2024 1164 2106 deprecatusl
1192 2044 1287 2107 quam
1310 2024 1397 2088 multi
1419 2031 1494 2088 sunt
1515 2016 1630 2085 summi

301 2114 448 2180 homines
470 2126 502 2181 et
524 2119 714 2182 ornatissimi
736 2126 768 2180 et
788 2120 887 2182 nostri
910 2124 942 2180 et
964 2117 1121 2201 equestris
1143 2117 1279 2192 ordinis,
1302 2138 1437 2202 quorum
1454 2136 1512 2200 pro
1529 2116 1630 2180 salute

264 2227 337 2273 rose
358 2208 410 2272 hic
433 2210 540 2275 Sullae
562 2212 728 2294 obligavit!
759 2231 839 2295 quos
868 2231 927 2293 ego
957 2212 1168 2285 nominarem3
1199 2230 1304 2294 neque
1326 2212 1411 2275 enim
1433 2212 1496 2294 ipsi
1518 2211 1632 2273 nolunt

302 2309 335 2365 ct
355 2302 430 2366 buic
451 2306 557 2369 animo
580 2307 756 2388 gratissimo
778 2305 912 2369 adsunt:
935 2306 991 2369 sed
1014 2305 1091 2388 quia
1114 2305 1215 2368 maius
1238 2312 1286 2368 est
1306 2303 1510 2378 beneficium,
1534 2324 1630 2388 quam

303 2416 398 2479 posse
419 2398 514 2462 debet
535 2400 611 2462 civis
633 2401 693 2463 civi
715 2399 806 2474 dare,
839 2400 912 2463 ideo
934 2420 954 2461 a
977 2400 1066 2462 vobis
1088 2406 1181 2482 peto,
1203 2407 1240 2462 ut
1261 2398 1347 2483 quod
1368 2399 1473 2484 potuit
1493 2398 1629 2483 tempori

302 2490 464 2565 tribuatis,
488 2493 574 2576 quod
595 2492 671 2556 lecit
693 2493 766 2575 ipsi.
808 2490 859 2556 73.
881 2492 965 2569 Quid
987 2494 1142 2576 reliquam
1165 2493 1376 2556 constantiam
1391 2495 1473 2557 vitae
1494 2512 1632 2557 comme·

302 2587 447 2648 moremt
468 2586 670 2670 dignitatem,
692 2587 919 2662 liberalitatem,
934 2587 1183 2651 moderationem
1198 2587 1232 2648 in
1246 2586 1376 2670 privatis
1390 2587 1501 2662 rebus,
1524 2588 1632 2672 splen·

264 2679 413 2745 sudorem
433 2680 466 2743 in
489 2679 643 2764 publicis?
675 2701 756 2765 quae
785 2682 830 2744 its
851 2679 1024 2745 deformata
1047 2689 1122 2743 sunt
1143 2701 1162 2743 a
1183 2680 1323 2753 fortuna,
1350 2688 1387 2742 nt
1407 2688 1513 2744 tamen
1535 2701 1554 2745 a
1574 2700 1632 2744 na·

302 2780 372 2835 tura
398 2773 547 2836 inchoata
575 2783 787 2857 compareant.
830 2774 920 2851 Quae
950 2775 1079 2838 domusl
1113 2795 1195 2857 quae
1223 2774 1393 2838 celebratio
1428 2776 1630 2858 quotidiana!

302 2886 385 2951 quae
405 2866 607 2931 familiarium
629 2868 783 2950 dignitas!
812 2888 893 2952 quae
915 2870 1020 2932 studia
1041 2869 1230 2932 amicoruml
1257 2886 1339 2950 quae
1361 2886 1402 2929 ex
1427 2887 1558 2951 quoquc
1580 2888 1631 2932 or-

302 2960 378 3026 dine
400 2961 587 3025 multitudol
609 2962 695 3024 Haec
710 2961 764 3025 diu
779 2962 978 3046 multumque
994 2970 1027 3025 et
1040 2963 1140 3026 multo
1156 2963 1263 3025 labore
1278 2960 1423 3044 quaesita
1439 2981 1503 3024 una
1518 2964 1634 3047 eripuit

302 3055 390 3119 hora.
426 3056 556 3139 Accepit
577 3057 610 3118 P.
634 3055 741 3129 Sulla,
764 3056 901 3130 iudices,
923 3057 1039 3120 vulnus
1056 3056 1228 3120 vehemens
1244 3063 1276 3119 et
1291 3053 1501 3130 mortiferum,
1523 3075 1632 3119 verum

264 3159 407 3214 numen
430 3150 498 3212 eius
521 3148 626 3222 modi,
648 3149 732 3233 quod
756 3149 916 3213 videretur
935 3150 1032 3214 huius
1054 3153 1119 3214 vita
1141 3157 1173 3213 et
1194 3158 1307 3212 natura
1320 3150 1461 3231 accipere
1478 3150 1632 3233 potuisse.

302 3244 486 3307 Honestatis
507 3246 592 3306 enim
614 3252 646 3307 et
668 3242 832 3325 dignitatis
853 3244 1003 3308 babuisse
1026 3246 1120 3308 nimis
1142 3264 1288 3326 magnam
1307 3242 1466 3307 iudicatus
1481 3248 1530 3305 est
1543 3242 1633 3324 cupi·

302 3339 449 3402 dilatem:
484 3358 579 3422 quam
602 3338 627 3401 si
649 3357 743 3400 nemo
766 3337 846 3400 alius
867 3337 978 3401 habuit
999 3340 1031 3401 in
1054 3339 1220 3402 consulatu
1242 3336 1397 3420 petendo,
1419 3336 1564 3418 cupidior
1584 3337 1631 3399 iu·

303 3434 424 3497 dicatus
446 3441 496 3497 est
515 3434 568 3497 bic
589 3432 688 3495 lirisse
711 3452 806 3515 quam
829 3433 943 3495 ceteri:
972 3432 1022 3495 sin
1044 3433 1138 3495 etiam
1160 3434 1193 3494 in
1215 3433 1287 3495 aliis
1308 3430 1470 3494 nonnullis
1490 3429 1553 3494 fuit
1570 3432 1631 3494 iste

303 3525 486 3590 consulatus
513 3545 619 3602 amor,
648 3527 774 3589 fortuna
804 3527 837 3589 in
869 3526 930 3588 boc
952 3525 1013 3589 luit
1033 3527 1166 3590 sortasse
1189 3526 1316 3608 gravior
1337 3544 1431 3607 quam
1452 3524 1486 3586 in
1507 3528 1631 3589 ceteris.

264 3616 355 3685 nu.
378 3622 493 3685 Postea
515 3640 591 3684 vero
614 3620 687 3706 quis
709 3622 741 3684 P.
766 3620 885 3684 Sullam
908 3619 969 3683 nisi
992 3627 1201 3695 maerentem,
1223 3618 1395 3683 demissum
1414 3618 1632 3705 afflictumque

303 3714 404 3776 vidit‘l
426 3715 501 3796 quis
524 3734 671 3799 umquam
695 3722 744 3778 est
765 3717 960 3798 suspicatus,
987 3715 1073 3777 buno
1095 3715 1195 3797 magis
1218 3714 1293 3777 odio
1316 3732 1411 3797 quam
1432 3715 1555 3797 pudore
1575 3716 1633 3778 bo-

302 3809 423 3873 minum
446 3808 629 3893 adspectum
651 3809 819 3892 lucemque
842 3811 964 3873 vitaret
986 3810 1049 3884 Qui
1072 3828 1143 3871 cum
1166 3807 1263 3872 multa
1283 3808 1415 3871 haberet
1428 3807 1634 3872 invitamenta

301 3904 391 3967 urbis
420 3911 452 3966 et
480 3903 541 3966 lori
567 3911 695 3987 propter
716 3924 837 3979 summa
859 3900 963 3967 studia
984 3904 1173 3976 amicorum,
1203 3922 1285 3985 quae
1312 3910 1416 3964 tamen
1450 3903 1480 3965 ei
1509 3902 1577 3965 sola
1599 3903 1633 3964 in

300 3997 392 4064 malis
413 3999 608 4072 restiterunt,
629 3997 710 4061 afuit
729 3998 768 4062 ab
791 3987 890 4062 oculis
913 3999 1041 4071 vestris,
1069 4005 1115 4071 et,
1139 4017 1211 4060 cum
1232 3996 1303 4079 lege
1326 3997 1536 4070 retineretur,
1559 3995 1630 4077 ipso

367 4327 391 4376 4.
409 4338 467 4376 curn
480 4325 548 4374 illius
562 4325 711 4385 ditantis,
730 4326 818 4385 bero,
837 4324 978 4376 loreum:
997 4337 1054 4373 mem
1069 4323 1136 4371 illius
1150 4321 1205 4370 sita
1216 4322 1250 4380 T;
1268 4333 1326 4369 cum
1342 4319 1409 4369 illius
1423 4321 1478 4370 uita
1493 4321 1573 4371 uitam
1585 4322 1628 4372 ed.

300 4403 367 4452 lunt.
387 4404 414 4452 et
430 4401 521 4452 bamb.
542 4400 584 4463 (cf.
602 4402 680 4451 Tusc.
698 4401 729 4462 V,
748 4401 762 4463 5
780 4400 835 4463 64),
861 4413 919 4450 cum
940 4400 989 4449 illis
1009 4400 1088 4448 uitam
1108 4399 1124 4448 Β
1142 4396 1221 4447 codd.
1241 4395 1358 4455 l'rencii,
1377 4394 1392 4445 3
1409 4394 1488 4445 codd.
1508 4392 1628 4456 bellem..

300 4479 371 4528 Βίου.
383 4474 543 4538 electoralis,
563 4476 605 4526 ed.
625 4474 702 4535 tiit,
721 4477 750 4525 0.
773 4476 811 4525 Cl.
831 4489 870 4525 or.
889 4475 963 4524 verr.
977 4476 1019 4536 lli,
1038 4475 1053 4538 g
1071 4474 1114 4526 lb:
1133 4478 1161 4523 ut
1176 4486 1227 4522 non
1246 4471 1374 4534 censeam
1388 4471 1467 4519 uitam
1484 4474 1556 4520 tuam
1572 4484 1631 4521 curn

300 4553 375 4604 itlius.
402 4553 491 4603 Lectio
509 4549 607 4600 codicis
624 4551 643 4600 Τ
660 4563 709 4614 per
725 4563 755 4600 se
773 4551 829 4613 ipsa
848 4560 900 4599 non
919 4551 960 4599 est
976 4548 1054 4610 falsa,
1072 4548 1120 4600 scd
1137 4548 1164 4597 b.
1182 4546 1199 4597 l.
1218 4548 1260 4597 vir
1279 4544 1431 4610 probanda,
1450 4557 1512 4596 cum
1530 4559 1631 4612 sequa-

302 4630 344 4677 tur
354 4643 360 4676 :
377 4627 446 4677 uobis
456 4653 470 4663 -
478 4652 492 4662 -
502 4625 664 4675 notissimam.
678 4651 706 4660 —
719 4625 743 4675 3.
757 4625 858 4688 ecquod]
870 4629 894 4674 et
905 4625 971 4686 quod
982 4625 1034 4673 mei
1047 4627 1075 4672 et
1085 4625 1124 4673 sic
1135 4621 1213 4686 paulo
1225 4623 1294 4685 post.
1309 4648 1336 4655 —
1350 4625 1386 4670 est
1395 4621 1415 4670 T
1423 4622 1442 4670 B
1451 4635 1457 4669 ε
1476 4633 1529 4671 om.
1543 4622 1562 4672 Β
1572 4623 1592 4671 0
1602 4649 1629 4657 —

301 4703 326 4754 l.
343 4703 421 4766 paulo
439 4703 507 4752 mei:
524 4702 611 4764 paullo
628 4701 648 4750 0
667 4727 694 4735 -
714 4702 738 4751 5.
757 4706 781 4750 et
798 4701 864 4762 quod
880 4712 993 4762 unquam
1007 4699 1110 4748 uerbum
1127 4698 1187 4747 B-
1206 4697 1259 4745 eius
1276 4697 1333 4744 S—
1351 4695 1379 4743 in
1396 4708 1445 4757 ouo
1461 4696 1509 4745 ΤΒ
1527 4698 1633 4746 etunus

302 4780 399 4829 Oxou:
419 4791 467 4838 quo
484 4778 567 4827 Oxou.
585 4791 617 4837 χ;
635 4780 663 4824 ut
680 4775 740 4826 cod.
760 4776 789 4825 C.
809 4777 899 4840 Stepb.
919 4778 946 4825 et
962 4775 1056 4832 Bern.;
1080 4773 1146 4822 unde
1163 4772 1212 4820 ΒΟ
1232 4799 1259 4807 -
1279 4771 1303 4820 6.
1322 4769 1513 4834 turbulentaque
1526 4773 1634 4821 wtorio

302 4855 334 4904 T:
352 4852 459 4901 uictoria
476 4851 665 4912 turbulentaque
682 4851 732 4902 ΒΟ
751 4875 778 4887 -
809 4853 833 4901 7.
852 4853 907 4913 quis
921 4849 1107 4900 misericordior
1123 4848 1237 4896 inuentus
1253 4852 1287 4895 est
1304 4844 1357 4895 Eri.
1376 4844 1462 4895 solus:
1481 4859 1535 4896 om.
1554 4847 1631 4897 codd.

302 4926 370 4989 rell,
383 4928 463 4977 etium
476 4927 496 4975 Τ
511 4951 538 4962 -
557 4939 633 4990 quam
645 4939 698 4976 om.
712 4925 790 4976 codd.
804 4926 875 4982 noti;
895 4927 996 4989 primus
1014 4921 1114 4973 addidit
1131 4921 1276 4983 llervagius
1293 4933 1327 4970 ex
1343 4918 1417 4971 Gellii
1433 4922 1507 4971 Noct.
1525 4923 1576 4972 Att.
1589 4923 1634 4972 Vll

303 5003 367 5064 (Vl),
388 5004 432 5062 46,
451 5002 476 5051 6.
494 5028 527 5038 -
551 5003 575 5051 8.
594 5006 651 5050 sunt
668 5003 744 5050 etium
761 5004 850 5049 summi
866 5001 886 5049 B
905 5026 933 5036 -
957 5000 981 5049 9.
1000 4997 1123 5061 oequmtri
1141 4997 1160 5045 T
1179 5023 1205 5031 -
1227 4995 1268 5044 40.
1286 4995 1326 5043 bic
1342 5007 1367 5044 se
1382 4995 1402 5044 Β
1420 5019 1447 5029 -
1466 5008 1544 5057 neque
1559 4996 1633 5057 enirn]

301 5077 350 5127 nisi
367 5076 458 5136 ouiaB
481 5101 508 5114 -·
528 5077 568 5125 44.
586 5076 702 5125 asurntT
716 5102 743 5111 -
763 5075 803 5124 ti.
818 5076 883 5136 quod
896 5077 980 5138 potuit
991 5100 1028 5111 --
1039 5073 1099 5134 quid
1115 5084 1168 5121 om.
1188 5071 1207 5119 Β
1227 5095 1254 5104 -
1275 5069 1315 5119 43.
1331 5070 1399 5118 uitae
1414 5070 1558 5133 munimem
1572 5071 1635 5120 libe-

302 5153 429 5203 ralitatem
445 5164 484 5201 me
500 5155 707 5201 commemorante
722 5151 892 5200 recordamini
908 5150 1103 5200 moderationem
1120 5147 1139 5195 Β
1159 5171 1186 5181 -
1206 5143 1247 5194 tt.
1266 5144 1404 5193 libertatem
1419 5144 1478 5192 T-
1497 5145 1537 5193 45.
1550 5145 1635 5206 defor-

302 5235 373 5278 maia
389 5232 446 5278 sunt
462 5241 480 5276 a
495 5227 553 5289 sort.
572 5226 607 5275 T:
627 5225 713 5289 osori.
727 5226 830 5288 desuem.
849 5231 906 5274 sunt
923 5225 971 5274 ΒΟ
990 5250 1016 5258 -
1037 5223 1077 5272 46.
1095 5227 1249 5285 conparcont
1265 5222 1300 5281 Τ;
1319 5226 1495 5282 consuerentur
1510 5222 1527 5271 S
1543 5235 1585 5286 pr.
1595 5237 1632 5273 m.

306 5333 332 5342 -
357 5305 486 5354 cotidiana
502 5302 522 5352 Τ
541 5327 568 5338 -
587 5302 627 5351 tr.
644 5301 811 5364 familiarium
827 5300 891 5349 TB:
909 5298 1046 5362 familiaris
1063 5299 1120 5348 ΒΟ.
1140 5297 1178 5348 Cf.
1197 5297 1266 5360 577.
1287 5323 1314 5333 -
1332 5307 1445 5356 quaeque
1459 5308 1493 5344 ec:
1509 5297 1528 5345 Β
1545 5322 1572 5333 -
1592 5297 1632 5347 48.

302 5379 456 5440 multumque
470 5377 500 5437 Τ,
519 5375 570 5426 Eri.
589 5377 615 5426 el
632 5377 718 5426 Parc:
735 5376 842 5425 multum
858 5374 904 5423 BS
925 5376 953 5423 et
969 5372 1047 5423 codd.
1067 5373 1132 5424 dett.
1153 5399 1181 5409 -·
1204 5385 1235 5421 oe
1252 5371 1271 5420 B
1299 5397 1326 5406 -
1349 5370 1388 5418 49.
1406 5369 1478 5434 bora]
1495 5370 1546 5419 dies
1561 5371 1578 5420 S
1595 5384 1632 5421 m.

303 5467 344 5518 pr.
364 5479 391 5489 -
409 5452 499 5501 vulnus
514 5451 640 5500 oebemem
655 5451 730 5500 TBs
748 5454 774 5499 et
791 5449 870 5500 codd.
888 5449 1025 5515 plerique:
1051 5450 1177 5500 celenens
1196 5446 1287 5497 uulnus
1306 5443 1366 5495 cod.
1384 5444 1561 5504 Victorianus,
1588 5444 1631 5494 ed.

303 5532 413 5580 Asceos.
433 5527 511 5585 toll,
530 5525 564 5584 Ο,
592 5524 663 5588 quod
680 5523 804 5588 praetulit
821 5525 966 5588 Seyffertus
983 5537 1009 5588 p.
1028 5524 1069 5574 33.
1095 5552 1121 5559 -
1146 5525 1186 5575 ΒΟ.
1205 5524 1279 5572 buius
1293 5522 1348 5571 uita
1363 5518 1424 5569 TB:
1448 5520 1501 5569 eius
1513 5521 1568 5569 vita
1584 5522 1633 5571 ΒΟ

305 5627 333 5638 -
357 5601 388 5665 et]
406 5613 437 5650 ac
453 5600 487 5660 Β,
512 5599 571 5648 tort.
591 5602 676 5659 recte,
694 5601 724 5648 ut
740 5602 781 5648 est
804 5599 819 5662 g
836 5601 876 5649 Ti.
895 5601 949 5648 uita
972 5612 1003 5648 oc
1019 5604 1114 5647 natura
1132 5603 1159 5649 et
1175 5598 1239 5649 ibid.
1257 5609 1339 5647 mores
1355 5607 1386 5644 ac
1401 5594 1467 5655 uita;
1491 5595 1506 5660 g
1523 5595 1564 5645 69.
1580 5599 1635 5646 uita

305 5690 336 5727 ac
351 5688 439 5727 mores.
459 5701 486 5710 —
505 5675 547 5724 ul.
566 5674 632 5724 enim
648 5675 668 5724 T
685 5677 712 5723 et
728 5676 819 5723 Pare:
839 5675 937 5736 quiden
954 5674 989 5733 B;
1009 5675 1138 5724 enimam.
1152 5676 1202 5724 uo
1222 5697 1248 5710 -
1268 5673 1310 5722 23.
1328 5671 1368 5719 bic
1383 5669 1507 5720 iudicatus
1521 5673 1586 5721 estB
1605 5698 1632 5708 -

304 5749 388 5816 etiam]
406 5751 520 5800 autemli
534 5775 563 5786 -
581 5751 622 5799 25.
634 5748 692 5813 uiri]
709 5762 760 5798 non
777 5750 793 5797 S
808 5775 834 5784 -
852 5754 987 5799 merentem
1003 5749 1048 5797 ΤΒ
1067 5773 1094 5783 -
1111 5749 1232 5812 amulum
1243 5746 1452 5806 comicamque
1467 5773 1494 5782 -
1511 5745 1556 5795 ΒΤ)
1566 5759 1636 5809 arpe-

304 5833 371 5877 ctum
387 5827 407 5875 T
425 5851 451 5860 -
470 5825 511 5875 ΒΒ.
531 5837 596 5888 puae
611 5831 709 5875 tantum
726 5825 745 5873 Β
767 5851 793 5860 -
818 5825 858 5873 Β9.
883 5823 948 5886 afuit
969 5820 1127 5873 Lambinus:
1146 5823 1219 5885 affuit
1239 5823 1274 5882 T,
1297 5820 1378 5884 abfuit
1397 5819 1472 5870 RSO
1496 5844 1522 5855 -·
1543 5822 1635 5870 nostris

304 5904 337 5966 Β,
357 5900 417 5953 cod.
436 5902 465 5952 C.
484 5900 574 5970 steph.
594 5902 621 5950 et
637 5901 719 5953 oron.
737 5899 757 5950 T
777 5924 802 5935 -
822 5898 980 5961 retineretur]
997 5910 1047 5946 non
1063 5901 1202 5948 mereretur
1216 5897 1245 5946 Β.
