<?xml version="1.0" encoding="UTF-8"?>
<!DOCTYPE html PUBLIC "-//W3C//DTD XHTML 1.0 Transitional//EN"
    "http://www.w3.org/TR/xhtml1/DTD/xhtml1-transitional.dtd">
<html xmlns="http://www.w3.org/1999/xhtml" xml:lang="en" lang="en">
 <head>
  <title>
</title>
<meta http-equiv="Content-Type" content="text/html;charset=utf-8" />
  <meta name='ocr-system' content='tesseract 3.04.00' />
  <meta name='ocr-capabilities' content='ocr_page ocr_carea ocr_par ocr_line ocrx_word'/>
</head>
<body>
  <div class='ocr_page' id='page_1' title='image "./operaquaesupers08halmgoog/operaquaesupers08halmgoog_0026.png"; bbox 0 0 3800 7350; ppageno 0'>
   <div class='ocr_carea' id='block_1_1' title="bbox 280 1173 330 1226">
    <p class='ocr_par' dir='ltr' id='par_1_1' title="bbox 280 1173 330 1226">
     <span class='ocr_line' id='line_1_1' title="bbox 280 1173 330 1226; baseline 0 0"><span class='ocrx_word' id='word_1_1' title='bbox 280 1173 330 1226; x_wconf 84' lang='lat' dir='ltr'><strong>xii</strong></span> 
     </span>
    </p>
   </div>
   <div class='ocr_carea' id='block_1_2' title="bbox 281 1319 1586 2151">
    <p class='ocr_par' dir='ltr' id='par_1_2' title="bbox 281 1319 1586 2151">
     <span class='ocr_line' id='line_1_2' title="bbox 281 1319 1584 1416; baseline 0 -22"><span class='ocrx_word' id='word_1_2' title='bbox 281 1319 474 1395; x_wconf 84' lang='lat' dir='ltr'><strong>invenisset</strong></span> <span class='ocrx_word' id='word_1_3' title='bbox 492 1327 588 1394; x_wconf 92' lang='lat' dir='ltr'><strong>nobis</strong></span> <span class='ocrx_word' id='word_1_4' title='bbox 616 1328 783 1413; x_wconf 88' lang='lat' dir='ltr'><strong>impertire</strong></span> <span class='ocrx_word' id='word_1_5' title='bbox 803 1329 916 1395; x_wconf 84' lang='lat' dir='ltr'><strong>vellet.</strong></span> <span class='ocrx_word' id='word_1_6' title='bbox 959 1326 1053 1411; x_wconf 75' lang='lat' dir='ltr'><strong>Quae</strong></span> <span class='ocrx_word' id='word_1_7' title='bbox 1074 1347 1153 1416; x_wconf 88' lang='lat' dir='ltr'><strong>spes</strong></span> <span class='ocrx_word' id='word_1_8' title='bbox 1173 1347 1244 1396; x_wconf 90' lang='lat' dir='ltr'><strong>cum</strong></span> <span class='ocrx_word' id='word_1_9' title='bbox 1266 1348 1333 1395; x_wconf 95' lang='lat' dir='ltr'><strong>non</strong></span> <span class='ocrx_word' id='word_1_10' title='bbox 1355 1329 1529 1396; x_wconf 85' lang='lat' dir='ltr'><strong>ieiellisset</strong></span> <span class='ocrx_word' id='word_1_11' title='bbox 1551 1333 1584 1395; x_wconf 92' lang='grc'><strong>11</strong></span> 
     </span>
     <span class='ocr_line' id='line_1_3' title="bbox 281 1450 1584 1541; baseline -0.005 -21"><span class='ocrx_word' id='word_1_12' title='bbox 281 1450 477 1541; x_wconf 81' lang='lat' dir='ltr'><strong>Madvigius</strong></span> <span class='ocrx_word' id='word_1_13' title='bbox 506 1452 636 1535; x_wconf 85' lang='lat' dir='ltr'><strong>priores</strong></span> <span class='ocrx_word' id='word_1_14' title='bbox 661 1468 741 1516; x_wconf 89' lang='lat' dir='ltr'><strong>suas</strong></span> <span class='ocrx_word' id='word_1_15' title='bbox 767 1450 1013 1517; x_wconf 76' lang='lat' dir='ltr'><strong>emendationes</strong></span> <span class='ocrx_word' id='word_1_16' title='bbox 1039 1453 1136 1516; x_wconf 84' lang='lat' dir='ltr'><strong>novis</strong></span> <span class='ocrx_word' id='word_1_17' title='bbox 1161 1452 1308 1541; x_wconf 73' lang='lat' dir='ltr'><strong>egregiis</strong></span> <span class='ocrx_word' id='word_1_18' title='bbox 1328 1452 1492 1537; x_wconf 75' lang='lat' dir='ltr'><strong>auxisset,</strong></span> <span class='ocrx_word' id='word_1_19' title='bbox 1518 1469 1584 1515; x_wconf 95' lang='lat' dir='ltr'><strong>non</strong></span> 
     </span>
     <span class='ocr_line' id='line_1_4' title="bbox 281 1566 1584 1661; baseline -0.002 -22"><span class='ocrx_word' id='word_1_20' title='bbox 281 1572 501 1639; x_wconf 66' lang='lat' dir='ltr'><strong>dubitavimus</strong></span> <span class='ocrx_word' id='word_1_21' title='bbox 526 1566 869 1639; x_wconf 75' lang='grc'><strong>111111721111111</strong></span> <span class='ocrx_word' id='word_1_22' title='bbox 899 1571 1053 1639; x_wconf 81' lang='lat' dir='ltr'><strong>editionis</strong></span> <span class='ocrx_word' id='word_1_23' title='bbox 1079 1574 1196 1639; x_wconf 87' lang='lat' dir='ltr'><strong>iterum</strong></span> <span class='ocrx_word' id='word_1_24' title='bbox 1221 1575 1313 1661; x_wconf 88' lang='lat' dir='ltr'><strong>typis</strong></span> <span class='ocrx_word' id='word_1_25' title='bbox 1334 1570 1584 1639; x_wconf 86' lang='lat' dir='ltr'><strong>exscribendum</strong></span> 
     </span>
     <span class='ocr_line' id='line_1_5' title="bbox 281 1693 1584 1782; baseline -0.004 -18"><span class='ocrx_word' id='word_1_26' title='bbox 281 1712 415 1778; x_wconf 85' lang='lat' dir='ltr'><strong>curare,</strong></span> <span class='ocrx_word' id='word_1_27' title='bbox 441 1696 479 1760; x_wconf 89' lang='lat' dir='ltr'><strong>ut</strong></span> <span class='ocrx_word' id='word_1_28' title='bbox 508 1695 613 1761; x_wconf 89' lang='lat' dir='ltr'><strong>oratio</strong></span> <span class='ocrx_word' id='word_1_29' title='bbox 644 1699 798 1782; x_wconf 84' lang='lat' dir='ltr'><strong>quantum</strong></span> <span class='ocrx_word' id='word_1_30' title='bbox 826 1694 896 1761; x_wconf 84' lang='lat' dir='ltr'><strong>deri</strong></span> <span class='ocrx_word' id='word_1_31' title='bbox 922 1698 1055 1780; x_wconf 88' lang='lat' dir='ltr'><strong>poterat</strong></span> <span class='ocrx_word' id='word_1_32' title='bbox 1076 1693 1248 1761; x_wconf 86' lang='lat' dir='ltr'><strong>emendata</strong></span> <span class='ocrx_word' id='word_1_33' title='bbox 1277 1695 1509 1780; x_wconf 86' lang='lat' dir='ltr'><strong>publicaretur.</strong></span> <span class='ocrx_word' id='word_1_34' title='bbox 1544 1696 1584 1761; x_wconf 94' lang='lat' dir='ltr'><strong>ln</strong></span> 
     </span>
     <span class='ocr_line' id='line_1_6' title="bbox 281 1814 1586 1907; baseline -0.002 -24"><span class='ocrx_word' id='word_1_35' title='bbox 281 1818 510 1903; x_wconf 88' lang='lat' dir='ltr'><strong>supplemento</strong></span> <span class='ocrx_word' id='word_1_36' title='bbox 532 1821 640 1884; x_wconf 88' lang='lat' dir='ltr'><strong>autem</strong></span> <span class='ocrx_word' id='word_1_37' title='bbox 662 1817 815 1884; x_wconf 87' lang='lat' dir='ltr'><strong>editionis</strong></span> <span class='ocrx_word' id='word_1_38' title='bbox 836 1821 1044 1907; x_wconf 86' lang='lat' dir='ltr'><strong>argumenta,</strong></span> <span class='ocrx_word' id='word_1_39' title='bbox 1076 1817 1193 1903; x_wconf 86' lang='lat' dir='ltr'><strong>quibus</strong></span> <span class='ocrx_word' id='word_1_40' title='bbox 1212 1814 1408 1905; x_wconf 80' lang='lat' dir='ltr'><strong>Madvigius</strong></span> <span class='ocrx_word' id='word_1_41' title='bbox 1428 1814 1586 1882; x_wconf 85' lang='lat' dir='ltr'><strong>emendu-</strong></span> 
     </span>
     <span class='ocr_line' id='line_1_7' title="bbox 281 1936 1585 2025; baseline -0.003 -20"><span class='ocrx_word' id='word_1_42' title='bbox 281 1941 391 2005; x_wconf 91' lang='lat' dir='ltr'><strong>tlones</strong></span> <span class='ocrx_word' id='word_1_43' title='bbox 413 1936 618 2006; x_wconf 79' lang='lat' dir='ltr'><strong>consumavit</strong></span> <span class='ocrx_word' id='word_1_44' title='bbox 646 1943 681 2005; x_wconf 89' lang='lat' dir='ltr'><strong>et</strong></span> <span class='ocrx_word' id='word_1_45' title='bbox 702 1956 786 2025; x_wconf 83' lang='lat' dir='ltr'><strong>quae</strong></span> <span class='ocrx_word' id='word_1_46' title='bbox 807 1937 848 2005; x_wconf 92' lang='lat' dir='ltr'><strong>de</strong></span> <span class='ocrx_word' id='word_1_47' title='bbox 876 1939 1002 2025; x_wconf 85' lang='lat' dir='ltr'><strong>aliquot</strong></span> <span class='ocrx_word' id='word_1_48' title='bbox 1023 1938 1106 2005; x_wconf 90' lang='lat' dir='ltr'><strong>locis</strong></span> <span class='ocrx_word' id='word_1_49' title='bbox 1126 1939 1262 2003; x_wconf 87' lang='lat' dir='ltr'><strong>aliarum</strong></span> <span class='ocrx_word' id='word_1_50' title='bbox 1284 1937 1465 2003; x_wconf 71' lang='lat' dir='ltr'><strong>antianum</strong></span> <span class='ocrx_word' id='word_1_51' title='bbox 1486 1937 1585 2021; x_wconf 89' lang='lat' dir='ltr'><strong>plane</strong></span> 
     </span>
     <span class='ocr_line' id='line_1_8' title="bbox 281 2058 1586 2151; baseline -0.004 -23"><span class='ocrx_word' id='word_1_52' title='bbox 281 2062 436 2151; x_wconf 81' lang='lat' dir='ltr'><strong>egregie,</strong></span> <span class='ocrx_word' id='word_1_53' title='bbox 463 2064 501 2128; x_wconf 92' lang='lat' dir='ltr'><strong>ut</strong></span> <span class='ocrx_word' id='word_1_54' title='bbox 522 2061 669 2147; x_wconf 90' lang='lat' dir='ltr'><strong>adsolet,</strong></span> <span class='ocrx_word' id='word_1_55' title='bbox 694 2064 931 2130; x_wconf 89' lang='lat' dir='ltr'><strong>commentatus</strong></span> <span class='ocrx_word' id='word_1_56' title='bbox 960 2066 1011 2127; x_wconf 88' lang='lat' dir='ltr'><strong>est</strong></span> <span class='ocrx_word' id='word_1_57' title='bbox 1033 2062 1216 2144; x_wconf 73' lang='lat' dir='ltr'><strong>attulimus,</strong></span> <span class='ocrx_word' id='word_1_58' title='bbox 1246 2059 1399 2150; x_wconf 88' lang='lat' dir='ltr'><strong>religioni</strong></span> <span class='ocrx_word' id='word_1_59' title='bbox 1427 2058 1586 2125; x_wconf 87' lang='lat' dir='ltr'><strong>ducentes</strong></span> 
     </span>
    </p>
   </div>
   <div class='ocr_carea' id='block_1_3' title="bbox 282 2181 1722 2270">
    <p class='ocr_par' dir='ltr' id='par_1_3' title="bbox 282 2181 1722 2270">
     <span class='ocr_line' id='line_1_9' title="bbox 282 2181 1722 2270; baseline 0.003 -23"><span class='ocrx_word' id='word_1_60' title='bbox 282 2181 455 2270; x_wconf 81' lang='lat' dir='ltr'><strong>quidquam</strong></span> <span class='ocrx_word' id='word_1_61' title='bbox 482 2187 744 2269; x_wconf 77' lang='lat' dir='ltr'><strong>praetermittere</strong></span> <span class='ocrx_word' id='word_1_62' title='bbox 773 2202 883 2249; x_wconf 89' lang='lat' dir='ltr'><strong>eorum</strong></span> <span class='ocrx_word' id='word_1_63' title='bbox 904 2185 1063 2269; x_wconf 73' lang='lat' dir='ltr'><strong>quaevis·</strong></span> <span class='ocrx_word' id='word_1_64' title='bbox 1084 2203 1226 2250; x_wconf 86' lang='lat' dir='ltr'><strong>summus</strong></span> <span class='ocrx_word' id='word_1_65' title='bbox 1247 2183 1416 2250; x_wconf 91' lang='lat' dir='ltr'><strong>nobiscum</strong></span> <span class='ocrx_word' id='word_1_66' title='bbox 1437 2200 1585 2249; x_wconf 88' lang='lat' dir='ltr'><strong>commu·</strong></span> <span class='ocrx_word' id='word_1_67' title='bbox 1718 2244 1722 2252; x_wconf 88' lang='lat'><em>.</em></span> 
     </span>
    </p>
   </div>
   <div class='ocr_carea' id='block_1_4' title="bbox 282 2305 544 2378">
    <p class='ocr_par' dir='ltr' id='par_1_4' title="bbox 282 2305 544 2378">
     <span class='ocr_line' id='line_1_10' title="bbox 282 2305 544 2378; baseline 0.031 -8"><span class='ocrx_word' id='word_1_68' title='bbox 282 2305 463 2372; x_wconf 86' lang='lat' dir='ltr'><strong>nicaverat.</strong></span> <span class='ocrx_word' id='word_1_69' title='bbox 539 2370 544 2378; x_wconf 92' lang='lat'><strong>.</strong></span> 
     </span>
    </p>
   </div>
   <div class='ocr_carea' id='block_1_5' title="bbox 256 2544 1588 3367">
    <p class='ocr_par' dir='ltr' id='par_1_5' title="bbox 256 2544 1588 3367">
     <span class='ocr_line' id='line_1_11' title="bbox 256 2544 1585 2639; baseline -0.003 -24"><span class='ocrx_word' id='word_1_70' title='bbox 256 2633 258 2639; x_wconf 16' lang='grc'><strong><em>4</em></strong></span> <span class='ocrx_word' id='word_1_71' title='bbox 364 2547 421 2615; x_wconf 85' lang='lat' dir='ltr'><strong>Ad</strong></span> <span class='ocrx_word' id='word_1_72' title='bbox 454 2552 685 2617; x_wconf 86' lang='lat' dir='ltr'><strong>orationem</strong></span> <span class='ocrx_word' id='word_1_73' title='bbox 716 2548 992 2616; x_wconf 88' lang='lat' dir='ltr'><strong>Milonianam</strong></span> <span class='ocrx_word' id='word_1_74' title='bbox 1024 2547 1198 2637; x_wconf 87' lang='lat' dir='ltr'><strong>Peyrouus</strong></span> <span class='ocrx_word' id='word_1_75' title='bbox 1229 2549 1263 2613; x_wconf 94' lang='lat' dir='ltr'><strong>in</strong></span> <span class='ocrx_word' id='word_1_76' title='bbox 1297 2544 1367 2615; x_wconf 79' lang='lat' dir='ltr'><strong>Cic·</strong></span> <span class='ocrx_word' id='word_1_77' title='bbox 1401 2550 1498 2613; x_wconf 89' lang='lat' dir='ltr'><strong>oratt.</strong></span> <span class='ocrx_word' id='word_1_78' title='bbox 1525 2567 1585 2634; x_wconf 86' lang='lat' dir='ltr'><strong>pro</strong></span> 
     </span>
     <span class='ocr_line' id='line_1_12' title="bbox 281 2664 1586 2762; baseline -0.002 -25"><span class='ocrx_word' id='word_1_79' title='bbox 281 2664 411 2738; x_wconf 81' lang='lat' dir='ltr'><strong>Scauro</strong></span> <span class='ocrx_word' id='word_1_80' title='bbox 433 2673 497 2736; x_wconf 89' lang='lat' dir='ltr'><strong>cet.</strong></span> <span class='ocrx_word' id='word_1_81' title='bbox 521 2670 717 2760; x_wconf 79' lang='lat' dir='ltr'><strong>fragmentis</strong></span> <span class='ocrx_word' id='word_1_82' title='bbox 731 2665 979 2762; x_wconf 76' lang='lat' dir='ltr'><strong>(stuttgardiae</strong></span> <span class='ocrx_word' id='word_1_83' title='bbox 1000 2673 1034 2736; x_wconf 92' lang='lat' dir='ltr'><strong>et</strong></span> <span class='ocrx_word' id='word_1_84' title='bbox 1053 2670 1225 2761; x_wconf 78' lang='lat' dir='ltr'><strong>&#39;lubingae</strong></span> <span class='ocrx_word' id='word_1_85' title='bbox 1249 2668 1363 2737; x_wconf 81' lang='grc'><strong>1824.</strong></span> <span class='ocrx_word' id='word_1_86' title='bbox 1376 2669 1426 2743; x_wconf 85' lang='grc'><strong>4.)</strong></span> <span class='ocrx_word' id='word_1_87' title='bbox 1446 2671 1586 2755; x_wconf 87' lang='lat' dir='ltr'><strong>amplum</strong></span> 
     </span>
     <span class='ocr_line' id='line_1_13' title="bbox 283 2791 1585 2883; baseline -0.003 -24"><span class='ocrx_word' id='word_1_88' title='bbox 283 2797 479 2879; x_wconf 89' lang='lat' dir='ltr'><strong>apparatum</strong></span> <span class='ocrx_word' id='word_1_89' title='bbox 499 2792 646 2859; x_wconf 84' lang='lat' dir='ltr'><strong>criticum</strong></span> <span class='ocrx_word' id='word_1_90' title='bbox 662 2793 821 2882; x_wconf 80' lang='lat' dir='ltr'><strong>collegit,</strong></span> <span class='ocrx_word' id='word_1_91' title='bbox 842 2793 1040 2860; x_wconf 89' lang='lat' dir='ltr'><strong>lectionibus</strong></span> <span class='ocrx_word' id='word_1_92' title='bbox 1059 2791 1207 2861; x_wconf 88' lang='lat' dir='ltr'><strong>codicum</strong></span> <span class='ocrx_word' id='word_1_93' title='bbox 1221 2793 1585 2883; x_wconf 84' lang='lat' dir='ltr'><strong>Lagomarsinlanarum</strong></span> 
     </span>
     <span class='ocr_line' id='line_1_14' title="bbox 282 2909 1588 3000; baseline -0.001 -21"><span class='ocrx_word' id='word_1_94' title='bbox 282 2914 431 2983; x_wconf 90' lang='lat' dir='ltr'><strong>omnibus</strong></span> <span class='ocrx_word' id='word_1_95' title='bbox 452 2933 484 2999; x_wconf 86' lang='lat' dir='ltr'><strong>p·</strong></span> <span class='ocrx_word' id='word_1_96' title='bbox 506 2909 587 2980; x_wconf 81' lang='grc'><strong>282</strong></span> <span class='ocrx_word' id='word_1_97' title='bbox 608 2932 680 2999; x_wconf 80' lang='lat' dir='ltr'><strong>sqq.</strong></span> <span class='ocrx_word' id='word_1_98' title='bbox 702 2915 896 3000; x_wconf 87' lang='lat' dir='ltr'><strong>descriptis3</strong></span> <span class='ocrx_word' id='word_1_99' title='bbox 917 2914 980 2981; x_wconf 88' lang='lat' dir='ltr'><strong>n&#39;os</strong></span> <span class='ocrx_word' id='word_1_100' title='bbox 1002 2917 1112 2983; x_wconf 89' lang='lat' dir='ltr'><strong>tamen</strong></span> <span class='ocrx_word' id='word_1_101' title='bbox 1132 2917 1216 2983; x_wconf 89' lang='lat' dir='ltr'><strong>satis</strong></span> <span class='ocrx_word' id='word_1_102' title='bbox 1236 2915 1406 2982; x_wconf 87' lang='lat' dir='ltr'><strong>habuimus</strong></span> <span class='ocrx_word' id='word_1_103' title='bbox 1427 2914 1588 2980; x_wconf 91' lang='lat' dir='ltr'><strong>lectiones</strong></span> 
     </span>
     <span class='ocr_line' id='line_1_15' title="bbox 282 3032 1586 3128; baseline -0.004 -25"><span class='ocrx_word' id='word_1_104' title='bbox 282 3035 432 3103; x_wconf 89' lang='lat' dir='ltr'><strong>codicum</strong></span> <span class='ocrx_word' id='word_1_105' title='bbox 453 3034 739 3120; x_wconf 82' lang='lat' dir='ltr'><strong>Germanicorum,</strong></span> <span class='ocrx_word' id='word_1_106' title='bbox 762 3054 805 3102; x_wconf 86' lang='lat' dir='ltr'><strong>ex</strong></span> <span class='ocrx_word' id='word_1_107' title='bbox 826 3037 943 3122; x_wconf 86' lang='lat' dir='ltr'><strong>quibu&#39;s</strong></span> <span class='ocrx_word' id='word_1_108' title='bbox 966 3037 1304 3128; x_wconf 70' lang='lat' dir='ltr'><strong>&#39;tegernseensis</strong></span> <span class='ocrx_word' id='word_1_109' title='bbox 1324 3040 1425 3103; x_wconf 90' lang='lat' dir='ltr'><strong>antea</strong></span> <span class='ocrx_word' id='word_1_110' title='bbox 1445 3032 1586 3100; x_wconf 91' lang='lat' dir='ltr'><strong>nondum</strong></span> 
     </span>
     <span class='ocr_line' id='line_1_16' title="bbox 282 3155 1586 3249; baseline -0.003 -25"><span class='ocrx_word' id='word_1_111' title='bbox 282 3161 366 3224; x_wconf 90' lang='lat' dir='ltr'><strong>satia</strong></span> <span class='ocrx_word' id='word_1_112' title='bbox 393 3160 548 3248; x_wconf 86' lang='lat' dir='ltr'><strong>cognitus</strong></span> <span class='ocrx_word' id='word_1_113' title='bbox 576 3160 665 3249; x_wconf 88' lang='lat' dir='ltr'><strong>erut,</strong></span> <span class='ocrx_word' id='word_1_114' title='bbox 694 3161 844 3247; x_wconf 87' lang='lat' dir='ltr'><strong>integras</strong></span> <span class='ocrx_word' id='word_1_115' title='bbox 872 3159 1056 3239; x_wconf 85' lang='lat' dir='ltr'><strong>rettulisse,</strong></span> <span class='ocrx_word' id='word_1_116' title='bbox 1084 3160 1234 3246; x_wconf 86' lang='lat' dir='ltr'><strong>quoniam</strong></span> <span class='ocrx_word' id='word_1_117' title='bbox 1256 3177 1298 3224; x_wconf 90' lang='lat' dir='ltr'><strong>ne</strong></span> <span class='ocrx_word' id='word_1_118' title='bbox 1320 3158 1355 3223; x_wconf 92' lang='lat' dir='ltr'><strong>in</strong></span> <span class='ocrx_word' id='word_1_119' title='bbox 1374 3156 1437 3223; x_wconf 90' lang='lat' dir='ltr'><strong>bac</strong></span> <span class='ocrx_word' id='word_1_120' title='bbox 1459 3155 1586 3243; x_wconf 85' lang='lat' dir='ltr'><strong>quidem</strong></span> 
     </span>
     <span class='ocr_line' id='line_1_17' title="bbox 285 3278 1470 3367; baseline -0.001 -21"><span class='ocrx_word' id='word_1_121' title='bbox 285 3282 434 3346; x_wconf 90' lang='lat' dir='ltr'><strong>oratione</strong></span> <span class='ocrx_word' id='word_1_122' title='bbox 457 3280 665 3367; x_wconf 84' lang='lat' dir='ltr'><strong>interpolatis</strong></span> <span class='ocrx_word' id='word_1_123' title='bbox 686 3278 856 3347; x_wconf 84' lang='lat' dir='ltr'><strong>codicibus</strong></span> <span class='ocrx_word' id='word_1_124' title='bbox 875 3280 1003 3347; x_wconf 84' lang='lat' dir='ltr'><strong>italicis</strong></span> <span class='ocrx_word' id='word_1_125' title='bbox 1024 3282 1090 3347; x_wconf 90' lang='lat' dir='ltr'><strong>uila</strong></span> <span class='ocrx_word' id='word_1_126' title='bbox 1113 3280 1193 3347; x_wconf 84' lang='lat' dir='ltr'><strong>tides</strong></span> <span class='ocrx_word' id='word_1_127' title='bbox 1213 3279 1327 3347; x_wconf 87' lang='lat' dir='ltr'><strong>baberi</strong></span> <span class='ocrx_word' id='word_1_128' title='bbox 1348 3283 1470 3361; x_wconf 87' lang='lat' dir='ltr'><strong>potest.</strong></span> 
     </span>
    </p>
   </div>
   <div class='ocr_carea' id='block_1_6' title="bbox 282 3524 1591 5318">
    <p class='ocr_par' dir='ltr' id='par_1_6' title="bbox 282 3524 1591 5318">
     <span class='ocr_line' id='line_1_18' title="bbox 365 3524 1587 3613; baseline -0.001 -23"><span class='ocrx_word' id='word_1_129' title='bbox 365 3525 405 3590; x_wconf 94' lang='lat' dir='ltr'><strong>ln</strong></span> <span class='ocrx_word' id='word_1_130' title='bbox 434 3524 541 3591; x_wconf 87' lang='lat' dir='ltr'><strong>tribus</strong></span> <span class='ocrx_word' id='word_1_131' title='bbox 569 3524 771 3592; x_wconf 87' lang='lat' dir='ltr'><strong>orationibus</strong></span> <span class='ocrx_word' id='word_1_132' title='bbox 798 3543 882 3611; x_wconf 86' lang='lat' dir='ltr'><strong>quae</strong></span> <span class='ocrx_word' id='word_1_133' title='bbox 904 3527 1103 3610; x_wconf 87' lang='lat' dir='ltr'><strong>sequuntur,</strong></span> <span class='ocrx_word' id='word_1_134' title='bbox 1133 3542 1215 3608; x_wconf 84' lang='lat' dir='ltr'><strong>quas</strong></span> <span class='ocrx_word' id='word_1_135' title='bbox 1234 3524 1439 3613; x_wconf 83' lang='lat' dir='ltr'><strong>grammatici</strong></span> <span class='ocrx_word' id='word_1_136' title='bbox 1458 3524 1587 3589; x_wconf 90' lang='lat' dir='ltr'><strong>nomine</strong></span> 
     </span>
     <span class='ocr_line' id='line_1_19' title="bbox 282 3642 1586 3733; baseline -0.003 -19"><span class='ocrx_word' id='word_1_137' title='bbox 282 3642 633 3715; x_wconf 79' lang='lat' dir='ltr'><strong>Caesarianarum</strong></span> <span class='ocrx_word' id='word_1_138' title='bbox 667 3648 841 3733; x_wconf 87' lang='lat' dir='ltr'><strong>complecti</strong></span> <span class='ocrx_word' id='word_1_139' title='bbox 873 3648 999 3733; x_wconf 91' lang='lat' dir='ltr'><strong>solent,</strong></span> <span class='ocrx_word' id='word_1_140' title='bbox 1028 3647 1205 3733; x_wconf 81' lang='lat' dir='ltr'><strong>pleraeque</strong></span> <span class='ocrx_word' id='word_1_141' title='bbox 1232 3646 1394 3713; x_wconf 84' lang='lat' dir='ltr'><strong>lectiones</strong></span> <span class='ocrx_word' id='word_1_142' title='bbox 1421 3644 1586 3710; x_wconf 90' lang='lat' dir='ltr'><strong>meliorum</strong></span> 
     </span>
     <span class='ocr_line' id='line_1_20' title="bbox 283 3767 1587 3859; baseline -0.004 -22"><span class='ocrx_word' id='word_1_143' title='bbox 283 3769 430 3838; x_wconf 86' lang='lat' dir='ltr'><strong>codicum</strong></span> <span class='ocrx_word' id='word_1_144' title='bbox 460 3773 521 3838; x_wconf 89' lang='lat' dir='ltr'><strong>iam</strong></span> <span class='ocrx_word' id='word_1_145' title='bbox 547 3773 626 3836; x_wconf 91' lang='lat' dir='ltr'><strong>ante</strong></span> <span class='ocrx_word' id='word_1_146' title='bbox 653 3788 716 3836; x_wconf 89' lang='lat' dir='ltr'><strong>nos</strong></span> <span class='ocrx_word' id='word_1_147' title='bbox 745 3770 901 3859; x_wconf 86' lang='lat' dir='ltr'><strong>cognitae</strong></span> <span class='ocrx_word' id='word_1_148' title='bbox 929 3772 1033 3835; x_wconf 88' lang='lat' dir='ltr'><strong>erant.</strong></span> <span class='ocrx_word' id='word_1_149' title='bbox 1074 3767 1238 3834; x_wconf 85' lang='lat' dir='ltr'><strong>Auximus</strong></span> <span class='ocrx_word' id='word_1_150' title='bbox 1264 3774 1374 3834; x_wconf 89' lang='lat' dir='ltr'><strong>tamen</strong></span> <span class='ocrx_word' id='word_1_151' title='bbox 1394 3770 1587 3854; x_wconf 86' lang='lat' dir='ltr'><strong>apparatum</strong></span> 
     </span>
     <span class='ocr_line' id='line_1_21' title="bbox 283 3889 1588 3979; baseline -0.003 -20"><span class='ocrx_word' id='word_1_152' title='bbox 283 3893 448 3976; x_wconf 88' lang='lat' dir='ltr'><strong>criticum,</strong></span> <span class='ocrx_word' id='word_1_153' title='bbox 471 3891 595 3978; x_wconf 83' lang='lat' dir='ltr'><strong>aliquot</strong></span> <span class='ocrx_word' id='word_1_154' title='bbox 617 3891 802 3975; x_wconf 89' lang='lat' dir='ltr'><strong>codicibus,</strong></span> <span class='ocrx_word' id='word_1_155' title='bbox 828 3911 963 3979; x_wconf 85' lang='lat' dir='ltr'><strong>quorum</strong></span> <span class='ocrx_word' id='word_1_156' title='bbox 984 3892 1145 3958; x_wconf 89' lang='lat' dir='ltr'><strong>lectiones</strong></span> <span class='ocrx_word' id='word_1_157' title='bbox 1166 3889 1285 3957; x_wconf 86' lang='grc'><strong>1111111</strong></span> <span class='ocrx_word' id='word_1_158' title='bbox 1307 3909 1428 3976; x_wconf 87' lang='lat' dir='ltr'><strong>operae</strong></span> <span class='ocrx_word' id='word_1_159' title='bbox 1449 3891 1588 3976; x_wconf 90' lang='lat' dir='ltr'><strong>pretium</strong></span> 
     </span>
     <span class='ocr_line' id='line_1_22' title="bbox 283 4011 1589 4099; baseline -0.002 -19"><span class='ocrx_word' id='word_1_160' title='bbox 283 4014 388 4080; x_wconf 89' lang='lat' dir='ltr'><strong>visum</strong></span> <span class='ocrx_word' id='word_1_161' title='bbox 417 4018 469 4079; x_wconf 89' lang='lat' dir='ltr'><strong>est</strong></span> <span class='ocrx_word' id='word_1_162' title='bbox 497 4043 538 4056; x_wconf 90' lang='lat'>-</span> <span class='ocrx_word' id='word_1_163' title='bbox 559 4031 634 4078; x_wconf 90' lang='lat' dir='ltr'><strong>nam</strong></span> <span class='ocrx_word' id='word_1_164' title='bbox 658 4032 701 4080; x_wconf 85' lang='lat' dir='ltr'><strong>ex</strong></span> <span class='ocrx_word' id='word_1_165' title='bbox 731 4014 878 4099; x_wconf 90' lang='lat' dir='ltr'><strong>pluribus</strong></span> <span class='ocrx_word' id='word_1_166' title='bbox 899 4014 1060 4079; x_wconf 87' lang='lat' dir='ltr'><strong>lectiones</strong></span> <span class='ocrx_word' id='word_1_167' title='bbox 1080 4015 1267 4098; x_wconf 86' lang='lat' dir='ltr'><strong>exscriptas</strong></span> <span class='ocrx_word' id='word_1_168' title='bbox 1287 4012 1443 4081; x_wconf 89' lang='lat' dir='ltr'><strong>babemus</strong></span> <span class='ocrx_word' id='word_1_169' title='bbox 1465 4011 1589 4078; x_wconf 91' lang='lat' dir='ltr'><strong>-ad-</strong></span> 
     </span>
     <span class='ocr_line' id='line_1_23' title="bbox 284 4135 1590 4224; baseline -0.001 -24"><span class='ocrx_word' id='word_1_170' title='bbox 284 4135 412 4221; x_wconf 91' lang='lat' dir='ltr'><strong>bibitts,</strong></span> <span class='ocrx_word' id='word_1_171' title='bbox 440 4139 475 4202; x_wconf 96' lang='lat' dir='ltr'><strong>in</strong></span> <span class='ocrx_word' id='word_1_172' title='bbox 505 4137 622 4224; x_wconf 82' lang='lat' dir='ltr'><strong>qulbus</strong></span> <span class='ocrx_word' id='word_1_173' title='bbox 643 4139 696 4202; x_wconf 90' lang='lat' dir='ltr'><strong>est</strong></span> <span class='ocrx_word' id='word_1_174' title='bbox 721 4137 863 4221; x_wconf 87' lang='lat' dir='ltr'><strong>optimus</strong></span> <span class='ocrx_word' id='word_1_175' title='bbox 891 4135 1226 4222; x_wconf 85' lang='lat' dir='ltr'><strong>Gcmblacensis,</strong></span> <span class='ocrx_word' id='word_1_176' title='bbox 1253 4153 1341 4201; x_wconf 90' lang='lat' dir='ltr'><strong>nunc</strong></span> <span class='ocrx_word' id='word_1_177' title='bbox 1362 4135 1590 4200; x_wconf 89' lang='lat' dir='ltr'><strong>Bruxeliensis</strong></span> 
     </span>
     <span class='ocr_line' id='line_1_24' title="bbox 283 4254 1590 4343; baseline -0.003 -19"><span class='ocrx_word' id='word_1_178' title='bbox 283 4277 369 4324; x_wconf 81' lang='lat' dir='ltr'><strong>num.</strong></span> <span class='ocrx_word' id='word_1_179' title='bbox 393 4255 509 4325; x_wconf 72' lang='lat'><strong>5345.</strong></span> <span class='ocrx_word' id='word_1_180' title='bbox 550 4254 620 4327; x_wconf 84' lang='lat' dir='ltr'><strong>Sed</strong></span> <span class='ocrx_word' id='word_1_181' title='bbox 642 4261 694 4324; x_wconf 90' lang='lat' dir='ltr'><strong>est</strong></span> <span class='ocrx_word' id='word_1_182' title='bbox 715 4259 849 4343; x_wconf 90' lang='lat' dir='ltr'><strong>saepius</strong></span> <span class='ocrx_word' id='word_1_183' title='bbox 870 4260 903 4322; x_wconf 97' lang='lat' dir='ltr'><strong>ln</strong></span> <span class='ocrx_word' id='word_1_184' title='bbox 924 4256 977 4322; x_wconf 88' lang='lat' dir='ltr'><strong>iris</strong></span> <span class='ocrx_word' id='word_1_185' title='bbox 1003 4258 1206 4325; x_wconf 87' lang='lat' dir='ltr'><strong>orationibus</strong></span> <span class='ocrx_word' id='word_1_186' title='bbox 1227 4256 1370 4324; x_wconf 83' lang='lat' dir='ltr'><strong>difficilis</strong></span> <span class='ocrx_word' id='word_1_187' title='bbox 1391 4258 1482 4341; x_wconf 87' lang='lat' dir='ltr'><strong>optio</strong></span> <span class='ocrx_word' id='word_1_188' title='bbox 1503 4258 1590 4321; x_wconf 88' lang='lat' dir='ltr'><strong>inter</strong></span> 
     </span>
     <span class='ocr_line' id='line_1_25' title="bbox 284 4379 1589 4467; baseline -0.001 -21"><span class='ocrx_word' id='word_1_189' title='bbox 284 4381 467 4467; x_wconf 87' lang='lat' dir='ltr'><strong>scripturas</strong></span> <span class='ocrx_word' id='word_1_190' title='bbox 489 4379 624 4445; x_wconf 87' lang='lat' dir='ltr'><strong>duarum</strong></span> <span class='ocrx_word' id='word_1_191' title='bbox 646 4379 854 4467; x_wconf 84' lang='lat' dir='ltr'><strong>familiarum,</strong></span> <span class='ocrx_word' id='word_1_192' title='bbox 883 4379 1032 4446; x_wconf 85' lang='lat' dir='ltr'><strong>velutin</strong></span> <span class='ocrx_word' id='word_1_193' title='bbox 1054 4381 1284 4464; x_wconf 87' lang='lat' dir='ltr'><strong>Deiotariana,</strong></span> <span class='ocrx_word' id='word_1_194' title='bbox 1312 4381 1345 4444; x_wconf 86' lang='lat' dir='ltr'><strong>in</strong></span> <span class='ocrx_word' id='word_1_195' title='bbox 1368 4397 1432 4466; x_wconf 84' lang='lat' dir='ltr'><strong>qua</strong></span> <span class='ocrx_word' id='word_1_196' title='bbox 1453 4380 1589 4445; x_wconf 86' lang='lat' dir='ltr'><strong>alterius</strong></span> 
     </span>
     <span class='ocr_line' id='line_1_26' title="bbox 284 4497 1589 4591; baseline -0.003 -23"><span class='ocrx_word' id='word_1_197' title='bbox 284 4501 428 4568; x_wconf 81' lang='lat' dir='ltr'><strong>tamillae</strong></span> <span class='ocrx_word' id='word_1_198' title='bbox 442 4503 505 4567; x_wconf 90' lang='lat' dir='ltr'><strong>ianr</strong></span> <span class='ocrx_word' id='word_1_199' title='bbox 519 4503 602 4568; x_wconf 90' lang='lat' dir='ltr'><strong>satis</strong></span> <span class='ocrx_word' id='word_1_200' title='bbox 616 4503 838 4586; x_wconf 89' lang='lat' dir='ltr'><strong>interpolatae</strong></span> <span class='ocrx_word' id='word_1_201' title='bbox 856 4519 977 4591; x_wconf 88' lang='lat' dir='ltr'><strong>agmen</strong></span> <span class='ocrx_word' id='word_1_202' title='bbox 991 4500 1080 4568; x_wconf 89' lang='lat' dir='ltr'><strong>ducit</strong></span> <span class='ocrx_word' id='word_1_203' title='bbox 1095 4500 1202 4568; x_wconf 85' lang='lat' dir='ltr'><strong>codex</strong></span> <span class='ocrx_word' id='word_1_204' title='bbox 1215 4499 1387 4569; x_wconf 84' lang='lat' dir='ltr'><strong>Gudianus</strong></span> <span class='ocrx_word' id='word_1_205' title='bbox 1400 4518 1486 4564; x_wconf 88' lang='lat' dir='ltr'><strong>num.</strong></span> <span class='ocrx_word' id='word_1_206' title='bbox 1499 4497 1589 4587; x_wconf 78' lang='grc'>335,</span> 
     </span>
     <span class='ocr_line' id='line_1_27' title="bbox 285 4598 1590 4710; baseline -0.002 -22"><span class='ocrx_word' id='word_1_207' title='bbox 285 4641 349 4710; x_wconf 86' lang='lat' dir='ltr'><strong>quo</strong></span> <span class='ocrx_word' id='word_1_208' title='bbox 371 4621 516 4705; x_wconf 90' lang='lat' dir='ltr'><strong>nondum</strong></span> <span class='ocrx_word' id='word_1_209' title='bbox 536 4625 701 4689; x_wconf 84' lang='lat' dir='ltr'><strong>vetustior</strong></span> <span class='ocrx_word' id='word_1_210' title='bbox 721 4623 817 4689; x_wconf 89' lang='lat' dir='ltr'><strong>buius</strong></span> <span class='ocrx_word' id='word_1_211' title='bbox 844 4625 1004 4689; x_wconf 88' lang='lat' dir='ltr'><strong>orationis</strong></span> <span class='ocrx_word' id='word_1_212' title='bbox 1024 4624 1180 4690; x_wconf 88' lang='lat' dir='ltr'><strong>inventus</strong></span> <span class='ocrx_word' id='word_1_213' title='bbox 1201 4628 1262 4690; x_wconf 87' lang='lat' dir='ltr'><strong>ast.</strong></span> <span class='ocrx_word' id='word_1_214' title='bbox 1303 4623 1385 4691; x_wconf 88' lang='lat' dir='ltr'><strong>Nam</strong></span> <span class='ocrx_word' id='word_1_215' title='bbox 1406 4625 1435 4690; x_wconf 94' lang='lat' dir='ltr'><strong>si</strong></span> <span class='ocrx_word' id='word_1_216' title='bbox 1456 4598 1590 4689; x_wconf 79' lang='lat' dir='ltr'><strong>veteres</strong></span> 
     </span>
     <span class='ocr_line' id='line_1_28' title="bbox 285 4744 1590 4836; baseline -0.001 -25"><span class='ocrx_word' id='word_1_217' title='bbox 285 4748 518 4836; x_wconf 82' lang='lat' dir='ltr'><strong>grammaticos</strong></span> <span class='ocrx_word' id='word_1_218' title='bbox 547 4748 580 4811; x_wconf 92' lang='lat' dir='ltr'><strong>et</strong></span> <span class='ocrx_word' id='word_1_219' title='bbox 610 4744 776 4829; x_wconf 87' lang='lat' dir='ltr'><strong>rhetores,</strong></span> <span class='ocrx_word' id='word_1_220' title='bbox 805 4747 860 4834; x_wconf 83' lang='lat' dir='ltr'><strong>qul</strong></span> <span class='ocrx_word' id='word_1_221' title='bbox 881 4744 970 4811; x_wconf 89' lang='lat' dir='ltr'><strong>baud</strong></span> <span class='ocrx_word' id='word_1_222' title='bbox 992 4763 1116 4832; x_wconf 85' lang='lat' dir='ltr'><strong>paucos</strong></span> <span class='ocrx_word' id='word_1_223' title='bbox 1136 4765 1180 4812; x_wconf 86' lang='lat' dir='ltr'><strong>ex</strong></span> <span class='ocrx_word' id='word_1_224' title='bbox 1201 4746 1253 4812; x_wconf 85' lang='lat' dir='ltr'><strong>lris</strong></span> <span class='ocrx_word' id='word_1_225' title='bbox 1274 4747 1476 4813; x_wconf 91' lang='lat' dir='ltr'><strong>orationibus</strong></span> <span class='ocrx_word' id='word_1_226' title='bbox 1496 4745 1590 4812; x_wconf 86' lang='lat' dir='ltr'><strong>locos</strong></span> 
     </span>
     <span class='ocr_line' id='line_1_29' title="bbox 286 4866 1590 4951; baseline -0.002 -17"><span class='ocrx_word' id='word_1_227' title='bbox 286 4866 444 4951; x_wconf 82' lang='lat' dir='ltr'><strong>aderunt,</strong></span> <span class='ocrx_word' id='word_1_228' title='bbox 465 4866 630 4951; x_wconf 90' lang='lat' dir='ltr'><strong>audimus,</strong></span> <span class='ocrx_word' id='word_1_229' title='bbox 652 4868 684 4930; x_wconf 93' lang='lat' dir='ltr'><strong>ln</strong></span> <span class='ocrx_word' id='word_1_230' title='bbox 707 4867 781 4932; x_wconf 87' lang='lat' dir='ltr'><strong>aliis</strong></span> <span class='ocrx_word' id='word_1_231' title='bbox 801 4866 884 4933; x_wconf 88' lang='lat' dir='ltr'><strong>locis</strong></span> <span class='ocrx_word' id='word_1_232' title='bbox 899 4867 1037 4933; x_wconf 89' lang='lat' dir='ltr'><strong>alterius</strong></span> <span class='ocrx_word' id='word_1_233' title='bbox 1051 4869 1155 4933; x_wconf 87' lang='lat' dir='ltr'><strong>utrius</strong></span> <span class='ocrx_word' id='word_1_234' title='bbox 1167 4867 1311 4934; x_wconf 81' lang='lat' dir='ltr'><strong>familiae</strong></span> <span class='ocrx_word' id='word_1_235' title='bbox 1332 4870 1492 4935; x_wconf 89' lang='lat' dir='ltr'><strong>lectiones</strong></span> <span class='ocrx_word' id='word_1_236' title='bbox 1506 4885 1590 4934; x_wconf 90' lang='lat' dir='ltr'><strong>con-</strong></span> 
     </span>
     <span class='ocr_line' id='line_1_30' title="bbox 288 4987 1591 5075; baseline 0 -20"><span class='ocrx_word' id='word_1_237' title='bbox 288 4989 433 5055; x_wconf 77' lang='lat' dir='ltr'><strong>firmatas</strong></span> <span class='ocrx_word' id='word_1_238' title='bbox 453 4987 611 5056; x_wconf 87' lang='lat' dir='ltr'><strong>videmus.</strong></span> <span class='ocrx_word' id='word_1_239' title='bbox 652 4990 724 5055; x_wconf 88' lang='lat' dir='ltr'><strong>Nos</strong></span> <span class='ocrx_word' id='word_1_240' title='bbox 745 4988 872 5075; x_wconf 84' lang='lat' dir='ltr'><strong>quidem</strong></span> <span class='ocrx_word' id='word_1_241' title='bbox 894 4988 1066 5072; x_wconf 82' lang='lat' dir='ltr'><strong>familiam,</strong></span> <span class='ocrx_word' id='word_1_242' title='bbox 1087 4990 1180 5055; x_wconf 91' lang='lat' dir='ltr'><strong>cuius</strong></span> <span class='ocrx_word' id='word_1_243' title='bbox 1202 4991 1369 5075; x_wconf 86' lang='lat' dir='ltr'><strong>principes</strong></span> <span class='ocrx_word' id='word_1_244' title='bbox 1389 4993 1467 5056; x_wconf 92' lang='lat' dir='ltr'><strong>sunt</strong></span> <span class='ocrx_word' id='word_1_245' title='bbox 1488 4989 1591 5059; x_wconf 83' lang='lat' dir='ltr'><strong>Gem-</strong></span> 
     </span>
     <span class='ocr_line' id='line_1_31' title="bbox 287 5109 1591 5194; baseline 0 -18"><span class='ocrx_word' id='word_1_246' title='bbox 287 5110 452 5177; x_wconf 90' lang='lat' dir='ltr'><strong>blacenais</strong></span> <span class='ocrx_word' id='word_1_247' title='bbox 473 5116 508 5176; x_wconf 90' lang='lat' dir='ltr'><strong>et</strong></span> <span class='ocrx_word' id='word_1_248' title='bbox 528 5110 756 5194; x_wconf 75' lang='lat' dir='ltr'><strong>Erfurtensis,</strong></span> <span class='ocrx_word' id='word_1_249' title='bbox 778 5112 826 5176; x_wconf 84' lang='lat' dir='ltr'><strong>lta</strong></span> <span class='ocrx_word' id='word_1_250' title='bbox 846 5111 954 5177; x_wconf 87' lang='lat' dir='ltr'><strong>secuti</strong></span> <span class='ocrx_word' id='word_1_251' title='bbox 974 5109 1591 5194; x_wconf 72' lang='grc'><strong>111111111111111111111111111,</strong></span> 
     </span>
     <span class='ocr_line' id='line_1_32' title="bbox 287 5228 1312 5318; baseline -0.003 -19"><span class='ocrx_word' id='word_1_252' title='bbox 287 5233 317 5299; x_wconf 88' lang='lat' dir='ltr'><strong>si</strong></span> <span class='ocrx_word' id='word_1_253' title='bbox 337 5234 422 5299; x_wconf 88' lang='lat' dir='ltr'><strong>ratio</strong></span> <span class='ocrx_word' id='word_1_254' title='bbox 444 5233 527 5299; x_wconf 88' lang='lat' dir='ltr'><strong>alias</strong></span> <span class='ocrx_word' id='word_1_255' title='bbox 547 5228 708 5300; x_wconf 87' lang='lat' dir='ltr'><strong>lectiones</strong></span> <span class='ocrx_word' id='word_1_256' title='bbox 730 5230 968 5317; x_wconf 81' lang='lat' dir='ltr'><strong>praeferendas</strong></span> <span class='ocrx_word' id='word_1_257' title='bbox 989 5250 1064 5298; x_wconf 87' lang='lat' dir='ltr'><strong>esse</strong></span> <span class='ocrx_word' id='word_1_258' title='bbox 1087 5231 1312 5318; x_wconf 86' lang='lat' dir='ltr'><strong>persuaderet.</strong></span> 
     </span>
    </p>
   </div>
   <div class='ocr_carea' id='block_1_7' title="bbox 288 5470 1591 5805">
    <p class='ocr_par' dir='ltr' id='par_1_7' title="bbox 288 5470 1591 5805">
     <span class='ocr_line' id='line_1_33' title="bbox 370 5470 1590 5560; baseline -0.002 -21"><span class='ocrx_word' id='word_1_259' title='bbox 370 5473 493 5539; x_wconf 80' lang='lat' dir='ltr'><strong>Restat</strong></span> <span class='ocrx_word' id='word_1_260' title='bbox 524 5477 561 5538; x_wconf 92' lang='lat' dir='ltr'><strong>ut</strong></span> <span class='ocrx_word' id='word_1_261' title='bbox 590 5473 666 5560; x_wconf 86' lang='lat' dir='ltr'><strong>quid</strong></span> <span class='ocrx_word' id='word_1_262' title='bbox 694 5475 728 5540; x_wconf 92' lang='lat' dir='ltr'><strong>ln</strong></span> <span class='ocrx_word' id='word_1_263' title='bbox 758 5476 962 5541; x_wconf 85' lang='lat' dir='ltr'><strong>orationibus</strong></span> <span class='ocrx_word' id='word_1_264' title='bbox 996 5472 1264 5560; x_wconf 83' lang='lat' dir='ltr'><strong>Philippicis</strong></span> <span class='ocrx_word' id='word_1_265' title='bbox 1298 5470 1526 5545; x_wconf 90' lang='lat' dir='ltr'><strong>emendandis,</strong></span> <span class='ocrx_word' id='word_1_266' title='bbox 1558 5474 1590 5538; x_wconf 91' lang='lat' dir='ltr'><strong>in</strong></span> 
     </span>
     <span class='ocr_line' id='line_1_34' title="bbox 288 5594 1591 5685; baseline -0.002 -24"><span class='ocrx_word' id='word_1_267' title='bbox 288 5596 405 5680; x_wconf 82' lang='lat' dir='ltr'><strong>quibus</strong></span> <span class='ocrx_word' id='word_1_268' title='bbox 431 5597 578 5685; x_wconf 82' lang='lat' dir='ltr'><strong>egreglis</strong></span> <span class='ocrx_word' id='word_1_269' title='bbox 605 5594 758 5663; x_wconf 89' lang='lat' dir='ltr'><strong>subsidiis</strong></span> <span class='ocrx_word' id='word_1_270' title='bbox 780 5596 882 5663; x_wconf 89' lang='lat' dir='ltr'><strong>adluil</strong></span> <span class='ocrx_word' id='word_1_271' title='bbox 904 5614 1051 5682; x_wconf 88' lang='lat' dir='ltr'><strong>eramus,</strong></span> <span class='ocrx_word' id='word_1_272' title='bbox 1080 5594 1299 5676; x_wconf 82' lang='lat' dir='ltr'><strong>effecerimus,</strong></span> <span class='ocrx_word' id='word_1_273' title='bbox 1328 5596 1441 5679; x_wconf 88' lang='lat' dir='ltr'><strong>paucis</strong></span> <span class='ocrx_word' id='word_1_274' title='bbox 1462 5594 1591 5683; x_wconf 87' lang='lat' dir='ltr'><strong>signiti-</strong></span> 
     </span>
     <span class='ocr_line' id='line_1_35' title="bbox 288 5714 1588 5805; baseline -0.003 -22"><span class='ocrx_word' id='word_1_275' title='bbox 288 5730 409 5786; x_wconf 89' lang='lat' dir='ltr'><strong>cemus.</strong></span> <span class='ocrx_word' id='word_1_276' title='bbox 442 5716 584 5783; x_wconf 90' lang='lat' dir='ltr'><strong>Primum</strong></span> <span class='ocrx_word' id='word_1_277' title='bbox 606 5718 690 5783; x_wconf 89' lang='lat' dir='ltr'><strong>enlm</strong></span> <span class='ocrx_word' id='word_1_278' title='bbox 712 5718 807 5784; x_wconf 89' lang='lat' dir='ltr'><strong>nobis</strong></span> <span class='ocrx_word' id='word_1_279' title='bbox 828 5737 917 5785; x_wconf 89' lang='lat' dir='ltr'><strong>nova</strong></span> <span class='ocrx_word' id='word_1_280' title='bbox 937 5718 1071 5785; x_wconf 91' lang='lat' dir='ltr'><strong>collatio</strong></span> <span class='ocrx_word' id='word_1_281' title='bbox 1093 5716 1218 5786; x_wconf 89' lang='lat' dir='ltr'><strong>codicis</strong></span> <span class='ocrx_word' id='word_1_282' title='bbox 1240 5717 1383 5805; x_wconf 88' lang='lat' dir='ltr'><strong>primarii</strong></span> <span class='ocrx_word' id='word_1_283' title='bbox 1401 5714 1588 5783; x_wconf 87' lang='lat' dir='ltr'><strong>Vaticani</strong></span> 
     </span>
    </p>
   </div>
   <div class='ocr_carea' id='block_1_8' title="bbox 0 0 1918 7348">
    <p class='ocr_par' dir='ltr' id='par_1_8' title="bbox 0 0 1918 7348">
     <span class='ocr_line' id='line_1_36' title="bbox 0 0 1918 7348; baseline 0 0"><span class='ocrx_word' id='word_1_284' title='bbox 0 0 1918 7348; x_wconf 95' lang='lat' dir='ltr'><strong> </strong></span> 
     </span>
    </p>
   </div>
  </div>
 </body>
</html>
