3800 7350
290 1188 373 1257 icoo
554 1192 704 1259 omno
725 1193 804 1259 unc
827 1191 866 1269 o.
887 1192 1053 1260 ucuuo
1077 1193 1150 1260 cn.
1164 1195 1236 1260 xu.
1256 1192 1344 1279 see.

288 1366 368 1427 sime
389 1382 550 1447 quaerere.
582 1361 667 1425 Nibil
688 1369 735 1427 est
755 1370 819 1427 tam
848 1363 998 1448 populare
1021 1382 1115 1447 quam
1141 1363 1283 1438 bouitas;
1311 1364 1400 1429 nulla
1424 1364 1465 1428 de
1485 1363 1616 1430 virtuti·

288 1458 347 1519 bus
370 1458 431 1520 tuis
452 1456 596 1540 plurimis
618 1475 676 1519 nec
697 1454 912 1520 admirabilior
933 1476 993 1519 nec
1015 1456 1130 1539 gratior
1150 1456 1364 1520 misericordia
1385 1466 1443 1521 est.
1477 1455 1531 1521 38.
1546 1457 1617 1520 llo·

288 1552 389 1613 mines
410 1550 493 1612 enim
515 1550 555 1613 ad
577 1549 652 1615 deos
674 1549 761 1613 nulla
781 1570 815 1613 re
836 1550 967 1634 propius
987 1549 1142 1613 accedunt
1163 1569 1257 1634 quam
1280 1550 1413 1615 salutem
1426 1550 1616 1614 bominibus

288 1641 403 1706 dando.
439 1641 523 1707 Nibil
544 1642 641 1707 babet
660 1663 720 1707 nec
741 1642 868 1708 fortuna
888 1651 943 1708 tua
964 1646 1081 1717 maius,
1104 1663 1198 1726 quam
1220 1650 1256 1706 ut
1276 1644 1395 1727 possis,
1417 1665 1477 1708 nec
1497 1652 1616 1708 natura

264 1736 415 1810 emelius,
449 1756 542 1820 quam
575 1744 612 1799 ut
638 1737 717 1801 velis
745 1757 870 1801 servare
899 1757 994 1820 quam
1025 1737 1190 1819 plurimos.
1225 1739 1414 1820 Longiorcm
1436 1740 1616 1803 orationem

288 1849 382 1895 causa
395 1830 418 1912 †
432 1830 563 1894 forsitan
585 1831 734 1913 postidat,
755 1838 810 1894 tua
824 1838 906 1894 certe
925 1838 1035 1895 natura
1049 1831 1238 1895 breviorem.
1272 1831 1387 1908 Quare,
1410 1853 1481 1895 cum
1497 1831 1614 1895 utilius

286 1942 356 1989 cece
384 1924 517 1987 arbitrer
551 1927 584 1988 te
611 1925 714 2008 ipsum
749 1945 844 2008 quam
871 1944 923 1988 me
951 1933 1006 1990 aut
1034 1943 1223 2009 quemquam
1251 1924 1339 2007 loqui
1369 1933 1490 2000 tecum,
1512 1924 1614 1988 finem

285 2022 347 2084 iam
368 2018 497 2083 faciam:
519 2025 639 2081 tantum
660 2026 692 2082 te
713 2018 906 2093 admonebo,
928 2020 955 2082 si
977 2019 1023 2082 illi
1046 2018 1169 2082 absenti
1190 2018 1324 2083 salutem
1348 2018 1491 2093 dederis,
1520 2035 1615 2101 prae·

286 2114 428 2178 sentibus
448 2112 500 2175 bis
521 2112 667 2175 omnibus
689 2110 844 2176 daturum.

352 2386 376 2436 i.
394 2382 613 2434 Niis'i--booitos
628 2383 705 2435 alleri
720 2382 892 2444 Quintilianus
909 2384 978 2445 vni,
996 2385 1025 2445 5,
1044 2384 1067 2433 3.
1089 2410 1115 2421 -
1143 2387 1179 2433 ert
1201 2382 1288 2434 GE¹C
1312 2385 1340 2433 et
1359 2381 1549 2443 Quintilianus:
1578 2386 1616 2431 eet

286 2460 351 2511 enim
367 2456 425 2510 3²0
443 2485 470 2495 -
488 2459 558 2509 nulio
568 2485 604 2497 -·
615 2459 785 2509 misericordia
801 2465 837 2509 est
852 2458 928 2509 alleri
939 2459 1100 2522 Augustinus
1118 2458 1148 2507 de
1164 2457 1231 2507 civit.
1249 2458 1288 2507 dei
1304 2458 1352 2518 lx,
1366 2460 1390 2507 e.
1405 2484 1434 2495 -
1452 2459 1477 2507 2.
1493 2457 1615 2519 niominis

286 2548 340 2585 om.
357 2535 525 2599 Augustinus.
545 2561 573 2571 -
589 2538 624 2583 est
640 2546 693 2584 om.
713 2534 732 2584 C
751 2560 779 2569 -
798 2533 822 2583 3.
840 2546 869 2583 rc
885 2535 972 2584 om.G
989 2560 1022 2570 -
1038 2531 1062 2583 i.
1081 2532 1330 2594 nuu--prursmos
1346 2531 1423 2582 affert
1437 2529 1614 2593 Quintilianus

286 2610 355 2672 vill,
373 2609 400 2668 5,
419 2607 443 2657 i.
458 2633 485 2644 -
503 2607 586 2669 tobei,
605 2608 710 2669 Caesar,
727 2621 771 2658 uec
788 2607 968 2668 Quintilianus.
983 2634 1010 2643 -
1029 2612 1123 2657 acturo
1140 2608 1190 2658 GC
1209 2609 1235 2657 et
1247 2606 1441 2668 Quintilianus:
1459 2613 1557 2658 omaro
1568 2612 1614 2656 tua

286 2684 350 2744 1303
369 2682 402 2733 ci.
420 2682 579 2745 Madvigium
596 2683 683 2745 opero.
702 2683 774 2733 acad.
793 2684 817 2744 1,
835 2696 861 2748 p.
881 2682 928 2733 tto
946 2696 972 2732 n.
993 2709 1020 2719 -
1043 2684 1067 2733 5.
1085 2695 1188 2732 souare
1204 2683 1417 2745 quamplurimos
1432 2682 1510 2733 alleri
1527 2681 1615 2742 Quiu-
1703 2730 1707 2738 ,

286 2757 389 2809 tilianus
406 2757 451 2817 lx,
469 2755 498 2817 i,
517 2757 572 2807 ⁴07.
586 2782 614 2793 -
633 2758 657 2807 6.
676 2755 793 2807 Halmius
810 2758 961 2822 suspicatur
977 2759 1023 2806 eut
1038 2757 1144 2820 forsitan
1158 2758 1291 2819 pmtuicrit
1308 2759 1354 2808 aut
1371 2756 1476 2819 fortuite
1489 2756 1614 2820 postulat,

287 2836 316 2882 ut
332 2834 373 2884 cst
388 2832 415 2881 iu
432 2834 551 2882 extrema
568 2829 677 2896 epistola
695 2830 729 2880 ad
746 2831 859 2881 Atticum
875 2831 1007 2893 11,23,3:
1025 2834 1171 2896 magnitudo
1186 2834 1224 2883 rei
1241 2833 1342 2896 tongum
1352 2833 1492 2881 medonem
1506 2831 1615 2895 (utum

287 2906 420 2967 desiderat,
442 2906 581 2956 coniunctio
602 2920 661 2957 cero
681 2911 824 2957 nostrorum
846 2908 989 2957 animorum
1010 2906 1129 2958 brevitate
1144 2913 1258 2958 contentu
1274 2913 1317 2957 est.
1338 2934 1365 2944 -
1389 2906 1412 2956 i.
1431 2918 1483 2957 erse
1499 2905 1613 2969 margini

287 2980 448 3045 adscriptum
472 2979 553 3031 babet
574 2981 640 3031 Ε-
666 2995 743 3043 quom
763 2995 803 3032 me
825 2982 886 3032 GE:
910 2995 986 3044 ouum
1004 2988 1033 3031 ut
1048 2994 1087 3031 me
1104 2982 1138 3040 ῦς
1163 2994 1240 3043 quom
1256 2987 1301 3031 oat
1316 2981 1391 3031 meo
1411 3008 1437 3017 -
1461 2981 1486 3031 8.
1505 2985 1529 3031 te
1545 2979 1612 3030 GE:

287 3062 311 3105 te
324 3056 405 3118 iprum
421 3054 501 3105 codd.
519 3054 610 3115 multi;
632 3061 656 3107 tc
677 3055 773 3121 [ipsun]
791 3055 811 3106 0
832 3081 857 3093 -
881 3057 976 3106 dedens
992 3057 1101 3119 margini
1124 3055 1287 3121 adscriptum
1305 3054 1423 3106 habetli
1442 3081 1469 3091 -
1488 3054 1513 3105 9.
1532 3054 1612 3104 Μω-

287 3143 345 3181 mun
361 3128 434 3181 ⁶13¹:
453 3136 476 3180 te
492 3131 610 3181 warren
626 3130 696 3183 Εὀ.
716 3156 743 3168 -
762 3131 883 3182 Errcrcrr
898 3143 945 3181 rao
962 3132 992 3193 Q.
1012 3132 1116 3181 chsmo
1132 3133 1168 3192 (³5
1186 3130 1379 3195 subscriptione
1397 3132 1471 3182 caret
1486 3130 1516 3181 Ε.
