3800 7350
672 1166 747 1231 cn».
768 1166 950 1270 vus-rx.
977 1162 1024 1248 §p
1047 1159 1194 1230 44-44.
1529 1154 1585 1220 ool

274 1340 374 1414 risne,
397 1338 534 1422 denique
556 1336 701 1418 cogitaris
722 1368 764 1382 -
785 1340 834 1399 est
855 1335 937 1398 enim
959 1354 1010 1397 res
1034 1334 1103 1397 eius
1126 1333 1228 1408 modi,
1253 1340 1304 1408 ut,
1326 1332 1352 1395 si
1374 1331 1429 1395 tibi
1451 1330 1483 1392 in
1506 1349 1593 1392 men·

199 1445 203 1452 '
274 1440 337 1496 tem
359 1431 452 1495 modo
474 1432 573 1505 venit,
595 1451 688 1493 nemo
710 1431 751 1493 sit
773 1431 827 1513 qui
850 1437 880 1492 te
902 1428 969 1491 ullo
992 1428 1131 1492 cruciatu
1154 1447 1224 1491 esse
1246 1427 1409 1511 indignum
1431 1431 1521 1508 putet
1541 1456 1593 1499 -,

273 1526 460 1610 cogitarisne
482 1525 516 1586 in
537 1524 592 1587 illo
615 1532 670 1586 tuo
693 1522 883 1586 intolerabili
907 1542 970 1585 non
992 1541 1090 1606 regno
1112 1554 1154 1570 -·
1175 1541 1248 1585 nam
1266 1523 1355 1603 cupis
1369 1520 1401 1584 id
1416 1519 1526 1584 audire
1540 1552 1593 1593 -,

272 1619 328 1682 sed
351 1618 532 1693 latrocinio,
564 1638 664 1701 augur
685 1617 753 1680 lieri
774 1618 807 1679 in
831 1616 869 1692 Q.
891 1616 1011 1679 Metelli
1042 1616 1162 1690 locum,
1192 1623 1245 1690 ut,
1273 1615 1464 1699 quicumque
1486 1622 1516 1677 te
1538 1612 1594 1677 ad-

273 1712 443 1797 spexisset,
466 1711 623 1795 duplicem
647 1710 788 1774 dolorem
810 1709 1026 1792 gemitumque
1048 1710 1223 1793 susciperet
1244 1716 1276 1771 et
1297 1727 1337 1771 ex
1351 1708 1508 1771 desiderio
1531 1706 1618 1772 cla-⁵

271 1806 387 1869 tissimi
417 1806 494 1868 civis
524 1812 556 1869 et
584 1824 625 1867 ex
650 1804 772 1867 bonore
802 1802 975 1886 turpissimi
997 1808 1092 1888 atque
1114 1802 1359 1888 improbissimi?
1389 1801 1509 1865 adeone
1530 1823 1594 1866 non

272 1897 490 1962 labefactatam
512 1920 578 1961 rem
601 1898 759 1981 publicam
782 1906 813 1960 te
830 1896 957 1959 tribuno
973 1917 1076 1980 neque
1092 1903 1333 1981 conquassatam
1349 1895 1517 1971 civitatem,
1537 1896 1595 1960 sed

274 2000 397 2075 captam
418 1992 499 2055 banc
522 1992 632 2056 urbem
653 1999 749 2074 atque
772 2010 951 2073 perversam
969 1991 1105 2075 putaris,
1128 2000 1164 2055 ut
1178 2009 1329 2074 augurem
1343 1989 1500 2052 Vatinium
1513 1989 1596 2054 ferra

273 2088 462 2168 possemus?
497 2082 548 2147 40.
570 2084 640 2148 Hoc
662 2084 733 2147 loco
756 2103 892 2167 quaero,
914 2085 957 2158 si,
979 2084 1011 2146 id
1034 2084 1120 2168 qnod
1137 2083 1359 2166 concupieras,
1381 2102 1482 2166 augur
1496 2081 1596 2148 factus

274 2198 377 2252 esses,
405 2179 524 2262 inqua
547 2186 599 2242 tua
621 2178 809 2260 cogitatione
832 2198 910 2251 nos,
940 2177 995 2261 qui
1018 2186 1049 2240 te
1072 2176 1257 2251 oderamus,
1279 2176 1333 2237 vix
1355 2175 1494 2240 dolorem
1515 2177 1634 2241 fere-to

273 2273 392 2347 bamus,
415 2272 461 2335 illi
477 2281 592 2348 autem,
607 2272 723 2355 quibus
739 2291 808 2335 eras
823 2272 857 2334 in
872 2271 1003 2342 deliciis,
1024 2271 1080 2333 vix
1093 2271 1192 2333 risum
1208 2270 1374 2333 tenebant:
1396 2270 1451 2332 sed
1467 2290 1596 2354 quaero,

274 2366 300 2428 si
330 2365 370 2427 ad
398 2374 502 2429 cetera
528 2367 676 2441 vulnera,
707 2366 821 2448 quibus
849 2386 914 2428 rem
945 2363 1104 2447 publicam
1133 2363 1249 2447 putasti
1271 2362 1408 2425 deletum
1429 2362 1485 2437 iri,
1516 2362 1599 2426 banc

275 2478 402 2542 quoque
432 2459 623 2523 mortiferam
651 2459 774 2543 plagam
802 2456 974 2521 inflixisses
1002 2465 1173 2539 auguratus
1195 2456 1260 2531 tui,
1289 2464 1392 2519 utrum
1415 2455 1598 2519 decreturus

274 2551 371 2615 fueris
393 2552 443 2627 id,
466 2551 550 2636 quod
573 2572 708 2636 augures
730 2573 839 2616 omnes
862 2571 964 2635 usque
986 2549 1025 2613 ab
1048 2550 1182 2614 Romulo
1205 2550 1422 2625 decreverunt,
1443 2551 1517 2614 Iove
1537 2548 1598 2613 ful·

275 2655 368 2728 gente
390 2667 459 2710 cum
483 2646 602 2729 populo
624 2647 674 2729 agi
697 2646 786 2709 nefas
808 2666 895 2719 esse,
925 2665 983 2719 an,
1013 2645 1088 2727 quia
1109 2651 1144 2707 tu
1166 2663 1291 2727 semper
1312 2645 1356 2707 sic
1377 2644 1513 2727 egisses,
1542 2658 1628 2708 au-ts

279 2740 379 2822 spicia
400 2739 496 2803 fueris
519 2760 620 2823 augur
640 2740 873 2803 dissoluturus?

359 2834 415 2895 lll.
437 2828 488 2895 44.
516 2835 560 2896 Ac
588 2853 629 2896 no
655 2832 773 2896 diutius
800 2832 914 2916 loquar
935 2832 975 2894 de
997 2838 1150 2913 auguratu
1171 2838 1243 2906 tuo,
1266 2828 1352 2914 quod
1374 2830 1492 2895 inritus
1514 2832 1596 2896 facio

276 2934 311 2989 ut
339 2926 486 2989 recorder
515 2926 621 2989 ruinas
649 2927 694 2988 rei
723 2925 887 3010 publicae;
916 2944 1021 3009 neque
1049 2924 1135 2988 enim
1165 2930 1200 2988 tu
1222 2944 1369 3009 umquam
1399 2932 1502 2989 stante
1532 2946 1597 2990 non

277 3018 371 3082 modo
395 3020 555 3083 maiestate
575 3018 698 3093 borum,
720 3020 776 3082 sed
799 3020 892 3082 etiam
914 3019 991 3082 urbe
1013 3027 1044 3082 te
1067 3037 1219 3101 augurem
1238 3017 1307 3081 fore
1327 3021 1461 3102 putasti:
1482 3053 1524 3067 -
1544 3041 1599 3085 ve·

275 3132 346 3174 rum
374 3118 495 3187 tamen,
527 3120 563 3176 ut
590 3113 712 3176 somnia
741 3121 794 3176 tna
826 3113 1020 3198 relinquam,
1054 3111 1094 3175 ad
1127 3111 1245 3175 scelera
1274 3114 1415 3187 veniam,
1446 3114 1520 3177 volo
1551 3115 1636 3178 utiao

277 3205 354 3269 mibi
384 3206 591 3289 respondeas:
622 3227 693 3269 cum
720 3207 762 3269 Μ.
785 3205 932 3270 Bibulum
960 3205 1139 3281 consulem,
1171 3226 1235 3268 non
1264 3205 1366 3268 dicam
1393 3206 1537 3271 beneda
1563 3228 1599 3271 re

278 3299 405 3382 publica
427 3300 632 3374 sentientem,
656 3321 696 3362 ue
718 3308 751 3363 tu
773 3300 850 3362 mibi
871 3299 968 3364 bomo
990 3308 1102 3383 potens
1124 3300 1276 3373 irascare,
1300 3300 1355 3382 qui
1370 3299 1409 3362 ab
1425 3321 1463 3364 eo
1478 3302 1598 3365 dissen-

278 3393 362 3467 sisti,
392 3393 448 3456 sed
476 3393 635 3457 bominem
664 3402 747 3456 certe
774 3413 931 3478 nusquam
960 3392 1233 3477 progredientem,
1262 3391 1394 3455 nibilin
1416 3394 1600 3476 republica

278 3489 480 3562 molientem,
509 3493 628 3550 tantum
656 3488 762 3550 animo
791 3487 830 3549 ab
858 3486 1036 3551 actionibus
1065 3488 1127 3549 tuis
1150 3486 1405 3560 dissentientem,
1434 3506 1505 3549 cum
1527 3507 1599 3551 eum

280 3590 314 3644 tu
345 3583 507 3645 consulem
537 3582 571 3643 in
599 3581 724 3644 vincula
746 3582 876 3645 duceres
898 3588 931 3643 et
952 3580 991 3644 ab
1014 3579 1120 3643 tabula
1141 3580 1266 3643 Valeria
1286 3579 1426 3662 collegae
1447 3580 1495 3644 tui
1517 3581 1637 3645 mittin

279 3675 441 3750 iuberent,
463 3674 617 3738 fecerisne
640 3682 712 3738 ante
728 3684 830 3738 rostra
845 3681 973 3757 pontem
988 3673 1180 3738 continuatis
1194 3672 1413 3750 tribunalibus,
1437 3696 1600 3760 perquem

280 3770 392 3833 consul
412 3769 522 3853 populi
543 3768 675 3832 Romani
696 3768 963 3833 moderatissimus
985 3775 1017 3832 ct
1038 3766 1312 3831 constantissimus
1331 3767 1456 3831 sublato
1471 3769 1600 3846 auxilio,

280 3863 415 3927 exclusis
437 3862 563 3936 amicis,
585 3863 616 3925 vi
638 3861 832 3944 perditorum
853 3861 1017 3924 bominum
1038 3861 1185 3936 incitata,
1207 3861 1387 3945 turpissimo
1409 3863 1602 3928 miserrimo-

280 3976 343 4040 que
365 3956 547 4039 spoctaculo
568 3975 634 4018 non
655 3955 689 4017 in
711 3975 886 4030 carcerom,
907 3954 965 4018 sed
986 3955 1026 4018 ad
1048 3957 1238 4038 supplicium
1259 3963 1292 4019 at
1312 3954 1353 4021 ad
1374 3977 1484 4022 necem
1506 3958 1602 4023 duce·

280 4053 388 4115 retur?
424 4045 476 4113 22.
492 4048 628 4125 Quaero,
649 4068 726 4111 num
748 4049 820 4133 quis
842 4056 915 4112 ante
938 4057 969 4112 te
990 4057 1054 4112 tam
1075 4049 1171 4113 fuerit
1183 4049 1331 4125 nefarius,
1352 4051 1408 4134 qui
1422 4049 1456 4113 id
1469 4048 1638 4114 feceritiao

281 4151 317 4207 ut
337 4143 491 4218 sciamus,
511 4150 619 4208 utrum
639 4149 779 4206 veterum
800 4140 977 4206 facinorum
998 4141 1042 4205 sis
1063 4141 1202 4206 imitator
1218 4161 1259 4207 an
1273 4144 1419 4208 inventor
1433 4165 1598 4212 novorum.

347 4509 370 4558 4.
389 4507 507 4572 cogitatis
527 4505 672 4568 Madvigius
693 4518 720 4569 p.
738 4504 786 4556 444
809 4503 953 4557 delendum
974 4509 1076 4557 censat.
1095 4534 1123 4544 —
1145 4508 1173 4556 44
1188 4512 1293 4558 4444444444
1306 4507 1380 4558 modo
1396 4510 1460 4560 Pn:
1485 4519 1559 4569 44444
1573 4520 1601 4571 a.

281 4583 422 4635 4444444440
442 4610 468 4618 -
487 4581 511 4631 3.
528 4574 591 4631 'aute
608 4582 635 4630 44
650 4581 693 4630 tito
710 4581 736 4631 in
752 4584 772 4632 P
789 4580 857 4631 duae
874 4584 963 4633 tresve
980 4580 1082 4631 litterae
1100 4593 1192 4632 erasae
1209 4582 1282 4641 sunt;
1302 4580 1362 4632 tort.
1379 4586 1541 4653 cogitem,
1559 4595 1598 4645 ,·‚,.

284 4671 371 4720 qaam,
390 4658 417 4707 44
433 4656 475 4706 4444
492 4658 543 4705 444.
563 4682 590 4691 -
609 4653 634 4707 4.
651 4654 743 4705 44444444·
759 4655 877 4705 locam
900 4657 953 4720 iqui
971 4653 1052 4705 babet
1067 4654 1313 4720 aopm--tomlz
1335 4659 1488 4714 4444444444
1503 4667 1553 4717 Po
1570 4695 1598 4707 ,

283 4733 417 4795 4444444444
432 4733 480 4782 PG
499 4755 525 4765 —
545 4731 570 4781 4.
588 4731 813 4792 modestam
828 4733 848 4782 P
866 4758 894 4770 -
917 4731 1049 4780 4444444444
1065 4735 1097 4782 P:
1121 4731 1252 4780 4444444444·
1268 4735 1291 4781 ct
1305 4731 1434 4794 [4444444444
1450 4738 1514 4799 θος
1537 4743 1600 4794 clar.

283 4820 314 4856 ac
328 4805 456 4870 [4444444444
473 4803 565 4856 bamb.
585 4805 610 4855 in
628 4817 711 4868 marg.
737 4803 785 4855 atu
802 4805 880 4856 codd.
898 4805 999 4857 habant
1013 4806 1140 4870 fortissimi
1156 4811 1180 4856 ct
1194 4805 1269 4866 otor„
1287 4807 1317 4856 nt
1332 4807 1392 4858 cod.
1407 4810 1514 4877 l‘rtsing.
1528 4828 1600 4870 saec.

282 4882 336 4942 XV,
354 4895 368 4930 a
386 4894 430 4932 me
447 4881 473 4931 in
485 4880 547 4931 edit.
562 4881 631 4945 Lips.
644 4879 708 4931 4844
726 4879 866 4931 adhibitus.
881 4907 908 4917 ·-
926 4881 950 4930 i.
970 4880 1146 4944 labefactatam
1161 4883 1194 4931 P:
1214 4879 1362 4943 4444444444
1378 4883 1438 4932 (4-
1457 4884 1482 4936 8.
1496 4900 1602 4950 poma.

282 4968 338 5006 4444
353 4957 386 5006 P:
405 4969 517 5006 4444444444
532 4956 597 5015 60;
615 4955 649 5006 cf.
662 4955 774 5020 4444543.
791 4984 815 4994 -
833 4955 934 5019 matis
949 4958 977 5007 P.
991 4957 1134 5008 Manutius:
1151 4963 1256 5019 putam
1270 4958 1319 5009 Po
1332 4984 1360 4995 -
1377 4958 1603 5024 [mammo

284 5030 590 5093 -9.boctoqqu-
609 5030 649 5079 44.
668 5030 861 5081 (44444444Ρ4ὶ-
880 5031 919 5080 44.
937 5030 1603 5098 oolam-remppntcstll’tizputasum

279 5119 307 5167 p.
320 5105 341 5155 0
354 5130 380 5140 -
393 5105 497 5154 4444444444
513 5105 547 5155 tot
561 5104 680 5155 Ernesti:
699 5107 774 5156 4444444·
790 5104 868 5156 codd.
881 5107 908 5155 et
921 5105 957 5166 0;
973 5117 1044 5167 possa
1060 5106 1135 5156 4444444·
1151 5118 1225 5171 susp.
1237 5104 1330 5156 Lamb.
1349 5106 1434 5160 etad
1450 5124 1477 5176 p.
1489 5113 1547 5177 944,
1560 5118 1602 5170 46.

285 5206 313 5217 -
327 5179 366 5230 43.
385 5180 507 5244 tuf-ciues
522 5181 543 5230 G
556 5206 583 5218 -
603 5178 872 5231 ll.obPG:cSO
891 5207 919 5218 -
938 5182 1172 5244 4444444444)-
1191 5182 1604 5245 submurmurantium

282 5266 381 5305 novum
397 5256 476 5318 caput
492 5268 507 5305 4
524 5268 566 5305 vv.
578 5268 666 5306 4444444
682 5261 764 5307 mmm
774 5268 800 5306 v.
814 5256 846 5306 44
863 5254 1020 5320 incipiebat;
1038 5254 1111 5307 illum
1128 5257 1201 5306 recte
1217 5256 1334 5307 sensiam
1351 5259 1463 5309 testatur
1478 5263 1563 5315 codex
1573 5269 1602 5330 P,

282 5331 308 5379 in
326 5342 379 5393 quo
396 5332 426 5378 444
441 5330 468 5379 in
484 5330 556 5380 initio
573 5331 680 5382 maioris
698 5331 772 5382 incisi
788 5330 824 5380 Ac
839 5331 967 5396 scriptum
984 5334 1034 5382 est.
1054 5357 1082 5369 -
1101 5331 1164 5394 [4444
1179 5333 1199 5382 Ρ
1214 5357 1248 5367 -
1264 5331 1305 5382 44.
1322 5345 1374 5382 aon
1389 5333 1472 5384 44444444
1487 5338 1518 5388 dc
1532 5352 1561 5390 rs
1573 5355 1601 5404 p.

282 5403 341 5454 4444
356 5405 497 5456 4444444444
513 5406 637 5468 (norror
653 5405 751 5470 4444444)
769 5408 830 5457 t}-
849 5404 889 5456 43.
904 5407 932 5455 44
947 5409 1062 5469 rap.P;
1079 5407 1196 5468 4444444
1213 5404 1437 5469 rapuimus.
1452 5437 1480 5447 -
1498 5411 1604 5465 44444.

282 5477 341 5527 444444
356 5479 417 5528 PG:
434 5477 518 5528 444444
533 5477 579 5527 SO
598 5503 626 5515 -
645 5479 836 5531 at--tabcrsat
851 5478 1007 5530 44444444-
1025 5479 1057 5530 44
1074 5479 1160 5531 tabula
1175 5482 1210 5531 P:
1229 5480 1602 5555 adtabwoormdstabata)

284 5552 319 5610 (ἃς
337 5566 355 5601 c
371 5551 535 5617 montelli)
553 5551 598 5603 SO
616 5578 643 5590 -
667 5555 721 5605 mitt
737 5555 766 5607 Ρι
784 5579 812 5593 -
831 5556 872 5606 46.
889 5556 1003 5606 lowest
1019 5556 1039 5606 Ρ
1057 5582 1085 5592 -
1111 5554 1152 5605 ii.
1170 5554 1421 5606 4444444--44444444
1436 5555 1518 5610 babet
1533 5563 1554 5612 Α
1571 5588 1599 5600 -

283 5628 413 5678 ccciiii.
431 5630 451 5679 P
470 5655 497 5666 -
516 5635 676 5681 etconstcnt.
695 5633 824 5682 omi·
842 5631 882 5682 48.
901 5632 978 5683 uta:
996 5636 1024 5681 444
1040 5631 1089 5681 PG
1107 5655 1135 5666 -
1153 5628 1424 5682 bommtmoma-
1441 5632 1600 5687 444444444Ρ44

283 5701 389 5752 4444444444
405 5699 464 5753 GP²
480 5703 615 5768 (coagmta,
632 5704 705 5769 quod
722 5718 754 5756 ax
770 5704 910 5757 scholiasta
926 5709 956 5757 ut
972 5707 1043 5756 varia
1059 5704 1138 5757 lectio
1154 5704 1316 5756 adorabatur
1332 5706 1360 5756 ot
1375 5717 1390 5755 4
1405 5707 1485 5758 iterio
1501 5711 1528 5760 in
1542 5713 1601 5764 Vas.

284 5775 360 5825 44444.
372 5776 396 5836 l,
407 5788 434 5839 p.
448 5776 495 5830 494
511 5777 614 5830 lectioni
631 5780 736 5830 4444444444
751 5779 819 5831 adeo
835 5779 982 5846 praelatum
999 5783 1054 5842 est,
1072 5793 1125 5831 non
1141 5779 1273 5833 lemmatis
1288 5782 1394 5848 partem
1410 5783 1559 5844 4444044444
1569 5787 1601 5851 (t)

285 5851 363 5901 acuto
379 5849 463 5916 vidit.)
481 5877 508 5891 -
526 5853 568 5907 49.
584 5855 728 5919 ommium
742 5857 792 5907 PG
809 5879 836 5893 -
855 5855 896 5907 44.
914 5856 959 5919 qut
973 5856 1001 5907 ta
1016 5857 1037 5907 n
1053 5867 1123 5908 corr.
1141 5868 1174 5908 ax
1189 5857 1258 5919 444444.
