3800 7350
307 1181 389 1251 4478
649 1190 802 1258 ORATIO
825 1192 903 1258 eno
926 1195 963 1257 Τ.
984 1192 1110 1258 ANNIO
1133 1192 1290 1260 MILONE

306 1360 400 1441 igitur
431 1360 516 1441 ipsa,
545 1378 627 1441 quae
650 1379 746 1443 saepe
769 1359 971 1423 incredibiles
993 1359 1068 1422 huic
1089 1361 1159 1423 urbi
1181 1361 1349 1425 felicitates
1370 1369 1466 1444 atque
1488 1381 1570 1446 opes
1593 1367 1642 1423 at-

306 1452 393 1526 tulit,
415 1453 500 1515 illam
523 1451 693 1534 perniciem
716 1453 869 1515 exstinxit
891 1472 927 1514 ae
948 1453 1093 1526 sustulit,
1123 1454 1175 1515 cui
1197 1453 1333 1535 primum
1356 1459 1493 1518 ruentem
1515 1453 1641 1526 iniecit,

306 1553 342 1607 ut
362 1546 394 1608 vi
416 1546 537 1609 irritare
558 1544 707 1628 ferroque
727 1545 883 1608 lacessere
905 1546 1112 1610 fortissimum
1127 1549 1229 1611 virum
1246 1546 1379 1610 auderet
1391 1549 1641 1628 vincereturque

306 1637 345 1700 ab
367 1656 419 1712 eo,
443 1657 538 1721 quem
560 1640 588 1702 si
609 1639 753 1713 vicisset,
785 1639 948 1702 habiturus
971 1647 1056 1704 esset
1077 1640 1296 1723 impunitatem
1318 1648 1350 1703 et
1370 1640 1530 1703 licentiam
1554 1657 1642 1701 sem·

282 1732 470 1813 opiternam.
514 1728 565 1793 85.
588 1733 658 1794 Non
681 1740 729 1795 est
751 1732 891 1795 humano
915 1732 1066 1805 consilio,
1096 1753 1136 1796 ne
1159 1733 1312 1797 mediocri
1334 1733 1480 1815 quidem,
1503 1732 1640 1806 iudices,

306 1824 437 1885 deorum
458 1823 682 1889 immortalium
706 1844 781 1888 cura
802 1846 853 1888 res
875 1824 930 1888 illa
952 1824 1098 1908 perfecta.
1132 1827 1313 1909 Religiones
1327 1846 1378 1889 me
1392 1825 1521 1889 hercule
1536 1828 1641 1908 ipsae,

306 1936 389 1997 quae
416 1916 502 1979 illam
532 1918 659 1982 beluam
688 1918 798 1981 cadere
828 1918 991 1992 viderunt,
1027 1938 1204 1981 commosse
1226 1940 1260 1982 se
1281 1918 1446 1995 videntur,
1475 1920 1581 1983 etius
1604 1918 1639 1980 in

304 2008 361 2071 illo
385 2030 477 2073 suum
498 2011 679 2088 retinuisse.
715 2010 778 2074 Vos
800 2012 884 2074 euim
907 2011 981 2084 iam,
1005 2012 1119 2074 Albani
1142 2012 1256 2075 tumuli
1279 2020 1375 2094 atque
1396 2013 1470 2088 luci,
1492 2033 1567 2087 vos,
1589 2013 1641 2074 iu-

305 2121 418 2184 quam,
440 2103 575 2186 imploro
597 2111 692 2186 atque
714 2104 871 2178 obtestor,
893 2123 1027 2186 vosque,
1050 2104 1243 2167 Albanorum
1266 2106 1397 2168 obustae
1420 2124 1503 2178 arae,
1525 2124 1638 2168 sacro·

269 2215 376 2261 rorum
397 2197 507 2279 populi
527 2197 659 2260 Romani
681 2198 785 2260 sociae
808 2204 839 2259 et
860 2197 1021 2279 aequales,
1044 2216 1124 2279 quas
1142 2197 1197 2260 ille
1217 2218 1368 2280 praeceps
1383 2198 1521 2262 amentia
1535 2197 1640 2260 caesis

305 2289 536 2373 prostratisque
566 2290 771 2353 sanctissimis
801 2289 881 2352 lucis
910 2289 1179 2352 substructionum
1203 2290 1324 2353 insanis
1346 2291 1482 2354 molibus
1504 2310 1641 2375 oppres«

305 2389 407 2457 serat;
428 2390 550 2446 vestrae
572 2391 654 2457 tum,
676 2389 799 2446 vestrae
822 2382 993 2464 religiones
1010 2383 1195 2463 viguerunt,
1217 2390 1324 2446 vestra
1337 2384 1385 2446 vis
1401 2382 1516 2457 valuit,
1539 2403 1639 2466 quam

305 2474 360 2537 ille
382 2475 468 2536 omni
490 2477 611 2540 scelere
631 2477 804 2560 polluerat;
834 2482 936 2558 tuque
959 2496 999 2538 ex
1027 2484 1082 2538 tuo
1106 2475 1191 2538 edito
1214 2485 1340 2551 monte,
1368 2477 1504 2540 Latiaris
1526 2483 1639 2540 sancte

305 2568 455 2651 Iuppiter,
478 2570 566 2633 cuius
588 2569 641 2632 illa
663 2571 767 2645 lacus,
789 2588 920 2633 nemora
941 2565 1084 2650 finesque
1106 2588 1202 2651 saepe
1224 2571 1310 2633 omni
1332 2570 1454 2633 nefario
1476 2579 1589 2654 stupro
1606 2577 1639 2633 et

268 2682 296 2728 as
306 2661 425 2725 scelere
446 2664 631 2738 macularat,
654 2662 826 2747 aliquando
848 2664 888 2725 ad
910 2680 982 2724 eum
1002 2661 1216 2743 poeniendum
1231 2664 1341 2725 oculos
1356 2664 1522 2746 apemisti3
1545 2662 1638 2725 robis

305 2755 395 2830 illae,
417 2756 507 2819 vobis
528 2766 633 2821 vestro
656 2758 689 2819 in
712 2764 884 2839 conspectu
905 2775 1009 2829 serae,
1032 2754 1089 2818 sed
1110 2755 1212 2818 iustae
1234 2765 1338 2819 mmen
1364 2765 1396 2820 et
1410 2756 1536 2820 debitae
1558 2777 1638 2839 poe·

304 2868 365 2912 nae
387 2850 510 2914 solutae
531 2858 621 2914 sunt:
643 2848 695 2913 86.
719 2851 780 2912 nisi
802 2850 882 2914 forte
903 2848 965 2911 boc
987 2849 1081 2910 etiam
1105 2867 1180 2910 casu
1201 2848 1319 2911 factum
1340 2868 1410 2911 esse
1426 2847 1579 2924 dicemus,
1602 2857 1666 2913 ut·

305 2950 377 3006 ante
408 2945 511 3027 ipsum
542 2945 714 3007 sacrarium
740 2945 847 3006 Bonae
874 2942 971 3015 deae,
1001 2941 1087 3024 quod
1110 2948 1159 3003 est
1181 2942 1213 3003 in
1235 2941 1334 3003 fundo
1356 2944 1392 3003 T.
1416 2942 1519 3024 Sergii
1542 2942 1639 3018 Galli,

305 3036 338 3098 in
366 3037 477 3119 primis
504 3036 631 3100 honesti
660 3043 692 3098 at
713 3036 816 3099 ornati
838 3033 1067 3108 adolescentis,
1096 3042 1170 3097 ante
1192 3035 1312 3115 ipsam,
1339 3037 1487 3118 inquam,
1515 3036 1638 3099 lionam

267 3128 414 3203 sedeam,
436 3149 507 3192 oum
528 3128 685 3212 proelium
707 3127 932 3207 commisisset,
960 3127 1097 3210 primum
1126 3125 1204 3189 illud
1227 3127 1344 3191 vulnus
1366 3128 1541 3210 acciperet,
1571 3148 1638 3211 quo

304 3222 514 3286 taeterrimam
545 3229 679 3284 mortem
705 3222 822 3296 obIret,
852 3228 976 3283 utnon
998 3220 1165 3283 absolutus
1188 3219 1305 3283 iudicio
1323 3220 1383 3283 illo
1405 3222 1527 3285 nefario
1548 3223 1639 3286 vide·

305 3324 408 3390 retur,
431 3314 488 3378 sed
510 3314 549 3378 ad
571 3315 653 3378 hano
675 3315 831 3398 insignem
852 3333 988 3398 poenam
1011 3319 1201 3376 reservatus.
1244 3313 1377 3376 XXXII.
1398 3316 1464 3377 Nec
1479 3335 1556 3379 vero
1571 3336 1638 3380 non

306 3410 416 3471 eadem
444 3410 491 3472 ira
512 3409 642 3472 deorum
664 3407 747 3472 hanc
769 3408 837 3471 eius
858 3406 1046 3471 satellitibus
1068 3406 1176 3469 iniecit
1196 3407 1383 3481 amentiam,
1411 3416 1446 3470 ut
1467 3410 1537 3473 sine
1557 3410 1639 3474 ima·

306 3500 447 3583 pinibus,
469 3503 536 3565 sine
558 3508 656 3565 cautu
678 3507 773 3585 atque
795 3500 897 3576 ludis,
919 3502 989 3563 sine
1012 3499 1186 3583 exsequiis,
1209 3500 1278 3562 sine
1299 3500 1455 3575 lamentis,
1477 3503 1547 3565 sine
1569 3504 1639 3566 Iau-

267 3614 297 3662 as
306 3593 502 3669 dationibus,
530 3597 599 3660 sine
621 3596 748 3668 iuuere,
770 3595 887 3658 oblitus
909 3613 1021 3657 cruore
1035 3601 1076 3666 ‚et
1096 3593 1181 3668 luto,
1211 3593 1365 3675 spoliatus
1387 3593 1473 3657 illius
1494 3598 1638 3680 supremi

305 3688 370 3750 diei
392 3689 589 3764 celebritate,
616 3692 666 3753 eui
695 3691 808 3752 cedere
835 3689 956 3751 inimici
979 3689 1072 3751 etiam
1096 3688 1216 3761 solent,
1244 3687 1464 3752 ambureretur
1483 3692 1636 3756 abiectus.

305 3783 376 3844 Non
402 3781 502 3847 luisse
524 3783 619 3847 eredo
648 3783 697 3846 fas
725 3781 972 3845 clarIssimorum
995 3783 1133 3844 virorum
1154 3777 1271 3843 formas
1292 3780 1340 3842 illi
1361 3784 1543 3847 taeterrimo
1564 3805 1638 3867 par·

304 3876 423 3939 ricidae
452 3877 571 3960 aliquid
600 3876 724 3940 decoris
753 3875 881 3949 afferre,
908 3894 1014 3958 neque
1043 3875 1110 3937 ullo
1138 3875 1170 3937 in
1192 3875 1262 3937 loco
1283 3875 1388 3955 potius
1410 3883 1546 3940 mortem
1568 3878 1637 3941 eius

305 3969 449 4045 lacerari,
472 3989 566 4054 quam
588 3970 621 4031 in
644 3989 709 4052 quo
730 3968 796 4032 vita
818 3976 903 4031 esset
924 3970 1081 4032 damnata.

267 4082 296 4130 eo
390 4061 441 4125 87.
463 4064 548 4125 Dura
576 4082 627 4125 me
650 4061 721 4126 dius
743 4061 838 4125 fidius
868 4062 944 4125 mihi
972 4063 1035 4126 iarn
1062 4065 1202 4125 Fortuna
1223 4063 1334 4145 populi
1357 4065 1489 4127 Romani
1511 4071 1544 4128 et
1565 4085 1638 4128 cru-

305 4156 385 4219 delis
415 4156 597 4230 videbatur,
627 4175 709 4238 quae
739 4163 785 4219 tot
812 4174 912 4218 annos
942 4155 1031 4218 illum
1054 4156 1087 4218 in
1109 4156 1193 4218 hanc
1214 4174 1280 4217 rem
1302 4157 1460 4238 publicam
1482 4159 1637 4222 insultare

304 4257 473 4332 pateretur.
511 4248 674 4312 ‘Polluerat
701 4257 812 4333 stupro
842 4249 1057 4312 sanctissimas
1086 4249 1274 4331 religiones,
1302 4258 1429 4313 senatus
1452 4252 1639 4333 gravissima

310 4411 407 4421 .....-.
419 4413 436 4417 ..
622 4411 768 4418 „uo-...n
786 4410 1074 4417 --.-—...---------
1095 4411 1168 4416 -.--

208 4565 213 4574 ,
368 4515 1638 4584 4.44400]400004Τ-0.4000000004“-40004040004-000040000084-40000

303 4597 409 4648 ECW:
436 4608 501 4657 quos
522 4608 580 4645 cum
596 4597 631 4652 Τ;
655 4596 745 4644 crans
766 4620 792 4631 -
819 4593 918 4644 beluam
942 4591 1009 4640 TE:
1036 4591 1206 4641 0044000080
1225 4619 1252 4628 -
1273 4594 1470 4644 00000040οΕ
1489 4621 1515 4630 -
1542 4595 1568 4646 8.
1592 4597 1639 4646 Vos

302 4671 478 4722 00404--4004
499 4669 581 4719 habet
604 4667 776 4729 Quintilianus
793 4668 839 4728 1x,
863 4667 894 4728 2,
917 4664 965 4722 ³8:
994 4667 1041 4715 Vos
1064 4667 1269 4718 saiw-sociae
1285 4673 1308 4718 04
1324 4668 1441 4731 aequales
1457 4668 1529 4719 idem
1544 4668 1635 4731 x1,1,

302 4746 335 4798 34
354 4748 381 4796 04
396 4745 454 4805 xn,
473 4744 514 4804 40,
533 4744 578 4803 62;
596 4755 640 4793 eos
655 4743 744 4793 Albani
760 4742 850 4793 tumob
866 4746 942 4804 atque
958 4741 1009 4791 laci
1027 4741 1098 4792 idem
1115 4743 1161 4801 XI,
1179 4742 1204 4803 3,
1223 4744 1280 4794 440.
1300 4743 1361 4802 404;
1382 4756 1427 4794 eos
1441 4742 1532 4793 440004
1547 4744 1638 4794 tunuli

303 4822 374 4871 idem
385 4821 428 4879 XI,
441 4819 466 4881 3,
479 4818 541 4878 lam
559 4817 702 4867 oosdlbsm'
718 4817 807 4866 000044
823 4821 900 4880 atque
915 4815 966 4865 leci
982 4814 1063 4866 Iulius
1073 4817 1165 4866 Victor
1175 4830 1202 4881 p.
1215 4818 1273 4879 204,
1286 4818 1326 4868 40.
1341 4843 1368 4856 -
1389 4818 1414 4867 9.
1432 4819 1538 4868 obtestor
1554 4817 1634 4868 TES:

302 4900 377 4946 400400
393 4894 443 4945 CO
462 4916 490 4929 -
518 4893 559 4942 40.
574 4891 663 4954 populi
679 4891 719 4956 0.]
744 4904 793 4954 pr.
812 4892 878 4940 T-
906 4891 947 4941 ⁴2.
969 4895 1067 4940 cestrae
1086 4895 1155 4952 4000,
1181 4895 1279 4942 vestm
1299 4894 1439 4944 Gruterus:
1465 4897 1565 4942 oestrus
1582 4898 1638 4943 4000

303 4982 373 5019 orae.
391 4972 490 5018 0004000
506 4967 595 5024 TES;
612 4970 709 5016 vestros
724 4971 792 5027 tam,
811 4978 887 5026 arae,
904 4971 1002 5016 0044000
1020 4967 1058 5027 (04
1074 4978 1137 5015 croc
1153 4967 1187 5017 sit
1202 4968 1345 5029 vocativus)
1362 4967 1395 5027 0;
1414 4967 1531 5018 sednon
1549 4965 1637 5017 solum

303 5056 366 5093 arae
387 5042 556 5101 invocantur,
579 5051 675 5089 verum
692 5040 773 5089 etiam
789 5038 878 5088 400044
894 5044 970 5102 atque
985 5039 1043 5089 4004.
1064 5066 1092 5075 -
1116 5039 1202 5104 quom]
1220 5041 1430 5104 «corrigendum
1447 5053 1523 5102 quon
1547 5053 1636 5103 neque

303 5117 373 5167 enim
389 5116 441 5165 0404
455 5115 579 5177 podem,
598 5112 648 5164 sed
663 5113 795 5177 rellptcsas
812 5111 864 5162 dici
881 5116 986 5177 poterat
1002 5111 1137 5164 Clodius·
1156 5115 1234 5163 Bure.
1255 5139 1283 5151 -
1310 5115 1349 5166 43.
1367 5121 1391 5165 st
1407 5121 1435 5164 40
1451 5116 1482 5164 de
1496 5119 1579 5165 040040
1594 5121 1638 5165 taso

302 5192 380 5250 edita,
405 5189 509 5239 40440440
527 5194 612 5239 000040
633 5189 728 5251 Iupiter
751 5186 839 5238 schol.
858 5188 955 5238 Lucani
974 5189 1000 5247 l,
1019 5188 1076 5238 498.
1099 5213 1122 5224 -
1144 5188 1244 5238 latioris
1262 5189 1299 5239 E:
1325 5189 1419 5239 latialis
1435 5191 1467 5250 ὃς
1494 5190 1583 5239 latiori
1599 5191 1635 5249 C;

301 5265 404 5315 40440004
419 5265 453 5323 Τ;
472 5264 574 5314 memes
589 5264 662 5313 W·
682 5262 722 5313 44.
741 5263 850 5325 luppiter
865 5261 930 5312 TE:
948 5262 1043 5323 Isrps'ter
1058 5261 1143 5310 SO-
1161 5264 1299 5325 40000000
1314 5264 1395 5313 TE-
1416 5265 1456 5313 40.
1472 5263 1639 5325 000040040οι

302 5342 335 5390 T:
353 5339 506 5402 0004000000
522 5339 591 5389 ESO
610 5361 637 5374 —
657 5338 790 5400 sparsistis
807 5337 868 5387 C-
888 5337 929 5386 46.
942 5336 984 5386 4440
1000 5335 1114 5386 TES—
1131 5336 1171 5386 48.
1184 5337 1271 5386 Bonae
1287 5337 1639 5399 aeae--csrmmerspsoer

302 5429 333 5466 00
349 5415 385 5478 (ρ.
401 5413 473 5472 4479,
491 5414 530 5474 tl)
543 5411 626 5462 habet
642 5414 702 5462 P-
723 5412 748 5461 Τ.
767 5424 821 5461 orn.
834 5413 854 5461 P
868 5436 895 5447 ·-
915 5411 988 5474 Serpt
1004 5412 1034 5460 1⁵:
1054 5410 1113 5459 serti
1130 5409 1175 5459 TE
1194 5408 1276 5472 (alibri
1294 5408 1397 5460 calamo
1415 5412 1514 5461 exarati
1532 5412 1558 5461 in
1570 5414 1637 5461 Ger-

302 5489 390 5541 mania
402 5488 502 5539 80444.»
521 5489 652 5548 Gaurani:
672 5487 752 5537 Sectis·
769 5487 816 5536 So
835 5510 863 5522 -
882 5485 923 5534 49.
941 5485 1104 5534 adulescentis
1119 5485 1139 5533 Τ
1157 5510 1179 5519 -
1203 5485 1244 5535 20.
1262 5481 1341 5546 ilites
1357 5485 1406 5534 TE
1420 5482 1449 5521 '-
1467 5485 1557 5534 004000
1573 5488 1592 5535 Ρ
1607 5513 1635 5524 -

302 5564 425 5627 acciperet
441 5563 500 5612 Ps:
528 5564 650 5625 00000044
669 5563 717 5613 ΤΕ
740 5588 768 5601 -
795 5563 837 5611 tt.
855 5561 1028 5611 4004004000
1043 5562 1076 5610 P:
1103 5558 1482 5618 404000400οΤ1480;44000
1499 5572 1524 5607 v.
1543 5559 1585 5609 27.
1607 5587 1635 5598 -

301 5641 343 5690 ib.
357 5632 456 5700 mppml
472 5637 519 5688 TE
531 5663 559 5674 -
578 5637 620 5686 40.
633 5635 682 5700 east]
694 5637 808 5699 quta-
822 5637 907 5686 csders
922 5636 1030 5688 PTES:
1049 5634 1244 5684 0000000000-
1259 5634 1354 5684 40400404
1369 5634 1445 5684 etism
1461 5634 1542 5683 TES:
1561 5635 1638 5684 etiarn

303 5714 397 5764 inimici
409 5714 430 5762 O
448 5739 475 5748 -
494 5711 668 5762 ambureretur
678 5711 706 5760 S:
725 5710 877 5760 imbaserettrr
887 5711 932 5760 ΤΕ
945 5735 974 5745 -
987 5709 1063 5759 siem
1080 5708 1219 5758 0040044004
1232 5732 1260 5745 -
1279 5709 1319 5759 48.
1332 5709 1435 5770 aliquod
1445 5711 1465 5759 T
1475 5734 1502 5744 -
1522 5709 1563 5758 29.
1577 5713 1638 5758 00004

302 5789 357 5837 alto
373 5787 489 5839 P'I'ES:
506 5788 561 5836 0440
576 5791 638 5837 esset
654 5787 674 5835 0
688 5808 716 5822 -
736 5787 904 5849 40000004οΤ
918 5811 945 5822 -
964 5785 1004 5835 30.
1017 5784 1111 5834 004400
1125 5783 1201 5846 fidus
1216 5783 1277 5833 mili
1292 5784 1358 5835 PE:
1377 5784 1438 5833 mibi
1453 5785 1548 5834 000400
1561 5784 1638 5848 fidles

303 5861 378 5912 TSO
392 5887 420 5898 -
438 5860 479 5912 34.
497 5872 635 5912 suaso-aa.
652 5863 684 5921 P;
702 5860 729 5910 40
749 5860 814 5910 boos
831 5860 912 5922 spi
926 5886 953 5898 —
972 5858 1013 5910 32.
1027 5863 1160 5922 poteretur
1175 5858 1269 5909 PTE:
1286 5859 1380 5909 0440004
1395 5863 1564 5939 0000000400
1580 5859 1635 5909 so.
