<?xml version="1.0" encoding="UTF-8"?>
<!DOCTYPE html PUBLIC "-//W3C//DTD XHTML 1.0 Transitional//EN"
    "http://www.w3.org/TR/xhtml1/DTD/xhtml1-transitional.dtd">
<html xmlns="http://www.w3.org/1999/xhtml" xml:lang="en" lang="en">
 <head>
  <title>
</title>
<meta http-equiv="Content-Type" content="text/html;charset=utf-8" />
  <meta name='ocr-system' content='tesseract 3.04.00' />
  <meta name='ocr-capabilities' content='ocr_page ocr_carea ocr_par ocr_line ocrx_word'/>
</head>
<body>
  <div class='ocr_page' id='page_1' title='image "./operaquaesupers08halmgoog/operaquaesupers08halmgoog_0464.png"; bbox 0 0 3800 7350; ppageno 0'>
   <div class='ocr_carea' id='block_1_1' title="bbox 338 1172 1276 1241">
    <p class='ocr_par' dir='ltr' id='par_1_1' title="bbox 338 1172 1276 1241">
     <span class='ocr_line' id='line_1_1' title="bbox 338 1172 1276 1241; baseline 0.002 -3"><span class='ocrx_word' id='word_1_1' title='bbox 338 1172 421 1240; x_wconf 83' lang='grc'><strong>4486</strong></span> <span class='ocrx_word' id='word_1_2' title='bbox 723 1173 874 1238; x_wconf 78' lang='lat' dir='ltr'>ORATIO</span> <span class='ocrx_word' id='word_1_3' title='bbox 894 1175 974 1239; x_wconf 86' lang='lat' dir='ltr'>PRO</span> <span class='ocrx_word' id='word_1_4' title='bbox 996 1177 1037 1240; x_wconf 83' lang='grc' dir='ltr'><strong>Μ.</strong></span> <span class='ocrx_word' id='word_1_5' title='bbox 1059 1174 1276 1241; x_wconf 77' lang='lat' dir='ltr'>MARCELLO</span> 
     </span>
    </p>
   </div>
   <div class='ocr_carea' id='block_1_2' title="bbox 295 1342 1661 4041">
    <p class='ocr_par' dir='ltr' id='par_1_2' title="bbox 295 1342 1661 4041">
     <span class='ocr_line' id='line_1_2' title="bbox 336 1342 1660 1428; baseline -0.002 -20"><span class='ocrx_word' id='word_1_6' title='bbox 336 1364 486 1428; x_wconf 84' lang='lat' dir='ltr'>usurpare</span> <span class='ocrx_word' id='word_1_7' title='bbox 517 1342 723 1418; x_wconf 84' lang='lat' dir='ltr'>sermonibus,</span> <span class='ocrx_word' id='word_1_8' title='bbox 744 1363 853 1407; x_wconf 92' lang='lat' dir='ltr'>omnes</span> <span class='ocrx_word' id='word_1_9' title='bbox 874 1354 1052 1409; x_wconf 88' lang='lat' dir='ltr'>nostrorum</span> <span class='ocrx_word' id='word_1_10' title='bbox 1074 1346 1315 1428; x_wconf 89' lang='lat' dir='ltr'>imperatorum,</span> <span class='ocrx_word' id='word_1_11' title='bbox 1336 1363 1445 1407; x_wconf 87' lang='lat' dir='ltr'>omues</span> <span class='ocrx_word' id='word_1_12' title='bbox 1475 1346 1660 1406; x_wconf 84' lang='lat' dir='ltr'>exterarum</span> 
     </span>
     <span class='ocr_line' id='line_1_3' title="bbox 337 1436 1660 1522; baseline -0.005 -19"><span class='ocrx_word' id='word_1_13' title='bbox 337 1439 476 1521; x_wconf 91' lang='lat' dir='ltr'>gentium</span> <span class='ocrx_word' id='word_1_14' title='bbox 503 1436 860 1520; x_wconf 78' lang='lat' dir='ltr'><strong>potentissimorumque</strong></span> <span class='ocrx_word' id='word_1_15' title='bbox 894 1438 1098 1522; x_wconf 83' lang='lat' dir='ltr'>populorum,</span> <span class='ocrx_word' id='word_1_16' title='bbox 1132 1458 1241 1501; x_wconf 90' lang='lat' dir='ltr'>omnes</span> <span class='ocrx_word' id='word_1_17' title='bbox 1271 1436 1514 1501; x_wconf 89' lang='lat' dir='ltr'>clarissimorum</span> <span class='ocrx_word' id='word_1_18' title='bbox 1543 1454 1660 1516; x_wconf 89' lang='lat' dir='ltr'>regum</span> 
     </span>
     <span class='ocr_line' id='line_1_4' title="bbox 335 1527 1661 1616; baseline -0.005 -21"><span class='ocrx_word' id='word_1_19' title='bbox 335 1554 386 1597; x_wconf 89' lang='lat' dir='ltr'>res</span> <span class='ocrx_word' id='word_1_20' title='bbox 407 1540 511 1616; x_wconf 89' lang='lat' dir='ltr'>gestas</span> <span class='ocrx_word' id='word_1_21' title='bbox 533 1551 604 1594; x_wconf 92' lang='lat' dir='ltr'>cum</span> <span class='ocrx_word' id='word_1_22' title='bbox 625 1531 687 1593; x_wconf 90' lang='lat' dir='ltr'>tuis</span> <span class='ocrx_word' id='word_1_23' title='bbox 708 1551 767 1593; x_wconf 91' lang='lat' dir='ltr'>uec</span> <span class='ocrx_word' id='word_1_24' title='bbox 789 1533 1025 1595; x_wconf 76' lang='lat' dir='ltr'>contentionum</span> <span class='ocrx_word' id='word_1_25' title='bbox 1047 1531 1261 1613; x_wconf 75' lang='lat' dir='ltr'>magnitudine</span> <span class='ocrx_word' id='word_1_26' title='bbox 1283 1550 1341 1594; x_wconf 89' lang='lat' dir='ltr'>nee</span> <span class='ocrx_word' id='word_1_27' title='bbox 1362 1551 1493 1594; x_wconf 92' lang='lat' dir='ltr'>numero</span> <span class='ocrx_word' id='word_1_28' title='bbox 1515 1527 1661 1612; x_wconf 86' lang='lat' dir='ltr'>proelio-</span> 
     </span>
     <span class='ocr_line' id='line_1_5' title="bbox 335 1621 1659 1707; baseline -0.005 -17"><span class='ocrx_word' id='word_1_29' title='bbox 335 1649 404 1690; x_wconf 90' lang='lat' dir='ltr'>rum</span> <span class='ocrx_word' id='word_1_30' title='bbox 425 1647 485 1689; x_wconf 90' lang='lat' dir='ltr'>neo</span> <span class='ocrx_word' id='word_1_31' title='bbox 506 1626 655 1688; x_wconf 85' lang='lat' dir='ltr'>varietate</span> <span class='ocrx_word' id='word_1_32' title='bbox 677 1624 841 1707; x_wconf 90' lang='lat' dir='ltr'>regionum</span> <span class='ocrx_word' id='word_1_33' title='bbox 863 1645 921 1688; x_wconf 89' lang='lat' dir='ltr'>uec</span> <span class='ocrx_word' id='word_1_34' title='bbox 943 1625 1102 1689; x_wconf 88' lang='lat' dir='ltr'>celeritate</span> <span class='ocrx_word' id='word_1_35' title='bbox 1125 1621 1310 1687; x_wconf 87' lang='lat' dir='ltr'>conficiendi</span> <span class='ocrx_word' id='word_1_36' title='bbox 1325 1644 1384 1687; x_wconf 90' lang='lat' dir='ltr'>nec</span> <span class='ocrx_word' id='word_1_37' title='bbox 1397 1621 1659 1688; x_wconf 78' lang='lat' dir='ltr'>dissimilitudine</span> 
     </span>
     <span class='ocr_line' id='line_1_6' title="bbox 311 1715 1658 1800; baseline -0.005 -16"><span class='ocrx_word' id='word_1_38' title='bbox 311 1720 488 1784; x_wconf 80' lang='lat' dir='ltr'>thellorum</span> <span class='ocrx_word' id='word_1_39' title='bbox 510 1738 604 1799; x_wconf 92' lang='lat' dir='ltr'>posse</span> <span class='ocrx_word' id='word_1_40' title='bbox 627 1717 778 1792; x_wconf 82' lang='lat' dir='ltr'>conferri,</span> <span class='ocrx_word' id='word_1_41' title='bbox 807 1738 866 1781; x_wconf 90' lang='lat' dir='ltr'>uec</span> <span class='ocrx_word' id='word_1_42' title='bbox 888 1738 961 1782; x_wconf 82' lang='lat' dir='ltr'>vero</span> <span class='ocrx_word' id='word_1_43' title='bbox 984 1718 1243 1781; x_wconf 87' lang='lat' dir='ltr'>disiunctissimas</span> <span class='ocrx_word' id='word_1_44' title='bbox 1271 1725 1368 1781; x_wconf 90' lang='lat' dir='ltr'>terras</span> <span class='ocrx_word' id='word_1_45' title='bbox 1390 1718 1484 1782; x_wconf 90' lang='lat' dir='ltr'>citius</span> <span class='ocrx_word' id='word_1_46' title='bbox 1506 1715 1658 1800; x_wconf 88' lang='lat' dir='ltr'>passibus</span> 
     </span>
     <span class='ocr_line' id='line_1_7' title="bbox 334 1810 1658 1895; baseline -0.002 -20"><span class='ocrx_word' id='word_1_47' title='bbox 334 1812 521 1895; x_wconf 89' lang='lat' dir='ltr'>cuiusquam</span> <span class='ocrx_word' id='word_1_48' title='bbox 543 1812 683 1893; x_wconf 87' lang='lat' dir='ltr'>potuisse</span> <span class='ocrx_word' id='word_1_49' title='bbox 705 1813 882 1893; x_wconf 90' lang='lat' dir='ltr'>peragrari,</span> <span class='ocrx_word' id='word_1_50' title='bbox 904 1831 999 1893; x_wconf 90' lang='lat' dir='ltr'>quam</span> <span class='ocrx_word' id='word_1_51' title='bbox 1020 1811 1083 1873; x_wconf 91' lang='lat' dir='ltr'>tuis</span> <span class='ocrx_word' id='word_1_52' title='bbox 1102 1831 1167 1874; x_wconf 93' lang='lat' dir='ltr'>nou</span> <span class='ocrx_word' id='word_1_53' title='bbox 1182 1810 1287 1873; x_wconf 89' lang='lat' dir='ltr'>dicam</span> <span class='ocrx_word' id='word_1_54' title='bbox 1301 1812 1460 1886; x_wconf 79' lang='lat' dir='ltr'>cursibus,</span> <span class='ocrx_word' id='word_1_55' title='bbox 1482 1810 1540 1874; x_wconf 90' lang='lat' dir='ltr'>sed</span> <span class='ocrx_word' id='word_1_56' title='bbox 1554 1810 1658 1872; x_wconf 87' lang='lat' dir='ltr'>victo-</span> 
     </span>
     <span class='ocr_line' id='line_1_8' title="bbox 332 1902 1659 1988; baseline 0 -21"><span class='ocrx_word' id='word_1_57' title='bbox 332 1906 389 1969; x_wconf 87' lang='lat' dir='ltr'>riis</span> <span class='ocrx_word' id='word_1_58' title='bbox 412 1905 560 1968; x_wconf 88' lang='lat' dir='ltr'>lustratae</span> <span class='ocrx_word' id='word_1_59' title='bbox 583 1912 666 1967; x_wconf 87' lang='lat' dir='ltr'>sunt.</span> <span class='ocrx_word' id='word_1_60' title='bbox 706 1902 737 1966; x_wconf 91' lang='grc'>6.</span> <span class='ocrx_word' id='word_1_61' title='bbox 753 1905 842 1979; x_wconf 86' lang='lat' dir='ltr'>Quae</span> <span class='ocrx_word' id='word_1_62' title='bbox 865 1904 994 1988; x_wconf 91' lang='lat' dir='ltr'>quidem</span> <span class='ocrx_word' id='word_1_63' title='bbox 1016 1924 1075 1987; x_wconf 89' lang='lat' dir='ltr'>ego</span> <span class='ocrx_word' id='word_1_64' title='bbox 1097 1906 1157 1968; x_wconf 91' lang='lat' dir='ltr'>nisi</span> <span class='ocrx_word' id='word_1_65' title='bbox 1179 1913 1242 1969; x_wconf 90' lang='lat' dir='ltr'>tam</span> <span class='ocrx_word' id='word_1_66' title='bbox 1263 1925 1375 1988; x_wconf 87' lang='lat' dir='ltr'>magua</span> <span class='ocrx_word' id='word_1_67' title='bbox 1396 1926 1466 1970; x_wconf 87' lang='lat' dir='ltr'>esse</span> <span class='ocrx_word' id='word_1_68' title='bbox 1486 1905 1599 1979; x_wconf 79' lang='lat' dir='ltr'>fatear,</span> <span class='ocrx_word' id='word_1_69' title='bbox 1620 1912 1659 1967; x_wconf 92' lang='lat' dir='ltr'>ut</span> 
     </span>
     <span class='ocr_line' id='line_1_9' title="bbox 333 1997 1659 2082; baseline -0.001 -19"><span class='ocrx_word' id='word_1_70' title='bbox 333 2020 371 2063; x_wconf 89' lang='lat' dir='ltr'>ea</span> <span class='ocrx_word' id='word_1_71' title='bbox 391 2000 446 2062; x_wconf 83' lang='lat' dir='ltr'>vix</span> <span class='ocrx_word' id='word_1_72' title='bbox 467 1999 655 2081; x_wconf 91' lang='lat' dir='ltr'>cuiusquam</span> <span class='ocrx_word' id='word_1_73' title='bbox 675 2017 765 2060; x_wconf 88' lang='lat' dir='ltr'>mens</span> <span class='ocrx_word' id='word_1_74' title='bbox 787 2006 842 2062; x_wconf 92' lang='lat' dir='ltr'>aut</span> <span class='ocrx_word' id='word_1_75' title='bbox 863 1997 1013 2080; x_wconf 90' lang='lat' dir='ltr'>cogitatio</span> <span class='ocrx_word' id='word_1_76' title='bbox 1035 2018 1147 2082; x_wconf 90' lang='lat' dir='ltr'>capere</span> <span class='ocrx_word' id='word_1_77' title='bbox 1169 2001 1285 2081; x_wconf 87' lang='lat' dir='ltr'>possit,</span> <span class='ocrx_word' id='word_1_78' title='bbox 1305 2020 1414 2063; x_wconf 89' lang='lat' dir='ltr'>amens</span> <span class='ocrx_word' id='word_1_79' title='bbox 1434 1999 1510 2063; x_wconf 70' lang='lat' dir='ltr'>dm:</span> <span class='ocrx_word' id='word_1_80' title='bbox 1532 1998 1592 2064; x_wconf 90' lang='lat' dir='ltr'>sed</span> <span class='ocrx_word' id='word_1_81' title='bbox 1609 2006 1659 2062; x_wconf 84' lang='lat' dir='ltr'>ta-</span> 
     </span>
     <span class='ocr_line' id='line_1_10' title="bbox 332 2091 1658 2175; baseline 0.001 -20"><span class='ocrx_word' id='word_1_82' title='bbox 332 2112 405 2156; x_wconf 88' lang='lat' dir='ltr'>men</span> <span class='ocrx_word' id='word_1_83' title='bbox 435 2099 510 2155; x_wconf 86' lang='lat' dir='ltr'>sunt</span> <span class='ocrx_word' id='word_1_84' title='bbox 537 2092 599 2154; x_wconf 91' lang='lat' dir='ltr'>alia</span> <span class='ocrx_word' id='word_1_85' title='bbox 626 2091 752 2154; x_wconf 89' lang='lat' dir='ltr'>maiora.</span> <span class='ocrx_word' id='word_1_86' title='bbox 794 2092 873 2154; x_wconf 90' lang='lat' dir='ltr'>Nam</span> <span class='ocrx_word' id='word_1_87' title='bbox 900 2091 1030 2155; x_wconf 87' lang='lat' dir='ltr'>bellicas</span> <span class='ocrx_word' id='word_1_88' title='bbox 1058 2091 1169 2155; x_wconf 89' lang='lat' dir='ltr'>laudes</span> <span class='ocrx_word' id='word_1_89' title='bbox 1198 2092 1302 2156; x_wconf 87' lang='lat' dir='ltr'>solent</span> <span class='ocrx_word' id='word_1_90' title='bbox 1331 2092 1460 2175; x_wconf 90' lang='lat' dir='ltr'>quidam</span> <span class='ocrx_word' id='word_1_91' title='bbox 1480 2100 1658 2158; x_wconf 86' lang='lat' dir='ltr'>extenuare</span> 
     </span>
     <span class='ocr_line' id='line_1_11' title="bbox 296 2184 1658 2269; baseline 0.003 -25"><span class='ocrx_word' id='word_1_92' title='bbox 296 2186 436 2250; x_wconf 81' lang='lat' dir='ltr'>sorerhis</span> <span class='ocrx_word' id='word_1_93' title='bbox 457 2205 575 2268; x_wconf 90' lang='lat' dir='ltr'>easque</span> <span class='ocrx_word' id='word_1_94' title='bbox 597 2184 761 2248; x_wconf 80' lang='lat' dir='ltr'>detrahere</span> <span class='ocrx_word' id='word_1_95' title='bbox 783 2185 932 2260; x_wconf 86' lang='lat' dir='ltr'>ducibus,</span> <span class='ocrx_word' id='word_1_96' title='bbox 954 2186 1185 2248; x_wconf 89' lang='lat' dir='ltr'>communicare</span> <span class='ocrx_word' id='word_1_97' title='bbox 1207 2206 1278 2248; x_wconf 91' lang='lat' dir='ltr'>cum</span> <span class='ocrx_word' id='word_1_98' title='bbox 1300 2185 1422 2259; x_wconf 91' lang='lat' dir='ltr'>multis,</span> <span class='ocrx_word' id='word_1_99' title='bbox 1443 2203 1485 2249; x_wconf 88' lang='lat' dir='ltr'>ne</span> <span class='ocrx_word' id='word_1_100' title='bbox 1506 2186 1658 2269; x_wconf 88' lang='lat' dir='ltr'>propriae</span> 
     </span>
     <span class='ocr_line' id='line_1_12' title="bbox 333 2278 1658 2363; baseline -0.002 -19"><span class='ocrx_word' id='word_1_101' title='bbox 333 2282 396 2344; x_wconf 89' lang='lat' dir='ltr'>sint</span> <span class='ocrx_word' id='word_1_102' title='bbox 416 2281 658 2363; x_wconf 68' lang='lat' dir='ltr'>imperatorum</span> <span class='ocrx_word' id='word_1_103' title='bbox 684 2287 715 2341; x_wconf 89' lang='lat' dir='ltr'>et</span> <span class='ocrx_word' id='word_1_104' title='bbox 736 2285 820 2340; x_wconf 89' lang='lat' dir='ltr'>certe</span> <span class='ocrx_word' id='word_1_105' title='bbox 842 2278 874 2340; x_wconf 92' lang='lat' dir='ltr'>in</span> <span class='ocrx_word' id='word_1_106' title='bbox 897 2278 992 2341; x_wconf 90' lang='lat' dir='ltr'>armis</span> <span class='ocrx_word' id='word_1_107' title='bbox 1013 2278 1146 2342; x_wconf 90' lang='lat' dir='ltr'>militum</span> <span class='ocrx_word' id='word_1_108' title='bbox 1167 2278 1284 2354; x_wconf 82' lang='lat' dir='ltr'>virtus,</span> <span class='ocrx_word' id='word_1_109' title='bbox 1306 2279 1446 2343; x_wconf 87' lang='lat' dir='ltr'>locorum</span> <span class='ocrx_word' id='word_1_110' title='bbox 1466 2278 1658 2363; x_wconf 86' lang='lat' dir='ltr'>opportuni·</span> 
     </span>
     <span class='ocr_line' id='line_1_13' title="bbox 331 2371 1657 2449; baseline -0.002 -11"><span class='ocrx_word' id='word_1_111' title='bbox 331 2383 396 2449; x_wconf 89' lang='lat' dir='ltr'>tas,</span> <span class='ocrx_word' id='word_1_112' title='bbox 418 2373 537 2437; x_wconf 84' lang='lat' dir='ltr'>auxilia</span> <span class='ocrx_word' id='word_1_113' title='bbox 554 2373 722 2445; x_wconf 90' lang='lat' dir='ltr'>sociorum,</span> <span class='ocrx_word' id='word_1_114' title='bbox 744 2371 872 2445; x_wconf 84' lang='lat' dir='ltr'>classes,</span> <span class='ocrx_word' id='word_1_115' title='bbox 895 2380 1086 2435; x_wconf 87' lang='lat' dir='ltr'>commeatus</span> <span class='ocrx_word' id='word_1_116' title='bbox 1101 2372 1232 2436; x_wconf 87' lang='lat' dir='ltr'>multum</span> <span class='ocrx_word' id='word_1_117' title='bbox 1247 2373 1371 2447; x_wconf 79' lang='lat' dir='ltr'>iuvant3</span> <span class='ocrx_word' id='word_1_118' title='bbox 1392 2374 1564 2436; x_wconf 82' lang='lat' dir='ltr'>maximam</span> <span class='ocrx_word' id='word_1_119' title='bbox 1579 2392 1657 2437; x_wconf 80' lang='lat' dir='ltr'>vero</span> 
     </span>
     <span class='ocr_line' id='line_1_14' title="bbox 331 2463 1657 2551; baseline -0.004 -19"><span class='ocrx_word' id='word_1_120' title='bbox 331 2477 453 2551; x_wconf 90' lang='lat' dir='ltr'>partem</span> <span class='ocrx_word' id='word_1_121' title='bbox 476 2466 567 2549; x_wconf 90' lang='lat' dir='ltr'>quasi</span> <span class='ocrx_word' id='word_1_122' title='bbox 590 2485 647 2529; x_wconf 91' lang='lat' dir='ltr'>suo</span> <span class='ocrx_word' id='word_1_123' title='bbox 669 2465 737 2528; x_wconf 91' lang='lat' dir='ltr'>iure</span> <span class='ocrx_word' id='word_1_124' title='bbox 756 2464 883 2529; x_wconf 85' lang='lat' dir='ltr'>fortuna</span> <span class='ocrx_word' id='word_1_125' title='bbox 897 2464 956 2527; x_wconf 88' lang='lat' dir='ltr'>sihi</span> <span class='ocrx_word' id='word_1_126' title='bbox 973 2465 1109 2528; x_wconf 89' lang='lat' dir='ltr'>vindicat</span> <span class='ocrx_word' id='word_1_127' title='bbox 1122 2474 1169 2540; x_wconf 93' lang='lat' dir='ltr'>et,</span> <span class='ocrx_word' id='word_1_128' title='bbox 1192 2463 1349 2548; x_wconf 90' lang='lat' dir='ltr'>quidquid</span> <span class='ocrx_word' id='word_1_129' title='bbox 1363 2485 1515 2548; x_wconf 91' lang='lat' dir='ltr'>prospere</span> <span class='ocrx_word' id='word_1_130' title='bbox 1528 2474 1657 2548; x_wconf 89' lang='lat' dir='ltr'>gestum</span> 
     </span>
     <span class='ocr_line' id='line_1_15' title="bbox 333 2555 1657 2643; baseline -0.002 -20"><span class='ocrx_word' id='word_1_131' title='bbox 333 2568 398 2635; x_wconf 90' lang='lat' dir='ltr'>est,</span> <span class='ocrx_word' id='word_1_132' title='bbox 418 2561 450 2622; x_wconf 93' lang='lat' dir='ltr'>id</span> <span class='ocrx_word' id='word_1_133' title='bbox 464 2578 566 2642; x_wconf 89' lang='lat' dir='ltr'>paene</span> <span class='ocrx_word' id='word_1_134' title='bbox 581 2578 675 2621; x_wconf 91' lang='lat' dir='ltr'>omne</span> <span class='ocrx_word' id='word_1_135' title='bbox 690 2558 778 2620; x_wconf 89' lang='lat' dir='ltr'>ducit</span> <span class='ocrx_word' id='word_1_136' title='bbox 792 2579 894 2621; x_wconf 90' lang='lat' dir='ltr'>suum.</span> <span class='ocrx_word' id='word_1_137' title='bbox 925 2555 956 2619; x_wconf 88' lang='lat'>7.</span> <span class='ocrx_word' id='word_1_138' title='bbox 971 2559 1012 2618; x_wconf 80' lang='lat' dir='ltr'>At</span> <span class='ocrx_word' id='word_1_139' title='bbox 1026 2577 1099 2622; x_wconf 85' lang='lat' dir='ltr'>vero</span> <span class='ocrx_word' id='word_1_140' title='bbox 1119 2558 1213 2622; x_wconf 91' lang='lat' dir='ltr'>huius</span> <span class='ocrx_word' id='word_1_141' title='bbox 1229 2558 1357 2640; x_wconf 90' lang='lat' dir='ltr'>gloriae,</span> <span class='ocrx_word' id='word_1_142' title='bbox 1373 2558 1405 2621; x_wconf 84' lang='lat' dir='ltr'>C.</span> <span class='ocrx_word' id='word_1_143' title='bbox 1418 2559 1542 2635; x_wconf 88' lang='lat' dir='ltr'>Caesar,</span> <span class='ocrx_word' id='word_1_144' title='bbox 1558 2578 1657 2643; x_wconf 89' lang='lat' dir='ltr'>quam</span> 
     </span>
     <span class='ocr_line' id='line_1_16' title="bbox 295 2651 1658 2737; baseline 0.003 -26"><span class='ocrx_word' id='word_1_145' title='bbox 295 2664 324 2711; x_wconf 77' lang='lat' dir='ltr'>st</span> <span class='ocrx_word' id='word_1_146' title='bbox 333 2673 367 2717; x_wconf 92' lang='lat' dir='ltr'>es</span> <span class='ocrx_word' id='word_1_147' title='bbox 388 2652 484 2737; x_wconf 91' lang='lat' dir='ltr'>paulo</span> <span class='ocrx_word' id='word_1_148' title='bbox 506 2660 579 2717; x_wconf 89' lang='lat' dir='ltr'>ante</span> <span class='ocrx_word' id='word_1_149' title='bbox 597 2651 739 2734; x_wconf 90' lang='lat' dir='ltr'>adeptus,</span> <span class='ocrx_word' id='word_1_150' title='bbox 754 2652 876 2714; x_wconf 91' lang='lat' dir='ltr'>socium</span> <span class='ocrx_word' id='word_1_151' title='bbox 895 2651 994 2714; x_wconf 86' lang='lat' dir='ltr'>hahes</span> <span class='ocrx_word' id='word_1_152' title='bbox 1009 2652 1182 2714; x_wconf 88' lang='lat' dir='ltr'>neminem:</span> <span class='ocrx_word' id='word_1_153' title='bbox 1204 2659 1305 2715; x_wconf 89' lang='lat' dir='ltr'>totum</span> <span class='ocrx_word' id='word_1_154' title='bbox 1319 2651 1392 2726; x_wconf 88' lang='lat' dir='ltr'>hoc,</span> <span class='ocrx_word' id='word_1_155' title='bbox 1414 2660 1658 2736; x_wconf 90' lang='lat' dir='ltr'>quantumcum-</span> 
     </span>
     <span class='ocr_line' id='line_1_17' title="bbox 333 2743 1656 2832; baseline -0.003 -21"><span class='ocrx_word' id='word_1_156' title='bbox 333 2754 481 2832; x_wconf 84' lang='lat' dir='ltr'>quaest,</span> <span class='ocrx_word' id='word_1_157' title='bbox 503 2743 591 2830; x_wconf 91' lang='lat' dir='ltr'>quod</span> <span class='ocrx_word' id='word_1_158' title='bbox 613 2751 698 2807; x_wconf 90' lang='lat' dir='ltr'>certe</span> <span class='ocrx_word' id='word_1_159' title='bbox 721 2745 893 2807; x_wconf 84' lang='lat' dir='ltr'>maximum</span> <span class='ocrx_word' id='word_1_160' title='bbox 916 2753 974 2819; x_wconf 86' lang='lat' dir='ltr'>est,</span> <span class='ocrx_word' id='word_1_161' title='bbox 995 2750 1097 2807; x_wconf 91' lang='lat' dir='ltr'>totum</span> <span class='ocrx_word' id='word_1_162' title='bbox 1119 2754 1177 2820; x_wconf 87' lang='lat' dir='ltr'>est,</span> <span class='ocrx_word' id='word_1_163' title='bbox 1200 2745 1339 2828; x_wconf 91' lang='lat' dir='ltr'>inquam,</span> <span class='ocrx_word' id='word_1_164' title='bbox 1354 2752 1452 2808; x_wconf 91' lang='lat' dir='ltr'>tuum.</span> <span class='ocrx_word' id='word_1_165' title='bbox 1484 2745 1572 2809; x_wconf 88' lang='lat' dir='ltr'>Nihil</span> <span class='ocrx_word' id='word_1_166' title='bbox 1591 2744 1656 2810; x_wconf 92' lang='lat' dir='ltr'>sihi</span> 
     </span>
     <span class='ocr_line' id='line_1_18' title="bbox 333 2836 1655 2924; baseline -0.001 -19"><span class='ocrx_word' id='word_1_167' title='bbox 333 2861 374 2904; x_wconf 83' lang='lat' dir='ltr'>ex</span> <span class='ocrx_word' id='word_1_168' title='bbox 387 2842 447 2905; x_wconf 91' lang='lat' dir='ltr'>ista</span> <span class='ocrx_word' id='word_1_169' title='bbox 459 2838 552 2902; x_wconf 89' lang='lat' dir='ltr'>laude</span> <span class='ocrx_word' id='word_1_170' title='bbox 567 2837 718 2910; x_wconf 90' lang='lat' dir='ltr'>centurio,</span> <span class='ocrx_word' id='word_1_171' title='bbox 733 2838 812 2901; x_wconf 92' lang='lat' dir='ltr'>nihil</span> <span class='ocrx_word' id='word_1_172' title='bbox 827 2838 1018 2921; x_wconf 83' lang='lat' dir='ltr'>praefectus,</span> <span class='ocrx_word' id='word_1_173' title='bbox 1040 2836 1119 2900; x_wconf 87' lang='lat' dir='ltr'>nihil</span> <span class='ocrx_word' id='word_1_174' title='bbox 1134 2837 1257 2913; x_wconf 91' lang='lat' dir='ltr'>cohors,</span> <span class='ocrx_word' id='word_1_175' title='bbox 1279 2839 1360 2903; x_wconf 91' lang='lat' dir='ltr'>nihil</span> <span class='ocrx_word' id='word_1_176' title='bbox 1380 2845 1483 2903; x_wconf 90' lang='lat' dir='ltr'>turma</span> <span class='ocrx_word' id='word_1_177' title='bbox 1498 2839 1655 2924; x_wconf 81' lang='lat' dir='ltr'>decerpit3</span> 
     </span>
     <span class='ocr_line' id='line_1_19' title="bbox 332 2931 1655 3020; baseline -0.001 -22"><span class='ocrx_word' id='word_1_178' title='bbox 332 2936 411 3020; x_wconf 93' lang='lat' dir='ltr'>quin</span> <span class='ocrx_word' id='word_1_179' title='bbox 434 2935 528 2997; x_wconf 90' lang='lat' dir='ltr'>etiam</span> <span class='ocrx_word' id='word_1_180' title='bbox 549 2931 604 2995; x_wconf 88' lang='lat' dir='ltr'>illa</span> <span class='ocrx_word' id='word_1_181' title='bbox 632 2932 701 3013; x_wconf 91' lang='lat' dir='ltr'>ipsa</span> <span class='ocrx_word' id='word_1_182' title='bbox 722 2951 826 2994; x_wconf 91' lang='lat' dir='ltr'>rerum</span> <span class='ocrx_word' id='word_1_183' title='bbox 847 2931 1056 2994; x_wconf 90' lang='lat' dir='ltr'>humanarum</span> <span class='ocrx_word' id='word_1_184' title='bbox 1079 2931 1223 3005; x_wconf 90' lang='lat' dir='ltr'>domina,</span> <span class='ocrx_word' id='word_1_185' title='bbox 1250 2933 1405 3007; x_wconf 88' lang='lat' dir='ltr'>Fortuna,</span> <span class='ocrx_word' id='word_1_186' title='bbox 1433 2934 1467 2997; x_wconf 95' lang='lat' dir='ltr'>in</span> <span class='ocrx_word' id='word_1_187' title='bbox 1489 2933 1581 2997; x_wconf 89' lang='lat' dir='ltr'>istius</span> <span class='ocrx_word' id='word_1_188' title='bbox 1603 2954 1655 2998; x_wconf 91' lang='lat' dir='ltr'>so-</span> 
     </span>
     <span class='ocr_line' id='line_1_20' title="bbox 332 3024 1655 3112; baseline -0.001 -19"><span class='ocrx_word' id='word_1_189' title='bbox 332 3029 479 3093; x_wconf 89' lang='lat' dir='ltr'>cietatem</span> <span class='ocrx_word' id='word_1_190' title='bbox 500 3026 618 3109; x_wconf 90' lang='lat' dir='ltr'>gloriae</span> <span class='ocrx_word' id='word_1_191' title='bbox 640 3045 675 3088; x_wconf 91' lang='lat' dir='ltr'>se</span> <span class='ocrx_word' id='word_1_192' title='bbox 696 3045 760 3088; x_wconf 93' lang='lat' dir='ltr'>non</span> <span class='ocrx_word' id='word_1_193' title='bbox 783 3024 890 3088; x_wconf 86' lang='lat' dir='ltr'>ollert:</span> <span class='ocrx_word' id='word_1_194' title='bbox 922 3025 978 3088; x_wconf 90' lang='lat' dir='ltr'>tihi</span> <span class='ocrx_word' id='word_1_195' title='bbox 1000 3025 1098 3099; x_wconf 88' lang='lat' dir='ltr'>cedit,</span> <span class='ocrx_word' id='word_1_196' title='bbox 1127 3032 1213 3087; x_wconf 90' lang='lat' dir='ltr'>tuam</span> <span class='ocrx_word' id='word_1_197' title='bbox 1234 3044 1304 3087; x_wconf 84' lang='lat' dir='ltr'>esse</span> <span class='ocrx_word' id='word_1_198' title='bbox 1324 3033 1421 3089; x_wconf 85' lang='lat' dir='ltr'>totam</span> <span class='ocrx_word' id='word_1_199' title='bbox 1443 3034 1476 3090; x_wconf 90' lang='lat' dir='ltr'>et</span> <span class='ocrx_word' id='word_1_200' title='bbox 1496 3030 1655 3112; x_wconf 82' lang='lat' dir='ltr'>propriam</span> 
     </span>
     <span class='ocr_line' id='line_1_21' title="bbox 296 3117 1655 3204; baseline -0.001 -21"><span class='ocrx_word' id='word_1_201' title='bbox 296 3122 463 3196; x_wconf 75' lang='lat' dir='ltr'>tofatetur3</span> <span class='ocrx_word' id='word_1_202' title='bbox 485 3139 658 3203; x_wconf 86' lang='lat' dir='ltr'>numquam</span> <span class='ocrx_word' id='word_1_203' title='bbox 679 3120 763 3182; x_wconf 92' lang='lat' dir='ltr'>enim</span> <span class='ocrx_word' id='word_1_204' title='bbox 790 3120 952 3182; x_wconf 86' lang='lat' dir='ltr'>temeritas</span> <span class='ocrx_word' id='word_1_205' title='bbox 973 3138 1045 3181; x_wconf 90' lang='lat' dir='ltr'>cum</span> <span class='ocrx_word' id='word_1_206' title='bbox 1067 3117 1223 3199; x_wconf 83' lang='lat' dir='ltr'>sapientia</span> <span class='ocrx_word' id='word_1_207' title='bbox 1244 3119 1465 3183; x_wconf 86' lang='lat' dir='ltr'>commiscetur</span> <span class='ocrx_word' id='word_1_208' title='bbox 1484 3140 1591 3204; x_wconf 90' lang='lat' dir='ltr'>neque</span> <span class='ocrx_word' id='word_1_209' title='bbox 1613 3120 1655 3183; x_wconf 85' lang='lat' dir='ltr'>ad</span> 
     </span>
     <span class='ocr_line' id='line_1_22' title="bbox 333 3210 1654 3293; baseline -0.002 -14"><span class='ocrx_word' id='word_1_210' title='bbox 333 3215 497 3280; x_wconf 89' lang='lat' dir='ltr'>consilium</span> <span class='ocrx_word' id='word_1_211' title='bbox 518 3233 608 3276; x_wconf 86' lang='lat' dir='ltr'>casus</span> <span class='ocrx_word' id='word_1_212' title='bbox 630 3211 813 3276; x_wconf 84' lang='lat' dir='ltr'>admittitur.</span> <span class='ocrx_word' id='word_1_213' title='bbox 855 3213 909 3275; x_wconf 89' lang='lat' dir='ltr'>lll.</span> <span class='ocrx_word' id='word_1_214' title='bbox 932 3210 963 3274; x_wconf 90' lang='grc'>8.</span> <span class='ocrx_word' id='word_1_215' title='bbox 984 3210 1141 3275; x_wconf 89' lang='lat' dir='ltr'>Domuisti</span> <span class='ocrx_word' id='word_1_216' title='bbox 1164 3217 1273 3293; x_wconf 77' lang='lat' dir='ltr'>gentes</span> <span class='ocrx_word' id='word_1_217' title='bbox 1287 3211 1480 3276; x_wconf 85' lang='lat' dir='ltr'>immanitate</span> <span class='ocrx_word' id='word_1_218' title='bbox 1493 3213 1654 3286; x_wconf 87' lang='lat' dir='ltr'>barbaras,</span> 
     </span>
     <span class='ocr_line' id='line_1_23' title="bbox 333 3302 1655 3389; baseline -0.002 -17"><span class='ocrx_word' id='word_1_219' title='bbox 333 3307 533 3373; x_wconf 91' lang='lat' dir='ltr'>multitudine</span> <span class='ocrx_word' id='word_1_220' title='bbox 554 3306 817 3380; x_wconf 88' lang='lat' dir='ltr'>innumerabiles,</span> <span class='ocrx_word' id='word_1_221' title='bbox 847 3305 928 3370; x_wconf 91' lang='lat' dir='ltr'>locis</span> <span class='ocrx_word' id='word_1_222' title='bbox 948 3302 1103 3379; x_wconf 86' lang='lat' dir='ltr'>infinitas,</span> <span class='ocrx_word' id='word_1_223' title='bbox 1124 3304 1211 3367; x_wconf 92' lang='lat' dir='ltr'>omni</span> <span class='ocrx_word' id='word_1_224' title='bbox 1233 3305 1395 3386; x_wconf 88' lang='lat' dir='ltr'>copiarum</span> <span class='ocrx_word' id='word_1_225' title='bbox 1417 3325 1532 3389; x_wconf 88' lang='lat' dir='ltr'>genere</span> <span class='ocrx_word' id='word_1_226' title='bbox 1553 3306 1655 3369; x_wconf 87' lang='lat' dir='ltr'>ahun·</span> 
     </span>
     <span class='ocr_line' id='line_1_24' title="bbox 333 3398 1654 3482; baseline -0.003 -17"><span class='ocrx_word' id='word_1_227' title='bbox 333 3402 461 3465; x_wconf 84' lang='lat' dir='ltr'>dantes:</span> <span class='ocrx_word' id='word_1_228' title='bbox 484 3398 540 3463; x_wconf 91' lang='lat' dir='ltr'>sed</span> <span class='ocrx_word' id='word_1_229' title='bbox 562 3405 667 3462; x_wconf 90' lang='lat' dir='ltr'>tamen</span> <span class='ocrx_word' id='word_1_230' title='bbox 690 3418 727 3461; x_wconf 92' lang='lat' dir='ltr'>ea</span> <span class='ocrx_word' id='word_1_231' title='bbox 748 3399 870 3473; x_wconf 81' lang='lat' dir='ltr'>vicisti,</span> <span class='ocrx_word' id='word_1_232' title='bbox 893 3418 975 3482; x_wconf 91' lang='lat' dir='ltr'>quae</span> <span class='ocrx_word' id='word_1_233' title='bbox 997 3406 1029 3462; x_wconf 92' lang='lat' dir='ltr'>et</span> <span class='ocrx_word' id='word_1_234' title='bbox 1048 3407 1192 3462; x_wconf 92' lang='lat' dir='ltr'>naturam</span> <span class='ocrx_word' id='word_1_235' title='bbox 1214 3406 1246 3461; x_wconf 92' lang='lat' dir='ltr'>et</span> <span class='ocrx_word' id='word_1_236' title='bbox 1266 3398 1490 3474; x_wconf 88' lang='lat' dir='ltr'>conditionem,</span> <span class='ocrx_word' id='word_1_237' title='bbox 1510 3406 1548 3463; x_wconf 91' lang='lat' dir='ltr'>ut</span> <span class='ocrx_word' id='word_1_238' title='bbox 1567 3400 1654 3464; x_wconf 81' lang='lat' dir='ltr'>vinci</span> 
     </span>
     <span class='ocr_line' id='line_1_25' title="bbox 333 3491 1653 3577; baseline -0.002 -20"><span class='ocrx_word' id='word_1_239' title='bbox 333 3502 479 3577; x_wconf 88' lang='lat' dir='ltr'>possent,</span> <span class='ocrx_word' id='word_1_240' title='bbox 508 3491 682 3567; x_wconf 80' lang='lat' dir='ltr'>habehant3</span> <span class='ocrx_word' id='word_1_241' title='bbox 704 3491 791 3555; x_wconf 89' lang='lat' dir='ltr'>nulla</span> <span class='ocrx_word' id='word_1_242' title='bbox 812 3499 861 3554; x_wconf 90' lang='lat' dir='ltr'>est</span> <span class='ocrx_word' id='word_1_243' title='bbox 882 3492 967 3555; x_wconf 91' lang='lat' dir='ltr'>euim</span> <span class='ocrx_word' id='word_1_244' title='bbox 988 3499 1075 3555; x_wconf 92' lang='lat' dir='ltr'>tanta</span> <span class='ocrx_word' id='word_1_245' title='bbox 1095 3494 1160 3566; x_wconf 87' lang='lat' dir='ltr'>vis,</span> <span class='ocrx_word' id='word_1_246' title='bbox 1182 3512 1265 3576; x_wconf 92' lang='lat' dir='ltr'>quae</span> <span class='ocrx_word' id='word_1_247' title='bbox 1287 3512 1353 3555; x_wconf 92' lang='lat' dir='ltr'>non</span> <span class='ocrx_word' id='word_1_248' title='bbox 1372 3493 1456 3556; x_wconf 79' lang='lat' dir='ltr'>ferro</span> <span class='ocrx_word' id='word_1_249' title='bbox 1479 3501 1512 3557; x_wconf 93' lang='lat' dir='ltr'>et</span> <span class='ocrx_word' id='word_1_250' title='bbox 1532 3493 1653 3556; x_wconf 81' lang='lat' dir='ltr'>viribus</span> 
     </span>
     <span class='ocr_line' id='line_1_26' title="bbox 295 3583 1654 3668; baseline 0.001 -19"><span class='ocrx_word' id='word_1_251' title='bbox 295 3584 489 3650; x_wconf 77' lang='lat' dir='ltr'>sedebilitari</span> <span class='ocrx_word' id='word_1_252' title='bbox 510 3583 678 3668; x_wconf 80' lang='lat' dir='ltr'>frangique</span> <span class='ocrx_word' id='word_1_253' title='bbox 700 3584 811 3668; x_wconf 87' lang='lat' dir='ltr'>possit.</span> <span class='ocrx_word' id='word_1_254' title='bbox 843 3586 993 3648; x_wconf 82' lang='lat' dir='ltr'>Animum</span> <span class='ocrx_word' id='word_1_255' title='bbox 1007 3585 1144 3660; x_wconf 78' lang='lat' dir='ltr'>sineere,</span> <span class='ocrx_word' id='word_1_256' title='bbox 1165 3586 1359 3650; x_wconf 90' lang='lat' dir='ltr'>iracundiam</span> <span class='ocrx_word' id='word_1_257' title='bbox 1375 3586 1534 3661; x_wconf 86' lang='lat' dir='ltr'>cohihere,</span> <span class='ocrx_word' id='word_1_258' title='bbox 1552 3586 1654 3650; x_wconf 78' lang='lat' dir='ltr'>victo·</span> 
     </span>
     <span class='ocr_line' id='line_1_27' title="bbox 332 3677 1652 3764; baseline -0.001 -20"><span class='ocrx_word' id='word_1_259' title='bbox 332 3683 398 3744; x_wconf 89' lang='lat' dir='ltr'>riae</span> <span class='ocrx_word' id='word_1_260' title='bbox 420 3685 607 3762; x_wconf 89' lang='lat' dir='ltr'>temperare,</span> <span class='ocrx_word' id='word_1_261' title='bbox 630 3677 844 3742; x_wconf 87' lang='lat' dir='ltr'>adversarium</span> <span class='ocrx_word' id='word_1_262' title='bbox 866 3679 1041 3754; x_wconf 89' lang='lat' dir='ltr'>nobilitate,</span> <span class='ocrx_word' id='word_1_263' title='bbox 1063 3680 1201 3763; x_wconf 92' lang='lat' dir='ltr'>ingenio,</span> <span class='ocrx_word' id='word_1_264' title='bbox 1223 3681 1338 3744; x_wconf 88' lang='lat' dir='ltr'>virtute</span> <span class='ocrx_word' id='word_1_265' title='bbox 1358 3688 1572 3764; x_wconf 85' lang='lat' dir='ltr'>praestantem</span> <span class='ocrx_word' id='word_1_266' title='bbox 1585 3700 1652 3744; x_wconf 90' lang='lat' dir='ltr'>non</span> 
     </span>
     <span class='ocr_line' id='line_1_28' title="bbox 333 3770 1654 3858; baseline 0.002 -23"><span class='ocrx_word' id='word_1_267' title='bbox 333 3770 427 3835; x_wconf 93' lang='lat' dir='ltr'>modo</span> <span class='ocrx_word' id='word_1_268' title='bbox 455 3770 607 3834; x_wconf 80' lang='lat' dir='ltr'>extollere</span> <span class='ocrx_word' id='word_1_269' title='bbox 637 3772 807 3845; x_wconf 90' lang='lat' dir='ltr'>iacentem,</span> <span class='ocrx_word' id='word_1_270' title='bbox 836 3771 891 3834; x_wconf 88' lang='lat' dir='ltr'>sed</span> <span class='ocrx_word' id='word_1_271' title='bbox 914 3772 1009 3834; x_wconf 92' lang='lat' dir='ltr'>etiam</span> <span class='ocrx_word' id='word_1_272' title='bbox 1031 3770 1221 3856; x_wconf 87' lang='lat' dir='ltr'>amplificare</span> <span class='ocrx_word' id='word_1_273' title='bbox 1243 3776 1311 3837; x_wconf 89' lang='lat' dir='ltr'>eius</span> <span class='ocrx_word' id='word_1_274' title='bbox 1333 3775 1496 3858; x_wconf 89' lang='lat' dir='ltr'>pristinam</span> <span class='ocrx_word' id='word_1_275' title='bbox 1518 3774 1654 3857; x_wconf 88' lang='lat' dir='ltr'>dignita·</span> 
     </span>
     <span class='ocr_line' id='line_1_29' title="bbox 333 3863 1653 3951; baseline 0 -21"><span class='ocrx_word' id='word_1_276' title='bbox 333 3875 411 3940; x_wconf 91' lang='lat' dir='ltr'>tem,</span> <span class='ocrx_word' id='word_1_277' title='bbox 440 3865 519 3928; x_wconf 87' lang='lat' dir='ltr'>haec</span> <span class='ocrx_word' id='word_1_278' title='bbox 541 3863 596 3947; x_wconf 94' lang='lat' dir='ltr'>qui</span> <span class='ocrx_word' id='word_1_279' title='bbox 617 3863 707 3938; x_wconf 84' lang='lat' dir='ltr'>lacit,</span> <span class='ocrx_word' id='word_1_280' title='bbox 735 3872 798 3926; x_wconf 88' lang='lat' dir='ltr'>noir</span> <span class='ocrx_word' id='word_1_281' title='bbox 820 3883 879 3947; x_wconf 89' lang='lat' dir='ltr'>ego</span> <span class='ocrx_word' id='word_1_282' title='bbox 900 3884 974 3929; x_wconf 92' lang='lat' dir='ltr'>eum</span> <span class='ocrx_word' id='word_1_283' title='bbox 996 3886 1067 3929; x_wconf 91' lang='lat' dir='ltr'>cum</span> <span class='ocrx_word' id='word_1_284' title='bbox 1091 3867 1220 3930; x_wconf 89' lang='lat' dir='ltr'>summis</span> <span class='ocrx_word' id='word_1_285' title='bbox 1240 3868 1316 3931; x_wconf 83' lang='lat' dir='ltr'>uiris</span> <span class='ocrx_word' id='word_1_286' title='bbox 1338 3885 1503 3951; x_wconf 89' lang='lat' dir='ltr'>comparo,</span> <span class='ocrx_word' id='word_1_287' title='bbox 1530 3865 1588 3931; x_wconf 90' lang='lat' dir='ltr'>sed</span> <span class='ocrx_word' id='word_1_288' title='bbox 1610 3868 1653 3930; x_wconf 93' lang='lat' dir='ltr'>si·</span> 
     </span>
     <span class='ocr_line' id='line_1_30' title="bbox 333 3954 1653 4041; baseline 0.002 -21"><span class='ocrx_word' id='word_1_289' title='bbox 333 3958 497 4023; x_wconf 90' lang='lat' dir='ltr'>millimum</span> <span class='ocrx_word' id='word_1_290' title='bbox 519 3958 579 4020; x_wconf 94' lang='lat' dir='ltr'>deo</span> <span class='ocrx_word' id='word_1_291' title='bbox 601 3957 718 4021; x_wconf 93' lang='lat' dir='ltr'>iudico.</span> <span class='ocrx_word' id='word_1_292' title='bbox 761 3954 791 4018; x_wconf 85' lang='grc'><strong>9.</strong></span> <span class='ocrx_word' id='word_1_293' title='bbox 812 3959 940 4041; x_wconf 84' lang='lat' dir='ltr'>Itaque,</span> <span class='ocrx_word' id='word_1_294' title='bbox 970 3958 1003 4021; x_wconf 86' lang='lat' dir='ltr'>C.</span> <span class='ocrx_word' id='word_1_295' title='bbox 1027 3960 1156 4034; x_wconf 89' lang='lat' dir='ltr'>Caesar,</span> <span class='ocrx_word' id='word_1_296' title='bbox 1186 3960 1319 4023; x_wconf 86' lang='lat' dir='ltr'>bellicae</span> <span class='ocrx_word' id='word_1_297' title='bbox 1342 3968 1414 4025; x_wconf 92' lang='lat' dir='ltr'>tuae</span> <span class='ocrx_word' id='word_1_298' title='bbox 1435 3959 1546 4024; x_wconf 89' lang='lat' dir='ltr'>laudes</span> <span class='ocrx_word' id='word_1_299' title='bbox 1567 3959 1653 4023; x_wconf 89' lang='lat' dir='ltr'>cele·</span> 
     </span>
    </p>
   </div>
   <div class='ocr_carea' id='block_1_3' title="bbox 275 4360 1652 5921">
    <p class='ocr_par' dir='ltr' id='par_1_3' title="bbox 329 4360 1652 5022">
     <span class='ocr_line' id='line_1_31' title="bbox 395 4360 1649 4428; baseline 0 -13"><span class='ocrx_word' id='word_1_300' title='bbox 395 4364 420 4415; x_wconf 72' lang='lat'>2.</span> <span class='ocrx_word' id='word_1_301' title='bbox 437 4376 526 4428; x_wconf 78' lang='lat' dir='ltr'>repsere</span> <span class='ocrx_word' id='word_1_302' title='bbox 541 4361 736 4413; x_wconf 63' lang='lat' dir='ltr'>cmmemores</span> <span class='ocrx_word' id='word_1_303' title='bbox 751 4361 804 4412; x_wconf 75' lang='grc' dir='ltr'>ΜΤ</span> <span class='ocrx_word' id='word_1_304' title='bbox 818 4388 845 4398; x_wconf 93' lang='lat'>-</span> <span class='ocrx_word' id='word_1_305' title='bbox 865 4361 889 4412; x_wconf 88' lang='grc'><strong>4.</strong></span> <span class='ocrx_word' id='word_1_306' title='bbox 907 4360 1084 4426; x_wconf 65' lang='lat' dir='ltr'>conficiundi*</span> <span class='ocrx_word' id='word_1_307' title='bbox 1098 4388 1125 4398; x_wconf 88' lang='lat'><em>-</em></span> <span class='ocrx_word' id='word_1_308' title='bbox 1144 4363 1168 4410; x_wconf 80' lang='lat'>5.</span> <span class='ocrx_word' id='word_1_309' title='bbox 1187 4365 1269 4412; x_wconf 75' lang='lat' dir='ltr'>imas</span> <span class='ocrx_word' id='word_1_310' title='bbox 1285 4374 1339 4412; x_wconf 91' lang='lat' dir='ltr'>om.</span> <span class='ocrx_word' id='word_1_311' title='bbox 1352 4362 1372 4413; x_wconf 88' lang='grc' dir='ltr'><strong>Τ</strong></span> <span class='ocrx_word' id='word_1_312' title='bbox 1385 4388 1412 4398; x_wconf 97' lang='grc'><strong>-</strong></span> <span class='ocrx_word' id='word_1_313' title='bbox 1430 4361 1511 4428; x_wconf 76' lang='lat' dir='ltr'>citios]</span> <span class='ocrx_word' id='word_1_314' title='bbox 1527 4362 1649 4415; x_wconf 75' lang='lat' dir='ltr'>totiasG:</span> 
     </span>
     <span class='ocr_line' id='line_1_32' title="bbox 331 4435 1652 4501; baseline -0.001 -12"><span class='ocrx_word' id='word_1_315' title='bbox 331 4438 389 4490; x_wconf 83' lang='lat' dir='ltr'>lori.</span> <span class='ocrx_word' id='word_1_316' title='bbox 408 4440 476 4490; x_wconf 82' lang='lat' dir='ltr'>ocius</span> <span class='ocrx_word' id='word_1_317' title='bbox 494 4463 522 4476; x_wconf 93' lang='lat'>-</span> <span class='ocrx_word' id='word_1_318' title='bbox 538 4436 652 4501; x_wconf 69' lang='lat' dir='ltr'>passiones</span> <span class='ocrx_word' id='word_1_319' title='bbox 667 4438 814 4499; x_wconf 67' lang='lat' dir='ltr'>numquam</span> <span class='ocrx_word' id='word_1_320' title='bbox 827 4436 935 4498; x_wconf 78' lang='lat' dir='ltr'>potuisse</span> <span class='ocrx_word' id='word_1_321' title='bbox 951 4437 1074 4487; x_wconf 83' lang='lat' dir='ltr'>GEth:</span> <span class='ocrx_word' id='word_1_322' title='bbox 1098 4435 1336 4498; x_wconf 65' lang='lat' dir='ltr'>pentaspaston</span> <span class='ocrx_word' id='word_1_323' title='bbox 1351 4438 1500 4499; x_wconf 77' lang='lat' dir='ltr'>cuiusquam</span> <span class='ocrx_word' id='word_1_324' title='bbox 1515 4438 1547 4500; x_wconf 71' lang='lat'>1²3</span> <span class='ocrx_word' id='word_1_325' title='bbox 1565 4439 1652 4488; x_wconf 64' lang='lat' dir='ltr'>Mar·</span> 
     </span>
     <span class='ocr_line' id='line_1_33' title="bbox 330 4511 1650 4578; baseline -0.002 -13"><span class='ocrx_word' id='word_1_326' title='bbox 330 4527 406 4576; x_wconf 82' lang='lat' dir='ltr'>quom</span> <span class='ocrx_word' id='word_1_327' title='bbox 419 4514 534 4578; x_wconf 76' lang='lat' dir='ltr'>possitue</span> <span class='ocrx_word' id='word_1_328' title='bbox 544 4513 654 4576; x_wconf 78' lang='lat' dir='ltr'>potuisse</span> <span class='ocrx_word' id='word_1_329' title='bbox 669 4513 689 4562; x_wconf 94' lang='lat'>0</span> <span class='ocrx_word' id='word_1_330' title='bbox 705 4537 731 4548; x_wconf 92' lang='lat'><em>-</em></span> <span class='ocrx_word' id='word_1_331' title='bbox 750 4511 774 4560; x_wconf 83' lang='grc' dir='ltr'>Τ.</span> <span class='ocrx_word' id='word_1_332' title='bbox 792 4511 932 4561; x_wconf 79' lang='lat' dir='ltr'>illustratae</span> <span class='ocrx_word' id='word_1_333' title='bbox 949 4511 1028 4562; x_wconf 85' lang='lat' dir='ltr'>Fth</span> <span class='ocrx_word' id='word_1_334' title='bbox 1046 4538 1074 4548; x_wconf 98' lang='lat'>—</span> <span class='ocrx_word' id='word_1_335' title='bbox 1093 4517 1146 4562; x_wconf 81' lang='lat' dir='ltr'>tom</span> <span class='ocrx_word' id='word_1_336' title='bbox 1162 4512 1227 4562; x_wconf 86' lang='lat' dir='ltr'>GE:</span> <span class='ocrx_word' id='word_1_337' title='bbox 1244 4512 1283 4562; x_wconf 81' lang='lat' dir='ltr'>ita</span> <span class='ocrx_word' id='word_1_338' title='bbox 1300 4512 1396 4563; x_wconf 83' lang='lat' dir='ltr'>FthO</span> <span class='ocrx_word' id='word_1_339' title='bbox 1416 4538 1444 4552; x_wconf 90' lang='lat'>-</span> <span class='ocrx_word' id='word_1_340' title='bbox 1461 4513 1547 4576; x_wconf 68' lang='lat' dir='ltr'>[mar</span> <span class='ocrx_word' id='word_1_341' title='bbox 1562 4526 1614 4564; x_wconf 79' lang='lat' dir='ltr'>esse</span> <span class='ocrx_word' id='word_1_342' title='bbox 1629 4513 1650 4562; x_wconf 89' lang='lat' dir='ltr'>T</span> 
     </span>
     <span class='ocr_line' id='line_1_34' title="bbox 333 4585 1651 4649; baseline -0.001 -9"><span class='ocrx_word' id='word_1_343' title='bbox 333 4616 359 4626; x_wconf 95' lang='grc'><strong>-</strong></span> <span class='ocrx_word' id='word_1_344' title='bbox 379 4591 418 4640; x_wconf 91' lang='grc'><strong>40.</strong></span> <span class='ocrx_word' id='word_1_345' title='bbox 436 4589 569 4640; x_wconf 64' lang='lat' dir='ltr'>eadelm</span> <span class='ocrx_word' id='word_1_346' title='bbox 584 4588 645 4638; x_wconf 85' lang='grc' dir='ltr'>Τ-</span> <span class='ocrx_word' id='word_1_347' title='bbox 662 4585 841 4648; x_wconf 66' lang='lat' dir='ltr'>impropriae</span> <span class='ocrx_word' id='word_1_348' title='bbox 855 4590 913 4636; x_wconf 74' lang='lat' dir='ltr'>aaut</span> <span class='ocrx_word' id='word_1_349' title='bbox 927 4587 947 4635; x_wconf 87' lang='lat' dir='ltr'>T</span> <span class='ocrx_word' id='word_1_350' title='bbox 961 4614 988 4625; x_wconf 81' lang='lat'><em>-</em></span> <span class='ocrx_word' id='word_1_351' title='bbox 1007 4587 1216 4649; x_wconf 64' lang='lat' dir='ltr'>scommatice</span> <span class='ocrx_word' id='word_1_352' title='bbox 1232 4586 1312 4637; x_wconf 81' lang='lat' dir='ltr'>GllT</span> <span class='ocrx_word' id='word_1_353' title='bbox 1330 4614 1358 4622; x_wconf 97' lang='lat'><em>-</em></span> <span class='ocrx_word' id='word_1_354' title='bbox 1377 4587 1417 4637; x_wconf 86' lang='grc'><strong>43.</strong></span> <span class='ocrx_word' id='word_1_355' title='bbox 1434 4588 1551 4639; x_wconf 73' lang='lat' dir='ltr'>maest</span> <span class='ocrx_word' id='word_1_356' title='bbox 1566 4587 1651 4639; x_wconf 84' lang='lat' dir='ltr'>GEli</span> 
     </span>
     <span class='ocr_line' id='line_1_35' title="bbox 333 4660 1652 4726; baseline 0.001 -13"><span class='ocrx_word' id='word_1_357' title='bbox 333 4687 360 4700; x_wconf 90' lang='lat'><em>-</em></span> <span class='ocrx_word' id='word_1_358' title='bbox 374 4665 491 4726; x_wconf 71' lang='lat' dir='ltr'>quicquid</span> <span class='ocrx_word' id='word_1_359' title='bbox 501 4665 551 4714; x_wconf 82' lang='lat' dir='ltr'>MT</span> <span class='ocrx_word' id='word_1_360' title='bbox 562 4661 670 4725; x_wconf 84' lang='lat' dir='ltr'>ubique.</span> <span class='ocrx_word' id='word_1_361' title='bbox 684 4686 711 4695; x_wconf 92' lang='lat'>-</span> <span class='ocrx_word' id='word_1_362' title='bbox 722 4672 841 4722; x_wconf 83' lang='lat' dir='ltr'>prospere</span> <span class='ocrx_word' id='word_1_363' title='bbox 856 4664 952 4725; x_wconf 77' lang='lat' dir='ltr'>gesture</span> <span class='ocrx_word' id='word_1_364' title='bbox 967 4664 1002 4709; x_wconf 81' lang='lat' dir='ltr'>est</span> <span class='ocrx_word' id='word_1_365' title='bbox 1016 4660 1079 4710; x_wconf 81' lang='lat' dir='ltr'>GE:</span> <span class='ocrx_word' id='word_1_366' title='bbox 1101 4666 1136 4712; x_wconf 83' lang='lat' dir='ltr'>eat</span> <span class='ocrx_word' id='word_1_367' title='bbox 1151 4674 1268 4724; x_wconf 75' lang='lat' dir='ltr'>prospem</span> <span class='ocrx_word' id='word_1_368' title='bbox 1277 4664 1372 4726; x_wconf 77' lang='lat' dir='ltr'>geatam</span> <span class='ocrx_word' id='word_1_369' title='bbox 1383 4660 1483 4713; x_wconf 73' lang='lat' dir='ltr'>furo</span> <span class='ocrx_word' id='word_1_370' title='bbox 1495 4688 1524 4700; x_wconf 93' lang='lat'><em>-</em></span> <span class='ocrx_word' id='word_1_371' title='bbox 1537 4662 1579 4714; x_wconf 84' lang='grc'><strong>44.</strong></span> <span class='ocrx_word' id='word_1_372' title='bbox 1591 4662 1652 4713; x_wconf 81' lang='lat' dir='ltr'>dicit</span> 
     </span>
     <span class='ocr_line' id='line_1_36' title="bbox 331 4733 1651 4800; baseline -0.001 -11"><span class='ocrx_word' id='word_1_373' title='bbox 331 4739 395 4788; x_wconf 81' lang='grc' dir='ltr'>Τ-</span> <span class='ocrx_word' id='word_1_374' title='bbox 413 4753 487 4789; x_wconf 82' lang='lat' dir='ltr'>saom</span> <span class='ocrx_word' id='word_1_375' title='bbox 503 4751 556 4788; x_wconf 91' lang='lat' dir='ltr'>om.</span> <span class='ocrx_word' id='word_1_376' title='bbox 574 4737 594 4785; x_wconf 91' lang='lat' dir='ltr'>T</span> <span class='ocrx_word' id='word_1_377' title='bbox 612 4762 639 4771; x_wconf 92' lang='lat'>-</span> <span class='ocrx_word' id='word_1_378' title='bbox 659 4736 699 4785; x_wconf 75' lang='grc'><strong>45.</strong></span> <span class='ocrx_word' id='word_1_379' title='bbox 716 4735 769 4799; x_wconf 78' lang='lat' dir='ltr'>loc]</span> <span class='ocrx_word' id='word_1_380' title='bbox 787 4735 852 4784; x_wconf 80' lang='lat' dir='ltr'>caim</span> <span class='ocrx_word' id='word_1_381' title='bbox 868 4736 887 4784; x_wconf 92' lang='grc' dir='ltr'><strong>Τ</strong></span> <span class='ocrx_word' id='word_1_382' title='bbox 905 4759 932 4769; x_wconf 88' lang='grc'><strong>-</strong></span> <span class='ocrx_word' id='word_1_383' title='bbox 950 4733 993 4784; x_wconf 79' lang='grc'>46,</span> <span class='ocrx_word' id='word_1_384' title='bbox 1010 4740 1045 4784; x_wconf 81' lang='lat' dir='ltr'>cst</span> <span class='ocrx_word' id='word_1_385' title='bbox 1061 4738 1121 4800; x_wconf 89' lang='lat' dir='ltr'>post</span> <span class='ocrx_word' id='word_1_386' title='bbox 1137 4740 1215 4787; x_wconf 85' lang='lat' dir='ltr'>totum</span> <span class='ocrx_word' id='word_1_387' title='bbox 1231 4749 1284 4787; x_wconf 91' lang='lat' dir='ltr'>om.</span> <span class='ocrx_word' id='word_1_388' title='bbox 1302 4736 1322 4786; x_wconf 89' lang='grc' dir='ltr'><strong>Τ</strong></span> <span class='ocrx_word' id='word_1_389' title='bbox 1341 4762 1369 4771; x_wconf 93' lang='grc'>-</span> <span class='ocrx_word' id='word_1_390' title='bbox 1388 4734 1429 4786; x_wconf 82' lang='lat' dir='ltr'>ll.</span> <span class='ocrx_word' id='word_1_391' title='bbox 1447 4736 1651 4788; x_wconf 78' lang='lat' dir='ltr'>emista--de-</span> 
     </span>
     <span class='ocr_line' id='line_1_37' title="bbox 329 4806 1651 4876; baseline -0.001 -13"><span class='ocrx_word' id='word_1_392' title='bbox 329 4815 407 4876; x_wconf 77' lang='lat' dir='ltr'>serpit</span> <span class='ocrx_word' id='word_1_393' title='bbox 422 4813 505 4864; x_wconf 89' lang='lat' dir='ltr'>libere</span> <span class='ocrx_word' id='word_1_394' title='bbox 523 4812 659 4864; x_wconf 83' lang='lat' dir='ltr'>immutata</span> <span class='ocrx_word' id='word_1_395' title='bbox 677 4809 753 4859; x_wconf 79' lang='lat' dir='ltr'>alieri</span> <span class='ocrx_word' id='word_1_396' title='bbox 769 4806 848 4859; x_wconf 89' lang='lat' dir='ltr'>lulius</span> <span class='ocrx_word' id='word_1_397' title='bbox 864 4809 954 4859; x_wconf 85' lang='lat' dir='ltr'>Victor</span> <span class='ocrx_word' id='word_1_398' title='bbox 970 4822 997 4873; x_wconf 92' lang='lat' dir='ltr'>p.</span> <span class='ocrx_word' id='word_1_399' title='bbox 1015 4810 1072 4869; x_wconf 77' lang='lat'>220,</span> <span class='ocrx_word' id='word_1_400' title='bbox 1092 4812 1132 4860; x_wconf 80' lang='lat' dir='ltr'>ts.</span> <span class='ocrx_word' id='word_1_401' title='bbox 1150 4835 1178 4846; x_wconf 94' lang='lat'>-</span> <span class='ocrx_word' id='word_1_402' title='bbox 1197 4811 1238 4861; x_wconf 88' lang='grc'>48.</span> <span class='ocrx_word' id='word_1_403' title='bbox 1255 4811 1313 4872; x_wconf 82' lang='lat' dir='ltr'>ipro</span> <span class='ocrx_word' id='word_1_404' title='bbox 1328 4809 1414 4861; x_wconf 81' lang='lat' dir='ltr'>omli</span> <span class='ocrx_word' id='word_1_405' title='bbox 1433 4834 1461 4844; x_wconf 95' lang='lat'><em>-</em></span> <span class='ocrx_word' id='word_1_406' title='bbox 1479 4810 1508 4860; x_wconf 80' lang='lat' dir='ltr'>is</span> <span class='ocrx_word' id='word_1_407' title='bbox 1522 4810 1594 4862; x_wconf 64' lang='lat' dir='ltr'>iuius</span> <span class='ocrx_word' id='word_1_408' title='bbox 1607 4823 1651 4862; x_wconf 80' lang='lat' dir='ltr'>ao·</span> 
     </span>
     <span class='ocr_line' id='line_1_38' title="bbox 329 4883 1649 4953; baseline -0.003 -15"><span class='ocrx_word' id='word_1_409' title='bbox 329 4890 441 4939; x_wconf 78' lang='lat' dir='ltr'>cieustem</span> <span class='ocrx_word' id='word_1_410' title='bbox 456 4889 553 4953; x_wconf 73' lang='lat' dir='ltr'>gloriae</span> <span class='ocrx_word' id='word_1_411' title='bbox 567 4899 592 4936; x_wconf 86' lang='lat' dir='ltr'>se</span> <span class='ocrx_word' id='word_1_412' title='bbox 603 4885 662 4936; x_wconf 85' lang='lat' dir='ltr'>GE:</span> <span class='ocrx_word' id='word_1_413' title='bbox 680 4897 705 4934; x_wconf 83' lang='lat' dir='ltr'>se</span> <span class='ocrx_word' id='word_1_414' title='bbox 720 4885 748 4933; x_wconf 81' lang='lat' dir='ltr'>io</span> <span class='ocrx_word' id='word_1_415' title='bbox 764 4883 834 4933; x_wconf 78' lang='lat' dir='ltr'>istius</span> <span class='ocrx_word' id='word_1_416' title='bbox 849 4885 988 4935; x_wconf 79' lang='lat' dir='ltr'>societatem</span> <span class='ocrx_word' id='word_1_417' title='bbox 1003 4885 1099 4948; x_wconf 72' lang='lat' dir='ltr'>gloriae</span> <span class='ocrx_word' id='word_1_418' title='bbox 1110 4885 1142 4945; x_wconf 86' lang='lat' dir='ltr'>F;</span> <span class='ocrx_word' id='word_1_419' title='bbox 1161 4885 1303 4935; x_wconf 79' lang='lat' dir='ltr'>ioistiusse</span> <span class='ocrx_word' id='word_1_420' title='bbox 1316 4884 1563 4951; x_wconf 68' lang='lat' dir='ltr'>meiaatemglotiae</span> <span class='ocrx_word' id='word_1_421' title='bbox 1572 4885 1649 4937; x_wconf 82' lang='grc' dir='ltr'>14Το</span> 
     </span>
     <span class='ocr_line' id='line_1_39' title="bbox 332 4957 1651 5022; baseline -0.003 -8"><span class='ocrx_word' id='word_1_422' title='bbox 332 4988 360 5000; x_wconf 89' lang='grc'><strong>-</strong></span> <span class='ocrx_word' id='word_1_423' title='bbox 379 4964 419 5014; x_wconf 83' lang='grc'><strong>49.</strong></span> <span class='ocrx_word' id='word_1_424' title='bbox 437 4964 500 5013; x_wconf 80' lang='lat' dir='ltr'>cedit</span> <span class='ocrx_word' id='word_1_425' title='bbox 516 4963 552 5013; x_wconf 84' lang='lat' dir='ltr'>c:</span> <span class='ocrx_word' id='word_1_426' title='bbox 575 4958 685 5010; x_wconf 82' lang='lat' dir='ltr'>concedit</span> <span class='ocrx_word' id='word_1_427' title='bbox 702 4959 721 5008; x_wconf 92' lang='lat'>0</span> <span class='ocrx_word' id='word_1_428' title='bbox 741 4985 768 4994; x_wconf 92' lang='grc'>-</span> <span class='ocrx_word' id='word_1_429' title='bbox 788 4962 858 5009; x_wconf 74' lang='lat' dir='ltr'>mam</span> <span class='ocrx_word' id='word_1_430' title='bbox 874 4971 923 5008; x_wconf 80' lang='lat' dir='ltr'>esse</span> <span class='ocrx_word' id='word_1_431' title='bbox 940 4957 1067 5022; x_wconf 81' lang='lat' dir='ltr'>(gloriam)</span> <span class='ocrx_word' id='word_1_432' title='bbox 1085 4959 1175 5010; x_wconf 70' lang='lat' dir='ltr'>Fui:</span> <span class='ocrx_word' id='word_1_433' title='bbox 1200 4964 1271 5009; x_wconf 81' lang='lat' dir='ltr'>team</span> <span class='ocrx_word' id='word_1_434' title='bbox 1288 4972 1314 5009; x_wconf 83' lang='lat' dir='ltr'>aa</span> <span class='ocrx_word' id='word_1_435' title='bbox 1329 4971 1379 5009; x_wconf 80' lang='lat' dir='ltr'>esse</span> <span class='ocrx_word' id='word_1_436' title='bbox 1395 4957 1446 5009; x_wconf 83' lang='lat' dir='ltr'>GE</span> <span class='ocrx_word' id='word_1_437' title='bbox 1465 4984 1492 4995; x_wconf 92' lang='lat'><em>-</em></span> <span class='ocrx_word' id='word_1_438' title='bbox 1511 4959 1554 5011; x_wconf 72' lang='lat'>20.</span> <span class='ocrx_word' id='word_1_439' title='bbox 1571 4971 1651 5021; x_wconf 73' lang='lat' dir='ltr'>eoque</span> 
     </span>
    </p>

    <p class='ocr_par' dir='ltr' id='par_1_4' title="bbox 275 5032 1652 5921">
     <span class='ocr_line' id='line_1_40' title="bbox 275 5032 1649 5098; baseline -0.001 -14"><span class='ocrx_word' id='word_1_440' title='bbox 275 5059 277 5084; x_wconf 66' lang='grc' dir='ltr'><strong>ι</strong></span> <span class='ocrx_word' id='word_1_441' title='bbox 330 5039 394 5088; x_wconf 86' lang='lat' dir='ltr'>GE:</span> <span class='ocrx_word' id='word_1_442' title='bbox 411 5050 456 5088; x_wconf 79' lang='lat' dir='ltr'>sec</span> <span class='ocrx_word' id='word_1_443' title='bbox 472 5039 490 5087; x_wconf 84' lang='lat' dir='ltr'>F</span> <span class='ocrx_word' id='word_1_444' title='bbox 499 5035 581 5088; x_wconf 84' lang='lat' dir='ltr'>thO</span> <span class='ocrx_word' id='word_1_445' title='bbox 600 5060 627 5070; x_wconf 92' lang='lat'><em>-</em></span> <span class='ocrx_word' id='word_1_446' title='bbox 645 5034 687 5084; x_wconf 73' lang='lat' dir='ltr'>il.</span> <span class='ocrx_word' id='word_1_447' title='bbox 704 5033 853 5082; x_wconf 71' lang='lat' dir='ltr'>admutotur</span> <span class='ocrx_word' id='word_1_448' title='bbox 868 5032 894 5084; x_wconf 80' lang='lat' dir='ltr'>lt</span> <span class='ocrx_word' id='word_1_449' title='bbox 906 5058 933 5068; x_wconf 99' lang='lat'><em>-</em></span> <span class='ocrx_word' id='word_1_450' title='bbox 952 5033 1068 5083; x_wconf 79' lang='lat' dir='ltr'>domuisti</span> <span class='ocrx_word' id='word_1_451' title='bbox 1083 5039 1165 5098; x_wconf 73' lang='lat' dir='ltr'>pmice</span> <span class='ocrx_word' id='word_1_452' title='bbox 1180 5033 1257 5083; x_wconf 84' lang='lat' dir='ltr'>atiert</span> <span class='ocrx_word' id='word_1_453' title='bbox 1269 5032 1393 5084; x_wconf 87' lang='lat' dir='ltr'>Claudius</span> <span class='ocrx_word' id='word_1_454' title='bbox 1404 5032 1534 5085; x_wconf 85' lang='lat' dir='ltr'>Sacerdos</span> <span class='ocrx_word' id='word_1_455' title='bbox 1544 5034 1577 5098; x_wconf 85' lang='lat'>11,</span> <span class='ocrx_word' id='word_1_456' title='bbox 1589 5034 1649 5084; x_wconf 78' lang='lat' dir='ltr'>iil.</span> 
     </span>
     <span class='ocr_line' id='line_1_41' title="bbox 332 5107 1652 5168; baseline -0.002 -6"><span class='ocrx_word' id='word_1_457' title='bbox 332 5138 358 5147; x_wconf 91' lang='lat'>-</span> <span class='ocrx_word' id='word_1_458' title='bbox 377 5113 418 5162; x_wconf 73' lang='grc' dir='ltr'>ΤΞ,</span> <span class='ocrx_word' id='word_1_459' title='bbox 437 5109 743 5161; x_wconf 70' lang='lat' dir='ltr'>Mouodaomtilli&#39;-</span> <span class='ocrx_word' id='word_1_460' title='bbox 761 5107 802 5158; x_wconf 76' lang='lat'>23.</span> <span class='ocrx_word' id='word_1_461' title='bbox 821 5107 863 5157; x_wconf 76' lang='lat' dir='ltr'>red</span> <span class='ocrx_word' id='word_1_462' title='bbox 878 5112 961 5158; x_wconf 82' lang='lat' dir='ltr'>tamen</span> <span class='ocrx_word' id='word_1_463' title='bbox 977 5121 1007 5158; x_wconf 83' lang='lat' dir='ltr'>ea</span> <span class='ocrx_word' id='word_1_464' title='bbox 1024 5108 1086 5158; x_wconf 86' lang='lat' dir='ltr'>GE:</span> <span class='ocrx_word' id='word_1_465' title='bbox 1105 5120 1136 5159; x_wconf 81' lang='lat' dir='ltr'>ea</span> <span class='ocrx_word' id='word_1_466' title='bbox 1152 5113 1235 5160; x_wconf 73' lang='lat' dir='ltr'>moron</span> <span class='ocrx_word' id='word_1_467' title='bbox 1251 5107 1350 5168; x_wconf 80' lang='lat' dir='ltr'>Thl¹T;</span> <span class='ocrx_word' id='word_1_468' title='bbox 1370 5108 1563 5161; x_wconf 76' lang='lat' dir='ltr'>eaatommil’</span> <span class='ocrx_word' id='word_1_469' title='bbox 1581 5134 1609 5146; x_wconf 90' lang='lat'>-</span> <span class='ocrx_word' id='word_1_470' title='bbox 1627 5112 1652 5159; x_wconf 86' lang='lat' dir='ltr'>et</span> 
     </span>
     <span class='ocr_line' id='line_1_42' title="bbox 328 5176 1649 5246; baseline -0.004 -9"><span class='ocrx_word' id='word_1_471' title='bbox 328 5191 449 5237; x_wconf 79' lang='lat' dir='ltr'>notarem</span> <span class='ocrx_word' id='word_1_472' title='bbox 466 5188 502 5237; x_wconf 90' lang='lat' dir='ltr'>C:</span> <span class='ocrx_word' id='word_1_473' title='bbox 522 5198 575 5236; x_wconf 89' lang='lat' dir='ltr'>om.</span> <span class='ocrx_word' id='word_1_474' title='bbox 594 5185 694 5234; x_wconf 85' lang='lat' dir='ltr'>ctO-</span> <span class='ocrx_word' id='word_1_475' title='bbox 712 5182 949 5232; x_wconf 75' lang='lat' dir='ltr'>condiciooeersT-</span> <span class='ocrx_word' id='word_1_476' title='bbox 969 5187 997 5231; x_wconf 83' lang='lat' dir='ltr'>ut</span> <span class='ocrx_word' id='word_1_477' title='bbox 1013 5182 1244 5232; x_wconf 83' lang='lat' dir='ltr'>ctiomoiocil&#39;-</span> <span class='ocrx_word' id='word_1_478' title='bbox 1261 5176 1649 5246; x_wconf 64' lang='lat' dir='ltr'>ihpossestlsiposseetT-</span> 
     </span>
     <span class='ocr_line' id='line_1_43' title="bbox 329 5255 1648 5320; baseline -0.005 -8"><span class='ocrx_word' id='word_1_479' title='bbox 329 5260 567 5312; x_wconf 79' lang='lat' dir='ltr'>euiia--colsibere</span> <span class='ocrx_word' id='word_1_480' title='bbox 591 5261 618 5308; x_wconf 87' lang='lat' dir='ltr'>et</span> <span class='ocrx_word' id='word_1_481' title='bbox 642 5256 738 5308; x_wconf 90' lang='lat' dir='ltr'>deiude</span> <span class='ocrx_word' id='word_1_482' title='bbox 763 5257 823 5306; x_wconf 79' lang='lat' dir='ltr'>icoc</span> <span class='ocrx_word' id='word_1_483' title='bbox 845 5257 1027 5319; x_wconf 77' lang='lat' dir='ltr'>qut--tsotco</span> <span class='ocrx_word' id='word_1_484' title='bbox 1043 5255 1120 5305; x_wconf 79' lang='lat' dir='ltr'>alieri</span> <span class='ocrx_word' id='word_1_485' title='bbox 1141 5257 1289 5307; x_wconf 86' lang='lat' dir='ltr'>Lactantius</span> <span class='ocrx_word' id='word_1_486' title='bbox 1304 5258 1390 5307; x_wconf 78' lang='lat' dir='ltr'>Dicin.</span> <span class='ocrx_word' id='word_1_487' title='bbox 1406 5257 1513 5307; x_wconf 71' lang='lat' dir='ltr'>lectitat.</span> <span class='ocrx_word' id='word_1_488' title='bbox 1530 5257 1555 5320; x_wconf 90' lang='lat'>1,</span> <span class='ocrx_word' id='word_1_489' title='bbox 1575 5257 1600 5308; x_wconf 87' lang='grc'><strong>9.</strong></span> <span class='ocrx_word' id='word_1_490' title='bbox 1620 5282 1648 5290; x_wconf 97' lang='grc'><strong>-</strong></span> 
     </span>
     <span class='ocr_line' id='line_1_44' title="bbox 328 5328 1648 5395; baseline -0.002 -9"><span class='ocrx_word' id='word_1_491' title='bbox 328 5341 364 5387; x_wconf 82' lang='lat' dir='ltr'>est</span> <span class='ocrx_word' id='word_1_492' title='bbox 380 5349 432 5386; x_wconf 86' lang='lat' dir='ltr'>om.</span> <span class='ocrx_word' id='word_1_493' title='bbox 451 5336 470 5385; x_wconf 83' lang='lat' dir='ltr'>F</span> <span class='ocrx_word' id='word_1_494' title='bbox 488 5360 516 5372; x_wconf 91' lang='lat'>-</span> <span class='ocrx_word' id='word_1_495' title='bbox 535 5337 607 5383; x_wconf 72' lang='lat' dir='ltr'>mota</span> <span class='ocrx_word' id='word_1_496' title='bbox 621 5333 669 5382; x_wconf 79' lang='lat' dir='ltr'>eis.</span> <span class='ocrx_word' id='word_1_497' title='bbox 686 5336 758 5382; x_wconf 75' lang='lat' dir='ltr'>tosto</span> <span class='ocrx_word' id='word_1_498' title='bbox 773 5331 855 5394; x_wconf 82' lang='lat' dir='ltr'>copia.</span> <span class='ocrx_word' id='word_1_499' title='bbox 873 5342 937 5394; x_wconf 84' lang='lat' dir='ltr'>quae</span> <span class='ocrx_word' id='word_1_500' title='bbox 954 5330 1043 5381; x_wconf 79' lang='lat' dir='ltr'>Fur.</span> <span class='ocrx_word' id='word_1_501' title='bbox 1070 5328 1277 5394; x_wconf 79' lang='lat' dir='ltr'>interpolationis</span> <span class='ocrx_word' id='word_1_502' title='bbox 1294 5330 1352 5382; x_wconf 84' lang='lat' dir='ltr'>tous</span> <span class='ocrx_word' id='word_1_503' title='bbox 1369 5331 1410 5381; x_wconf 87' lang='lat' dir='ltr'>est</span> <span class='ocrx_word' id='word_1_504' title='bbox 1425 5344 1452 5395; x_wconf 87' lang='lat' dir='ltr'>p.</span> <span class='ocrx_word' id='word_1_505' title='bbox 1471 5331 1545 5391; x_wconf 82' lang='grc'><strong>44844,</strong></span> <span class='ocrx_word' id='word_1_506' title='bbox 1563 5331 1606 5384; x_wconf 77' lang='lat'>23.</span> <span class='ocrx_word' id='word_1_507' title='bbox 1620 5357 1648 5366; x_wconf 98' lang='lat'><em>-</em></span> 
     </span>
     <span class='ocr_line' id='line_1_45' title="bbox 329 5404 1651 5470; baseline -0.003 -9"><span class='ocrx_word' id='word_1_508' title='bbox 329 5416 352 5461; x_wconf 87' lang='lat' dir='ltr'>et</span> <span class='ocrx_word' id='word_1_509' title='bbox 369 5411 431 5460; x_wconf 87' lang='lat' dir='ltr'>GE:</span> <span class='ocrx_word' id='word_1_510' title='bbox 450 5422 481 5460; x_wconf 82' lang='lat' dir='ltr'>ac</span> <span class='ocrx_word' id='word_1_511' title='bbox 497 5408 606 5459; x_wconf 75' lang='lat' dir='ltr'>Fuso</span> <span class='ocrx_word' id='word_1_512' title='bbox 625 5434 652 5444; x_wconf 93' lang='lat'>-</span> <span class='ocrx_word' id='word_1_513' title='bbox 670 5407 711 5456; x_wconf 78' lang='lat'>25.</span> <span class='ocrx_word' id='word_1_514' title='bbox 727 5404 869 5470; x_wconf 60' lang='lat' dir='ltr'>[reamque]</span> <span class='ocrx_word' id='word_1_515' title='bbox 887 5418 918 5455; x_wconf 83' lang='lat' dir='ltr'>oc</span> <span class='ocrx_word' id='word_1_516' title='bbox 932 5405 1020 5469; x_wconf 73' lang='lat' dir='ltr'>frooqi</span> <span class='ocrx_word' id='word_1_517' title='bbox 1036 5405 1056 5453; x_wconf 89' lang='grc' dir='ltr'><strong>Τ</strong></span> <span class='ocrx_word' id='word_1_518' title='bbox 1073 5429 1101 5439; x_wconf 94' lang='grc'><strong>-</strong></span> <span class='ocrx_word' id='word_1_519' title='bbox 1125 5405 1237 5454; x_wconf 78' lang='lat' dir='ltr'>animam</span> <span class='ocrx_word' id='word_1_520' title='bbox 1252 5418 1311 5456; x_wconf 85' lang='lat' dir='ltr'>vero</span> <span class='ocrx_word' id='word_1_521' title='bbox 1327 5406 1426 5456; x_wconf 73' lang='lat' dir='ltr'>eieeen</span> <span class='ocrx_word' id='word_1_522' title='bbox 1441 5405 1475 5465; x_wconf 66' lang='lat' dir='ltr'>Fi</span> <span class='ocrx_word' id='word_1_523' title='bbox 1493 5411 1520 5456; x_wconf 85' lang='lat' dir='ltr'>ot</span> <span class='ocrx_word' id='word_1_524' title='bbox 1535 5406 1651 5457; x_wconf 67' lang='lat' dir='ltr'>asinus</span> 
     </span>
     <span class='ocr_line' id='line_1_46' title="bbox 327 5479 1648 5544; baseline -0.005 -9"><span class='ocrx_word' id='word_1_525' title='bbox 327 5485 426 5535; x_wconf 81' lang='lat' dir='ltr'>eiecere</span> <span class='ocrx_word' id='word_1_526' title='bbox 441 5483 630 5535; x_wconf 82' lang='lat' dir='ltr'>Lactantius-</span> <span class='ocrx_word' id='word_1_527' title='bbox 647 5482 780 5532; x_wconf 65' lang='lat' dir='ltr'>ricarium</span> <span class='ocrx_word' id='word_1_528' title='bbox 797 5480 905 5540; x_wconf 86' lang='lat' dir='ltr'>GEFO;</span> <span class='ocrx_word' id='word_1_529' title='bbox 922 5481 1017 5530; x_wconf 60' lang='lat' dir='ltr'>oetam</span> <span class='ocrx_word' id='word_1_530' title='bbox 1033 5480 1092 5530; x_wconf 80' lang='grc' dir='ltr'>ΜΤ.</span> <span class='ocrx_word' id='word_1_531' title='bbox 1111 5480 1255 5544; x_wconf 75' lang='lat' dir='ltr'>«Tmsperot</span> <span class='ocrx_word' id='word_1_532' title='bbox 1270 5480 1335 5531; x_wconf 78' lang='lat' dir='ltr'>huic.</span> <span class='ocrx_word' id='word_1_533' title='bbox 1349 5481 1403 5531; x_wconf 85' lang='lat' dir='ltr'>Cic.</span> <span class='ocrx_word' id='word_1_534' title='bbox 1416 5479 1450 5532; x_wconf 90' lang='lat' dir='ltr'>de</span> <span class='ocrx_word' id='word_1_535' title='bbox 1462 5481 1495 5533; x_wconf 82' lang='lat' dir='ltr'>hl.</span> <span class='ocrx_word' id='word_1_536' title='bbox 1510 5479 1648 5535; x_wconf 73' lang='lat' dir='ltr'>Marcello:</span> 
     </span>
     <span class='ocr_line' id='line_1_47' title="bbox 329 5554 1650 5621; baseline -0.004 -12"><span class='ocrx_word' id='word_1_537' title='bbox 329 5560 442 5610; x_wconf 82' lang='lat' dir='ltr'>animum</span> <span class='ocrx_word' id='word_1_538' title='bbox 452 5559 550 5608; x_wconf 77' lang='lat' dir='ltr'>oiocem</span> <span class='ocrx_word' id='word_1_539' title='bbox 560 5562 583 5607; x_wconf 83' lang='lat' dir='ltr'>ct</span> <span class='ocrx_word' id='word_1_540' title='bbox 598 5556 757 5606; x_wconf 67' lang='lat' dir='ltr'>iracundiam</span> <span class='ocrx_word' id='word_1_541' title='bbox 767 5555 885 5616; x_wconf 82' lang='lat' dir='ltr'>cohibere,</span> <span class='ocrx_word' id='word_1_542' title='bbox 901 5555 979 5606; x_wconf 75' lang='lat' dir='ltr'>oictrd</span> <span class='ocrx_word' id='word_1_543' title='bbox 994 5560 1145 5618; x_wconf 61' lang='lat' dir='ltr'>muare»</span> <span class='ocrx_word' id='word_1_544' title='bbox 1156 5556 1300 5607; x_wconf 80' lang='lat' dir='ltr'>Arusianus</span> <span class='ocrx_word' id='word_1_545' title='bbox 1311 5555 1423 5605; x_wconf 81' lang='lat' dir='ltr'>Messius</span> <span class='ocrx_word' id='word_1_546' title='bbox 1434 5567 1461 5621; x_wconf 86' lang='lat' dir='ltr'>p.</span> <span class='ocrx_word' id='word_1_547' title='bbox 1471 5554 1528 5607; x_wconf 76' lang='lat' dir='ltr'>aot.</span> <span class='ocrx_word' id='word_1_548' title='bbox 1548 5558 1650 5621; x_wconf 75' lang='lat' dir='ltr'>«Aper-</span> 
     </span>
     <span class='ocr_line' id='line_1_48' title="bbox 329 5627 1650 5696; baseline -0.004 -12"><span class='ocrx_word' id='word_1_549' title='bbox 329 5638 386 5684; x_wconf 89' lang='lat' dir='ltr'>tum</span> <span class='ocrx_word' id='word_1_550' title='bbox 404 5636 445 5683; x_wconf 89' lang='lat' dir='ltr'>est</span> <span class='ocrx_word' id='word_1_551' title='bbox 461 5631 663 5696; x_wconf 86' lang='lat' dir='ltr'>grammaticum</span> <span class='ocrx_word' id='word_1_552' title='bbox 678 5627 793 5680; x_wconf 86' lang='lat' dir='ltr'>voluisse</span> <span class='ocrx_word' id='word_1_553' title='bbox 809 5629 928 5680; x_wconf 71' lang='lat' dir='ltr'>oiewsiue</span> <span class='ocrx_word' id='word_1_554' title='bbox 943 5635 1095 5693; x_wconf 62' lang='lat' dir='ltr'>meare,</span> <span class='ocrx_word' id='word_1_555' title='bbox 1119 5630 1191 5692; x_wconf 90' lang='lat' dir='ltr'>quod</span> <span class='ocrx_word' id='word_1_556' title='bbox 1208 5631 1328 5682; x_wconf 83' lang='lat' dir='ltr'>Ciceroni</span> <span class='ocrx_word' id='word_1_557' title='bbox 1344 5628 1513 5681; x_wconf 87' lang='lat' dir='ltr'>reddendum</span> <span class='ocrx_word' id='word_1_558' title='bbox 1529 5642 1591 5682; x_wconf 89' lang='lat' dir='ltr'>esse</span> <span class='ocrx_word' id='word_1_559' title='bbox 1608 5630 1650 5679; x_wconf 91' lang='lat' dir='ltr'>iu·</span> 
     </span>
     <span class='ocr_line' id='line_1_49' title="bbox 331 5702 1649 5768; baseline -0.004 -9"><span class='ocrx_word' id='word_1_560' title='bbox 331 5709 416 5759; x_wconf 69' lang='lat' dir='ltr'>dico.»</span> <span class='ocrx_word' id='word_1_561' title='bbox 435 5710 541 5758; x_wconf 81' lang='lat' dir='ltr'>Lissen.</span> <span class='ocrx_word' id='word_1_562' title='bbox 556 5732 583 5743; x_wconf 88' lang='lat'><em>-</em></span> <span class='ocrx_word' id='word_1_563' title='bbox 601 5705 642 5756; x_wconf 75' lang='lat'>28.</span> <span class='ocrx_word' id='word_1_564' title='bbox 659 5705 721 5768; x_wconf 76' lang='lat' dir='ltr'>fecit</span> <span class='ocrx_word' id='word_1_565' title='bbox 737 5704 782 5756; x_wconf 83' lang='lat' dir='ltr'>GE</span> <span class='ocrx_word' id='word_1_566' title='bbox 800 5705 826 5754; x_wconf 89' lang='lat' dir='ltr'>et</span> <span class='ocrx_word' id='word_1_567' title='bbox 837 5702 896 5755; x_wconf 89' lang='lat' dir='ltr'>eod.</span> <span class='ocrx_word' id='word_1_568' title='bbox 909 5705 1042 5755; x_wconf 86' lang='lat' dir='ltr'>Gothanus</span> <span class='ocrx_word' id='word_1_569' title='bbox 1059 5704 1200 5754; x_wconf 75' lang='lat' dir='ltr'>lactantii:</span> <span class='ocrx_word' id='word_1_570' title='bbox 1217 5705 1297 5768; x_wconf 61' lang='lat' dir='ltr'>(mat</span> <span class='ocrx_word' id='word_1_571' title='bbox 1313 5705 1422 5758; x_wconf 79' lang='lat' dir='ltr'>FilTO</span> <span class='ocrx_word' id='word_1_572' title='bbox 1435 5730 1463 5742; x_wconf 95' lang='lat'><em>—</em></span> <span class='ocrx_word' id='word_1_573' title='bbox 1482 5719 1539 5756; x_wconf 77' lang='lat' dir='ltr'>caen</span> <span class='ocrx_word' id='word_1_574' title='bbox 1555 5702 1649 5755; x_wconf 80' lang='lat' dir='ltr'>omli</span> 
     </span>
     <span class='ocr_line' id='line_1_50' title="bbox 332 5777 1649 5843; baseline -0.002 -9"><span class='ocrx_word' id='word_1_575' title='bbox 332 5810 359 5819; x_wconf 93' lang='lat'><em>-</em></span> <span class='ocrx_word' id='word_1_576' title='bbox 377 5785 419 5835; x_wconf 76' lang='lat' dir='ltr'>sed</span> <span class='ocrx_word' id='word_1_577' title='bbox 434 5782 587 5835; x_wconf 75' lang='lat' dir='ltr'>simillimus</span> <span class='ocrx_word' id='word_1_578' title='bbox 601 5782 645 5831; x_wconf 82' lang='lat' dir='ltr'>deo</span> <span class='ocrx_word' id='word_1_579' title='bbox 661 5781 737 5832; x_wconf 81' lang='lat' dir='ltr'>alieri</span> <span class='ocrx_word' id='word_1_580' title='bbox 752 5779 859 5831; x_wconf 84' lang='lat' dir='ltr'>Servius</span> <span class='ocrx_word' id='word_1_581' title='bbox 874 5778 910 5829; x_wconf 88' lang='lat' dir='ltr'>ed</span> <span class='ocrx_word' id='word_1_582' title='bbox 920 5777 1016 5842; x_wconf 78' lang='lat' dir='ltr'>Vergil.</span> <span class='ocrx_word' id='word_1_583' title='bbox 1029 5781 1123 5843; x_wconf 84' lang='lat' dir='ltr'>Georg.</span> <span class='ocrx_word' id='word_1_584' title='bbox 1135 5780 1172 5842; x_wconf 91' lang='lat' dir='ltr'>ll,</span> <span class='ocrx_word' id='word_1_585' title='bbox 1185 5778 1248 5840; x_wconf 81' lang='lat' dir='ltr'>⁴3t;</span> <span class='ocrx_word' id='word_1_586' title='bbox 1265 5778 1416 5833; x_wconf 60' lang='lat' dir='ltr'>mirsam</span> <span class='ocrx_word' id='word_1_587' title='bbox 1431 5779 1477 5835; x_wconf 81' lang='lat' dir='ltr'>doe</span> <span class='ocrx_word' id='word_1_588' title='bbox 1492 5779 1576 5833; x_wconf 72' lang='lat' dir='ltr'>iudico</span> <span class='ocrx_word' id='word_1_589' title='bbox 1590 5778 1649 5831; x_wconf 75' lang='lat' dir='ltr'>Pri·</span> 
     </span>
     <span class='ocr_line' id='line_1_51' title="bbox 330 5853 1261 5921; baseline -0.004 -11"><span class='ocrx_word' id='word_1_590' title='bbox 330 5857 436 5910; x_wconf 59' lang='lat' dir='ltr'>selanus</span> <span class='ocrx_word' id='word_1_591' title='bbox 451 5858 501 5921; x_wconf 73' lang='lat' dir='ltr'>m,</span> <span class='ocrx_word' id='word_1_592' title='bbox 519 5856 548 5921; x_wconf 68' lang='grc'>3,</span> <span class='ocrx_word' id='word_1_593' title='bbox 566 5856 598 5906; x_wconf 63' lang='grc'>48</span> <span class='ocrx_word' id='word_1_594' title='bbox 615 5857 643 5907; x_wconf 60' lang='lat' dir='ltr'>ei</span> <span class='ocrx_word' id='word_1_595' title='bbox 657 5855 749 5919; x_wconf 74' lang='lat' dir='ltr'>xvmp</span> <span class='ocrx_word' id='word_1_596' title='bbox 767 5855 794 5921; x_wconf 52' lang='grc' dir='ltr'>’ρ</span> <span class='ocrx_word' id='word_1_597' title='bbox 811 5854 854 5908; x_wconf 63' lang='lat'>²60</span> <span class='ocrx_word' id='word_1_598' title='bbox 874 5880 902 5895; x_wconf 88' lang='grc'>·“</span> <span class='ocrx_word' id='word_1_599' title='bbox 919 5853 962 5909; x_wconf 58' lang='grc' dir='ltr'>’9ο</span> <span class='ocrx_word' id='word_1_600' title='bbox 978 5853 1184 5909; x_wconf 54' lang='lat' dir='ltr'><strong><em>mmmmm</em></strong></span> <span class='ocrx_word' id='word_1_601' title='bbox 1198 5856 1261 5910; x_wconf 65' lang='grc' dir='ltr'>ΜΤ.</span> 
     </span>
    </p>
   </div>
   <div class='ocr_carea' id='block_1_4' title="bbox 0 0 1904 7350">
    <p class='ocr_par' dir='ltr' id='par_1_5' title="bbox 0 0 1904 7350">
     <span class='ocr_line' id='line_1_52' title="bbox 0 0 1904 7350; baseline 0 1"><span class='ocrx_word' id='word_1_602' title='bbox 0 0 1904 7350; x_wconf 95' lang='lat' dir='ltr'> </span> 
     </span>
    </p>
   </div>
  </div>
 </body>
</html>
