3800 7350
261 1159 265 1166 ⁴
319 1198 402 1268 uos
729 1202 880 1267 omrro
902 1202 1128 1269 rnnnrrcs
1148 1203 1231 1269 xrv.

319 1373 423 1456 potuit
449 1372 568 1436 doloris
595 1374 673 1437 mei:
701 1372 882 1437 contionem
911 1373 1022 1437 babuit
1043 1375 1210 1437 maximam
1236 1372 1357 1456 populo
1380 1375 1521 1437 llomano
1545 1393 1653 1436 unum

320 1474 415 1550 atque
436 1466 520 1529 idem
542 1468 708 1530 sentiente.
745 1469 781 1529 ln
804 1487 867 1551 qua
889 1468 1036 1530 contione
1059 1487 1130 1529 cum
1152 1488 1202 1531 me
1225 1488 1282 1550 pro
1304 1487 1425 1531 summa
1444 1473 1554 1531 nostra
1571 1486 1654 1528 con-

319 1558 481 1622 iunctione
509 1567 542 1623 et
568 1559 778 1625 familiaritate
806 1562 940 1624 liberare
973 1561 1154 1643 suspicione
1181 1560 1314 1624 fascium
1337 1560 1448 1635 vellet,
1479 1581 1544 1623 una
1568 1577 1653 1622 voce

319 1658 431 1714 cuncta
463 1654 569 1717 contio
603 1654 773 1719 declaravit
804 1653 883 1717 nibil
914 1675 985 1717 esse
1015 1674 1033 1718 a
1062 1674 1112 1717 me
1141 1674 1292 1737 umquam
1314 1654 1354 1716 de
1376 1674 1409 1717 re
1431 1653 1561 1738 publica
1584 1652 1652 1716 nisi

295 1745 437 1827 reprime
463 1749 643 1829 cogitatum.
679 1748 753 1812 Post
781 1747 1024 1812 hancbabitam
1047 1747 1228 1811 contionem
1251 1746 1373 1810 duabus
1396 1748 1535 1811 tribusve
1557 1745 1651 1810 horis

318 1840 505 1921 optatissimi
527 1843 632 1906 nuntii
654 1851 686 1906 et
707 1841 828 1905 litterae
850 1849 1020 1905 venerunt:
1048 1851 1083 1905 ut
1110 1841 1194 1904 idem
1216 1841 1284 1904 dies
1305 1861 1371 1905 non
1393 1841 1487 1905 modo
1509 1839 1652 1924 iniquis-

318 1931 397 1995 sima
425 1954 475 1997 me
505 1936 570 1999 invi
597 1936 625 1999 'a
649 1936 801 2011 liberarit,
832 1937 889 1999 sed
911 1935 1005 1999 etiam
1028 1935 1231 1999 celeberrima
1252 1934 1361 2017 populi
1382 1934 1515 1999 Romani
1538 1939 1651 2016 gratu-

318 2023 436 2091 latione
456 2030 590 2092 auxerit.

403 2114 454 2184 l7.
476 2123 562 2186 Haec
584 2145 594 2186 r
619 2123 774 2206 terposui,
796 2129 902 2205 patres
925 2122 1108 2206 conscripti,
1130 2142 1195 2185 non
1219 2129 1281 2185 tam
1304 2129 1340 2184 ut
1360 2140 1418 2203 pro
1440 2141 1491 2185 me
1506 2120 1649 2184 dicerem

282 2219 359 2266 ¹⁰-
380 2215 462 2279 male
491 2218 575 2279 enim
602 2236 726 2280 mecum
755 2223 915 2300 ageretur,
941 2217 968 2279 si
998 2236 1107 2299 parum
1130 2216 1220 2279 vobis
1242 2235 1343 2279 essem
1365 2214 1435 2278 sine
1457 2212 1649 2277 defensione

317 2317 470 2393 purgatus
484 2343 542 2384 .-,
565 2330 660 2394 quam
681 2317 716 2374 ut
739 2310 894 2394 quosdam
917 2309 1012 2372 nimis
1034 2309 1140 2372 ieiuno
1156 2309 1261 2372 animo
1277 2317 1308 2372 et
1321 2317 1454 2392 angusto
1469 2325 1649 2379 monerem,

316 2400 348 2464 id
372 2402 457 2485 qnod
487 2399 612 2502 aner
639 2404 708 2486 ipse
728 2403 891 2479 fecissem,
918 2403 964 2466 uti
987 2402 1211 2466 excellentium
1232 2403 1349 2467 civium
1371 2405 1518 2468 virtutem
1539 2401 1650 2464 imita·

170 2565 175 2576 s
210 2567 213 2572 .
317 2495 404 2558 tione
426 2495 571 2579 dignam,
593 2517 659 2560 non
681 2497 801 2561 invidia
820 2503 979 2582 putarent.
1021 2497 1155 2579 Magnus
1177 2503 1226 2560 est
1246 2497 1280 2559 in
1300 2515 1335 2559 re
1357 2495 1483 2578 publica
1502 2512 1665 2577 campus,·

155 2619 170 2636 ν
186 2591 227 2662 ’.ς
316 2596 352 2650 ut
373 2590 534 2672 sapienter
562 2591 668 2655 dicere
692 2591 821 2655 Crassus
842 2591 981 2666 solebat,
1007 2590 1114 2653 multis
1143 2597 1270 2673 apertus
1297 2610 1408 2653 cursus
1438 2587 1478 2652 ad
1505 2586 1648 2650 laudem.

162 2693 181 2740 ι·
247 2681 261 2751 J
279 2682 385 2745 ⁴⁶VIl.
407 2683 530 2748 Utinam
553 2685 682 2770 quidem
703 2684 750 2747 illi
778 2686 937 2767 principes
959 2686 1118 2759 viverent,
1149 2683 1204 2767 qui
1235 2702 1284 2747 me
1306 2690 1379 2766 post
1400 2702 1504 2745 meum
1527 2701 1648 2745 consu·

159 2835 171 2850 .
206 2827 210 2831 .
318 2775 430 2851 latum,
453 2798 525 2841 cum
547 2780 587 2843 iis
608 2780 677 2864 ipse
700 2778 861 2853 cederem,
883 2779 1060 2861 principem
1081 2797 1145 2839 non
1167 2775 1258 2839 inriti
1280 2776 1446 2840 uidebant!
1476 2777 1545 2839 Hoc
1567 2794 1647 2839 vero

186 2863 190 2868 ’
317 2874 460 2952 tempore
492 2873 525 2934 in
558 2881 645 2936 tanta
672 2873 781 2956 inopia
808 2871 1019 2935 constantium
1049 2878 1081 2934 et
1106 2869 1236 2934 fortium
1265 2869 1477 2934 consularium
1505 2890 1648 2957 quomo

317 2963 428 3028 dolore
450 2964 533 3030 affici
558 2967 703 3041 creditis,
725 2988 797 3030 cum
818 2967 898 3030 alios
920 2963 1003 3030 male
1025 2964 1157 3039 sentire,
1178 2964 1258 3027 alios
1279 2964 1360 3027 nihil
1381 2965 1510 3027 omnino
1532 2982 1648 3027 curare

317 3059 458 3134 rideam,
480 3061 560 3124 alios
582 3081 692 3144 parum
716 3066 899 3125 constanter
920 3059 954 3123 ln
968 3066 1117 3141 suscepta
1131 3073 1224 3121 eausa
1238 3077 1423 3141 permanere
1439 3059 1649 3122 sententiam·

279 3163 380 3237 toque
408 3171 497 3215 suam
525 3174 589 3217 non
618 3175 742 3239 semper
762 3153 895 3217 utilitate
916 3153 964 3216 rei
985 3152 1146 3237 publicae,
1176 3152 1320 3216 sedtum
1343 3173 1413 3236 spe,
1440 3159 1508 3215 tum
1530 3151 1647 3215 timore

317 3247 498 3312 moderari?
541 3218 709 3405 isdouod
738 3249 764 3311 si
795 3247 867 3332 quis
890 3247 930 3311 de
952 3247 1153 3337 contentione
1178 3246 1372 3330 principatus
1394 3245 1532 3320 laborat,
1561 3265 1647 3329 qnae
1734 3330 1738 3334 ι

317 3343 406 3407 nulla
435 3362 505 3405 esse
536 3342 575 3405 de
619 3350 645 3417 t,
679 3342 863 3406 stultissime
884 3341 977 3416 facit,
1011 3341 1038 3404 si
1060 3340 1145 3404 vitiis
1167 3361 1236 3403 cum
1260 3342 1375 3404 virtute
1397 3339 1577 3404 contendit:
1610 3347 1648 3405 ut

319 3440 403 3502 enim
426 3457 519 3501 cursu
542 3457 667 3513 cursus,
690 3437 789 3499 sicin
811 3437 884 3500 viris
905 3435 1041 3498 fortibus
1063 3435 1163 3498 virtus
1184 3435 1299 3499 virtute
1321 3442 1494 3519 superatur.
1531 3437 1595 3509 Tu,
1619 3436 1647 3498 si

320 3554 378 3616 ego
401 3533 440 3596 de
462 3552 495 3594 re
518 3530 644 3613 publica
665 3530 784 3613 optime
806 3530 957 3603 sentiam,
979 3539 1015 3592 ut
1036 3550 1086 3593 me
1108 3530 1231 3604 vincas,
1253 3530 1323 3612 ipse
1345 3529 1481 3612 pessime
1503 3530 1646 3593 senties?

276 3633 306 3682 2⁵
319 3635 389 3702 aut,
411 3627 438 3690 si
460 3625 499 3688 ad
522 3645 572 3688 me
593 3625 749 3688 bonorum
771 3643 959 3688 concursum
982 3622 1051 3687 fieri
1073 3622 1208 3699 videbis,
1230 3623 1270 3688 ad
1292 3632 1323 3687 te
1344 3623 1508 3708 improbos
1529 3623 1647 3688 invita·

317 3722 389 3784 bist
421 3720 561 3794 Nollem,
589 3721 726 3802 primum
748 3720 794 3782 rei
816 3718 1097 3810 publicaeecausa3
1120 3718 1235 3781 deindo
1258 3718 1351 3781 etiam
1372 3717 1535 3801 dignitatis
1557 3724 1644 3781 tuac.

318 3816 381 3878 Sed
402 3815 429 3879 si
452 3812 644 3896 principatus
666 3820 830 3895 ageretur,
853 3810 948 3896 quem
970 3832 1143 3896 numquam
1159 3812 1311 3896 expetivi,
1334 3812 1408 3895 qmd
1423 3812 1552 3874 tandem
1565 3811 1646 3875 mibi

317 3916 402 3972 esset
423 3907 585 3990 optatius?
608 3906 775 3989 egoenim
797 3906 888 3969 melis
911 3905 1076 3970 sententiis
1100 3906 1184 3969 vinci
1206 3927 1270 3969 non
1291 3926 1440 3988 possum,
1467 3906 1559 3970 bonis
1580 3905 1647 3969 for·

317 4003 399 4064 sitan
421 4000 541 4084 possim
563 4008 595 4063 et
616 4000 759 4063 libenter.
805 3996 855 4063 lo.
877 4000 964 4063 Haec
986 4000 1138 4085 populum
1158 4001 1335 4063 Romanum
1357 3999 1479 4076 ridere,
1503 4000 1647 4064 animad-

278 4102 307 4150 ³⁰
319 4104 458 4170 vertere,
480 4094 621 4157 iudicare
644 4093 774 4177 quidam
796 4093 928 4157 moleste
949 4092 1064 4157 ferunt.
1098 4095 1263 4157 Poteratne
1285 4093 1354 4158 fieri
1375 4101 1490 4158 utnon
1508 4093 1645 4177 proinde

316 4189 462 4253 homines
485 4189 523 4252 de
546 4208 691 4272 quoque,
714 4195 749 4250 ut
771 4187 908 4271 quisque
930 4194 1119 4262 mereretur,
1141 4189 1339 4252 iudicarent?
1362 4188 1401 4250 Ut
1418 4189 1502 4251 enim
1518 4189 1557 4251 de
1572 4188 1646 4250 uni-

316 4282 409 4347 v'erso
441 4290 553 4347 senatu
583 4282 722 4365 populus
748 4283 909 4344 Romanus
940 4282 1105 4345 verissime
1134 4281 1268 4356 iudicat,
1301 4281 1397 4345 nullis
1425 4283 1471 4345 rei
1499 4281 1645 4365 publicae

317 4377 511 4461 temporibus
543 4376 628 4439 bunc
659 4376 803 4439 ordinem
831 4374 1005 4438 firmiorem
1032 4384 1087 4438 aut
1113 4374 1276 4439 fortiorem
1300 4375 1415 4451 luisse,
1448 4376 1494 4439 sic
1516 4376 1556 4439 de
1578 4395 1644 4438 uno

318 4491 448 4556 quoquc
470 4477 613 4534 nostrum
635 4476 667 4533 et
688 4471 842 4544 maxime,
864 4471 920 4552 qui
940 4468 1003 4532 hoc
1025 4469 1096 4533 loco
1119 4469 1291 4532 sententies
1310 4469 1459 4544 dicimus,
1481 4469 1646 4533 sciscitan-

279 4570 369 4628 ³5tur
390 4581 513 4640 omnes,
535 4571 630 4628 event
650 4563 762 4627 audire
784 4562 861 4647 quid
878 4563 1015 4648 quisque
1033 4562 1182 4627 senserit:
1203 4564 1247 4627 ita
1262 4564 1301 4627 de
1317 4583 1461 4648 quoque,
1483 4570 1520 4626 ut
1533 4583 1645 4647 quem·

383 4845 406 4894 t.
424 4844 602 4895 contentionem
619 4846 655 4894 tv
674 4869 700 4880 -
723 4845 748 4894 2.
766 4844 944 4894 communes
962 4870 990 4879 -
1011 4856 1051 4893 me
1068 4856 1121 4894 om.
1139 4856 1155 4893 a
1175 4871 1202 4881 -
1220 4849 1308 4893 nostre
1324 4855 1377 4893 om.
1397 4844 1405 4894 i
1423 4870 1450 4879 -
1469 4842 1493 4892 3.
1511 4839 1646 4893 tiberem

319 4947 347 4956 -
365 4920 527 4982 sospiciomm
542 4933 573 4979 v;
591 4920 724 4981 suspitione
740 4919 748 4967 i
766 4943 793 4954 -
813 4932 866 4968 uno
880 4933 939 4970 uoce
956 4932 1009 4969 om.
1028 4933 1043 4969 a
1063 4946 1090 4957 -
1108 4919 1133 4969 l.
1152 4919 1347 4978 coniunctum
1367 4920 1453 4968 iuncta
1469 4931 1526 4968 a-
1544 4920 1568 4969 d.
1582 4933 1645 4969 omr-

294 4995 447 5045 'terrltooem
463 4996 521 5043 atv
540 5019 567 5028 —·
586 4990 696 5042 triburi
715 4993 766 5042 oris
783 4994 793 5041 t
811 5018 838 5027 —
858 4993 882 5042 6.
902 4994 963 5056 tcto.
981 5007 1022 5043 me
1038 4991 1139 5044 abvt:
1160 5007 1198 5044 me
1214 4995 1293 5056 iniqu.
1312 4995 1349 5044 io
1368 5020 1395 5030 -
1414 4995 1438 5044 7.
1456 4994 1573 5044 liberaret
1589 4997 1644 5045 mei

318 5096 345 5106 -
357 5069 571 5134 conpratutoticns
586 5082 604 5117 v
622 5095 649 5105 -
668 5068 691 5117 9,
709 5073 763 5116 tam
780 5079 833 5117 om.
852 5080 881 5127 v;
900 5069 953 5117 tom
970 5070 981 5117 t
999 5095 1026 5104 -
1045 5069 1152 5119 dicmm
1170 5069 1330 5132 Naugerius:
1350 5069 1458 5117 dixerim
1480 5068 1559 5118 codd.
1578 5071 1644 5120 et0

316 5145 406 5204 (etiam
424 5158 453 5205 a,
472 5144 506 5194 de
525 5156 577 5207 quo
595 5141 671 5193 Orelli
689 5143 714 5191 in
731 5154 785 5220 prr.
804 5139 859 5192 sell.
879 5141 974 5193 laisum
990 5141 1099 5204 retulit);
1119 5142 1151 5193 cl.
1170 5143 1203 5193 od
1220 5158 1247 5208 p.
1261 5141 1334 5203 ⁴403,
1352 5144 1377 5192 5.
1392 5168 1418 5177 -
1439 5144 1477 5192 to.
1497 5144 1645 5194 dismtioae

315 5233 332 5268 v
352 5247 378 5256 -
399 5221 438 5269 tt.
452 5219 560 5282 quodam
576 5221 612 5267 tv
628 5244 661 5254 -
676 5231 809 5268 messorem
825 5230 842 5266 v
860 5246 887 5255 -
908 5219 948 5267 η,
967 5231 1012 5282 epo
1028 5222 1196 5281 comportem.
1209 5218 1289 5281 ipssli
1308 5244 1335 5254 -
1355 5216 1394 5268 ll.
1406 5213 1487 5267 dicere
1505 5220 1516 5267 t
1533 5245 1560 5254 -
1580 5218 1642 5269 lort.

316 5295 344 5345 L.
358 5295 501 5345 Crassos-
515 5292 606 5343 solebat
623 5293 726 5344 Crassus
743 5294 751 5343 i
770 5319 796 5329 —
817 5293 857 5343 ld.
875 5293 913 5342 lllt
929 5294 1028 5356 quidm
1044 5295 1055 5343 t
1073 5319 1101 5330 -
1120 5295 1160 5344 ld.
1178 5294 1216 5343 bts
1232 5307 1286 5354 ar;
1306 5295 1423 5343 om.t-
1443 5291 1567 5341 cederem
1583 5305 1598 5343 a
1613 5319 1641 5331 -

317 5370 357 5419 ro.
373 5383 467 5432 pamm
484 5381 536 5418 om.
555 5382 572 5417 v
589 5393 616 5403 —
640 5368 681 5417 20.
699 5382 749 5418 con
763 5373 867 5431 propter
882 5369 1015 5418 altimum
1032 5369 1040 5417 i
1058 5394 1086 5404 -
1104 5369 1147 5418 red
1162 5373 1215 5418 rme
1229 5374 1338 5431 spectum
1354 5370 1378 5423 t;
1397 5368 1439 5417 red
1454 5371 1582 5428 conspecto
1599 5366 1642 5417 ab

315 5444 362 5503 iv;
380 5445 422 5492 sed
437 5457 494 5493 cum
510 5455 552 5505 spe
568 5447 620 5491 trem
637 5443 656 5491 0
675 5468 702 5477 -
722 5444 763 5493 2⁴.
782 5442 933 5493 laborcrsti
952 5469 979 5479 -
1005 5443 1234 5508 puae1quodt-
1254 5443 1375 5506 refacit
1389 5443 1438 5492 cist
1453 5443 1474 5492 εἰ
1490 5442 1570 5492 virtus
1585 5456 1644 5492 cren

315 5531 339 5565 o.
359 5517 367 5566 i
385 5543 412 5552 —
431 5517 472 5568 23.
490 5516 701 5568 insidiasv-
720 5518 761 5569 25.
780 5518 833 5584 cul]
850 5532 911 5569 nam
929 5521 939 5568 t
955 5544 983 5553 -
1003 5517 1123 5568 bonorum
1139 5519 1228 5568 adme
1244 5521 1255 5568 t
1271 5544 1298 5553 -
1318 5520 1513 5568 rncurerma-
1531 5517 1643 5568 bdoel-

315 5591 362 5640 tcm
379 5592 447 5640 mei:
466 5591 542 5641 colim
559 5592 579 5640 0
596 5603 658 5641 cum
677 5592 735 5642 cod.
755 5593 874 5657 lluydec.
895 5619 922 5629 —
941 5593 1035 5655 Made]
1054 5593 1084 5642 de
1100 5594 1111 5641 t
1130 5620 1156 5629 -
1175 5594 1215 5644 27.
1234 5594 1255 5642 rt
1272 5596 1351 5644 om.t
1368 5620 1395 5629 -
1415 5595 1458 5657 qut
1473 5594 1574 5643 leaders
1585 5593 1599 5658 j
1612 5618 1639 5628 -

315 5664 356 5713 28.
374 5669 434 5713 esset
454 5677 507 5715 om.
526 5668 537 5715 t
561 5691 588 5701 -
614 5665 728 5728 optabitis
750 5668 758 5716 i
782 5693 809 5704 -
837 5668 878 5718 29.
895 5675 995 5730 porrum
1012 5668 1023 5715 t
1042 5693 1069 5703 -
1097 5669 1158 5718 boec
1176 5683 1207 5719 .r.
1224 5681 1251 5730 p.
1269 5669 1354 5719 uidere
1375 5669 1567 5718 animadwttte
1582 5670 1594 5717 t
1612 5693 1640 5703 -

315 5738 355 5788 30.
371 5739 477 5800 proinde
493 5742 516 5790 t:
531 5742 636 5804 perinde
652 5739 707 5792 rell.
728 5744 780 5792 mel
797 5746 824 5793 et
841 5744 861 5792 0
878 5769 905 5778 -
930 5743 971 5794 34.
990 5744 1019 5792 de
1036 5744 1185 5793 Ferrarius:
1205 5755 1258 5793 om.
1278 5744 1331 5794 mei
1350 5770 1377 5779 -
1396 5747 1423 5792 ut
1440 5744 1495 5805 quis
1511 5745 1522 5792 t
1540 5769 1567 5779 —
1587 5756 1642 5793 me-

314 5816 385 5862 retur
400 5827 416 5862 a
435 5841 462 5850 -
482 5814 522 5865 32.
540 5821 628 5866 senatu
644 5818 727 5867 duam
741 5832 768 5880 p.
780 5832 803 5868 r.
817 5831 834 5866 u
853 5845 879 5854 -
899 5818 939 5868 33.
958 5824 1003 5868 eut
1020 5818 1114 5867 abit:
1134 5823 1209 5880 mque
1224 5819 1270 5870 νο
1287 5845 1314 5856 -
1332 5816 1373 5869 di.
1392 5820 1544 5869 motantur
1561 5820 1596 5870 tr
1611 5842 1638 5855 -·

315 5886 355 5938 35.
374 5888 440 5950 crud
456 5889 483 5938 ti
502 5916 529 5928 -
548 5891 578 5942 de
593 5903 690 5955 quoque
705 5891 759 5943 bt:
777 5893 970 5957 &unoquoque
986 5893 1074 5942 alvo
1092 5919 1119 5928 -
1139 5894 1230 5956 quique
1247 5893 1266 5943 t.
