3800 7350
313 1170 376 1236 aet
733 1174 884 1240 anano
906 1175 949 1239 lli
970 1177 1004 1239 P.
1025 1175 1223 1242 vasinmu

315 1350 364 1408 tot
391 1342 592 1427 amplissimis
619 1349 651 1407 et
677 1342 792 1408 talibus
812 1346 903 1419 viris,
933 1344 1086 1409 indicium
1106 1345 1230 1419 Vettio,
1256 1348 1396 1429 praemia
1416 1345 1631 1429 amplissimaf
1741 1330 1744 1338 ’

316 1438 430 1522 quibus
458 1436 550 1501 rebus
578 1438 717 1501 omnium
737 1439 916 1503 mortalium
936 1458 1001 1502 nou
1023 1439 1185 1503 voluntate
1207 1439 1263 1503 sed
1284 1440 1427 1503 condeio
1450 1440 1633 1525 repudiatis,

314 1530 489 1613 fregerisne
508 1532 543 1594 iu
564 1550 690 1612 carcere
713 1532 852 1596 cervices
873 1532 934 1618 ipsi
958 1532 1006 1596 illi
1021 1533 1142 1608 Vettio,
1163 1553 1205 1596 ua
1222 1533 1308 1616 quod
1325 1533 1480 1597 indicium
1494 1535 1633 1618 corrupti

314 1624 424 1689 indicii
446 1632 585 1690 exstaret
605 1625 737 1708 eiusque
760 1626 888 1690 sceleris
909 1626 943 1688 iu
965 1633 997 1689 te
1019 1628 1123 1710 ipsum
1145 1628 1289 1710 quaestio
1310 1628 1525 1710 flagitaretur?

291 1729 307 1775 s
399 1714 450 1783 27.
471 1720 512 1781 Et
540 1721 689 1802 quoniam
717 1719 827 1783 crebro
848 1739 984 1805 usurpas
1006 1721 1106 1804 legem
1128 1727 1160 1783 te
1183 1721 1222 1785 de
1244 1721 1376 1785 alternis
1397 1722 1540 1786 consiliis
1560 1723 1635 1787 reii-

315 1812 434 1878 ciandis
455 1812 581 1889 tulisse,
603 1821 639 1877 ut
660 1833 769 1877 omnes
790 1813 969 1897 intelligant
989 1822 1020 1877 te
1041 1834 1082 1877 ne
1103 1821 1187 1877 recte
1209 1815 1339 1897 quidem
1353 1814 1456 1880 facere
1479 1816 1546 1880 siue
1568 1836 1636 1881 soe-

315 1908 379 1972 lere
399 1907 556 1992 potuisse,
582 1927 719 1991 quaero,
748 1928 819 1972 cum
841 1907 895 1972 lex
916 1917 1001 1972 esset
1020 1928 1123 1992 acqua
1144 1908 1340 1993 promulgata
1360 1909 1450 1973 initio
1472 1910 1635 1993 magistra·

313 2007 384 2076 tus,
405 1999 519 2064 multas
540 2002 604 2089 iam
618 2000 697 2065 alias
712 2002 854 2077 tulisses,
876 2003 1126 2087 exspectarisne,
1148 2002 1221 2065 dum
1238 2001 1271 2065 G.
1286 2004 1442 2066 Antonius
1456 2023 1531 2067 reus
1543 2003 1635 2068 fieret

314 2095 397 2180 apud
422 2093 477 2158 Cn.
499 2095 667 2159 Lentulum
683 2095 890 2160 Clodianum?
912 2103 943 2159 et
965 2105 1171 2180 posteaquam
1193 2096 1248 2160 ille
1270 2103 1318 2159 est
1339 2116 1412 2160 reus
1432 2095 1550 2172 factus,
1571 2104 1634 2161 sta·

275 2200 304 2245 ⁴⁰
314 2192 370 2254 tim
391 2190 501 2254 tuleris
523 2190 557 2252 in
579 2209 651 2253 eum
684 2190 758 2273 aqui
786 2197 872 2253 tuam
893 2196 966 2275 post
986 2189 1089 2272 legem
1109 2210 1184 2253 reus
1204 2189 1305 2253 factus
1327 2197 1445 2265 assetus
1476 2198 1513 2254 ut
1536 2191 1632 2255 homo

313 2285 490 2348 consularis
518 2285 665 2347 exclusus
693 2285 790 2347 miser
819 2292 934 2367 puncto
963 2282 1113 2366 temporis
1143 2283 1331 2367 spoliaretur
1351 2281 1506 2348 beneficio
1528 2291 1561 2349 at
1581 2304 1633 2348 ae·

313 2379 433 2462 quitata
454 2377 533 2461 legis
554 2379 650 2441 tuaef
693 2374 744 2439 28.
766 2378 859 2440 Dices
880 2376 1127 2440 familiaritatem
1147 2376 1205 2439 tibi
1227 2377 1325 2440 fuisse
1343 2398 1414 2441 cum
1429 2376 1467 2453 0.
1483 2378 1632 2442 Maxim0.

312 2473 477 2538 Praeclara
498 2461 641 2535 defensio
663 2470 811 2534 facinoris
839 2471 894 2533 tui.
937 2472 1014 2533 Nam
1040 2470 1169 2532 Maximi
1192 2470 1320 2554 quidem
1341 2491 1464 2535 summa
1483 2471 1556 2537 laus
1576 2480 1634 2548 est,

312 2569 445 2652 sumptis
466 2564 660 2638 inimicitiis,
691 2571 837 2648 suscepta
864 2584 976 2637 causa,
1005 2564 1185 2647 quaesitore
1212 2565 1411 2649 consilioque
1433 2564 1557 2630 delecto
1578 2586 1634 2630 reo

275 2669 303 2716 ⁴⁶
312 2661 511 2726 commodum
539 2659 719 2722 reiectionis
750 2657 825 2721 dare
853 2658 1004 2721 noluisse.
1040 2656 1126 2719 Nihil
1147 2658 1302 2722 Maximus
1323 2659 1400 2722 fecit
1419 2659 1559 2724 alienum
1580 2669 1636 2725 aut

312 2777 370 2821 sua
389 2757 504 2819 virtute
526 2759 581 2817 ant
600 2751 664 2815 illis
686 2751 868 2815 clarissimis
890 2750 1011 2825 Paulis,
1033 2750 1196 2826 Maximis,
1217 2752 1389 2828 Africanis,
1412 2774 1546 2836 quorum
1567 2755 1635 2838 glo·

310 2852 392 2915 riam
416 2848 512 2912 huius
539 2847 655 2911 virtute
683 2853 864 2908 renovatam
894 2865 959 2908 uon
988 2844 1082 2909 modo
1113 2865 1293 2928 speramus,
1322 2868 1433 2910 varum
1455 2849 1550 2912 etiam
1571 2850 1635 2913 iam

310 2945 465 3010 videmus.
506 2942 575 3004 Tua
602 2938 705 3014 fraus,
737 2945 827 3002 tuum
855 2936 1061 3014 maleficium,
1093 2945 1181 3002 tuum
1208 2940 1312 3004 scelus
1333 2940 1412 3004 illud
1434 2947 1500 3016 est,
1530 2948 1563 3005 te
1584 2942 1635 3016 id,

311 3037 399 3122 quod
426 3033 661 3120 promulgasses
688 3031 921 3096 misericordiae
942 3032 1087 3107 nomina,
1116 3032 1157 3095 ad
1178 3032 1371 3097 crudelitatis
1391 3038 1516 3118 tempus
1536 3034 1635 3099 distri·

272 3131 395 3195 unsre.
436 3132 482 3194 Ac
511 3147 597 3190 nunc
619 3125 748 3211 quidem
773 3126 806 3188 C.
827 3126 984 3190 Antonius
1005 3126 1065 3190 hac
1086 3145 1152 3191 una
1172 3146 1207 3189 re
1228 3126 1387 3191 miseriam
1409 3147 1499 3191 suam
1521 3147 1634 3193 conso—

310 3224 409 3300 latur,
431 3220 518 3306 quod
538 3220 693 3303 imagines
715 3218 814 3302 patris
835 3227 876 3283 et
888 3218 992 3284 fratris
1014 3220 1064 3283 sui
1079 3219 1248 3304 fratrisque
1261 3220 1360 3286 filiam
1375 3241 1443 3285 nou
1455 3221 1490 3284 iu
1503 3220 1633 3298 familis,

311 3318 421 3383 sedin
444 3334 570 3381 carcere
592 3313 775 3378 collocatam
796 3314 905 3377 audire
929 3312 1041 3376 maluit
1062 3333 1158 3397 quam
1178 3314 1296 3379 videre.

373 3412 443 3475 xll.
467 3407 518 3475 29.
538 3410 580 3472 lit
601 3407 752 3492 quoniam
780 3408 929 3490 pecunias
958 3408 1090 3471 aliorum
1113 3408 1268 3492 despicis,
1300 3409 1340 3472 de
1360 3409 1426 3473 tuis
1445 3409 1563 3476 divitiis
1584 3411 1634 3476 in·

310 3504 553 3570 tolerantissime
575 3501 734 3584 gloriaris,
756 3499 830 3562 volo
852 3501 899 3563 uti
920 3500 1000 3563 mihi
1021 3502 1230 3583 respondeas,
1252 3502 1405 3566 fecerisne
1425 3501 1557 3569 foedera
1577 3506 1634 3569 tri·

272 3599 416 3662 ubuum
436 3597 481 3682 pl.
503 3617 575 3659 cum
597 3594 792 3667 civitatibus,
815 3613 886 3657 cum
906 3593 1144 3677 regibus,·cum
1164 3596 1352 3659 tetrarchis?
1374 3598 1557 3678 erogarisne
1577 3620 1635 3683 pe·

311 3693 420 3757 cuniae
442 3713 484 3755 ex
504 3690 629 3754 4444444
647 3690 710 3752 tuis
725 3688 872 3771 legibus?
895 3689 1091 3772 eripuerisne
1106 3697 1210 3770 partes
1226 3690 1281 3752 illo
1297 3698 1440 3773 tempora
1454 3692 1634 3757 carissimas

309 3786 424 3870 partim
446 3805 465 3849 a
489 3783 638 3856 Caesare,
666 3782 779 3864 partim
802 3801 821 3846 a
842 3781 1044 3864 publicanis?
1074 3780 1163 3857 Quae
1185 3803 1256 3861 cum
1279 3785 1322 3848 ita
1343 3784 1423 3857 sint,
1451 3805 1571 3868 quaero
1593 3807 1635 3851 ex

309 3888 356 3956 ta,
378 3881 464 3944 sisne
486 3898 528 3942 ex
548 3876 748 3960 pauperrimo
770 3874 857 3940 dives
879 3875 980 3939 factus
1002 3875 1057 3938 illo
1080 3876 1149 3956 ipso
1175 3897 1273 3953 anno,
1297 3896 1361 3962 quo
1383 3878 1438 3941 lex
1456 3878 1518 3944 lata
1532 3889 1581 3945 est
1594 3882 1634 3944 de

309 3973 454 4059 pecuniis
486 3969 670 4054 repetundis
697 3970 868 4032 acerrima:
901 3976 936 4033 ut
964 3989 1073 4033 omues
1102 3969 1278 4053 intelligere
1307 3979 1441 4055 possent
1470 3992 1490 4037 a
1516 3982 1547 4038 te
1570 3996 1633 4040 non

271 4067 405 4132 eomodo
426 4072 536 4130 nostra
558 4069 644 4137 acta,
666 4082 748 4146 quos
769 4071 921 4146 tyrannos
942 4082 1055 4138 vocas,
1078 4062 1134 4126 sed
1156 4065 1250 4127 etiam
1272 4065 1452 4129 amicissimi
1469 4069 1516 4131 tui
1530 4069 1633 4153 legem

310 4180 380 4225 arse
402 4165 631 4241 contemptam:
653 4158 737 4240 apud
759 4177 855 4241 quem
876 4166 912 4221 tu
934 4158 1028 4221 etiam
1050 4177 1110 4220 nos
1131 4158 1291 4234 criminari
1312 4159 1412 4232 soles,
1434 4161 1491 4243 qui
1511 4163 1559 4226 illi
1581 4183 1634 4226 su·

309 4273 380 4316 mus
401 4251 601 4326 amicissimi,
624 4271 695 4314 cum
718 4259 752 4313 tu
767 4252 796 4314 ei
812 4251 1129 4315 contumeliosissime
1145 4253 1260 4316 totiens
1274 4251 1462 4328 maledicas,
1484 4256 1633 4340 quotiens

309 4353 341 4409 te
362 4345 410 4409 illi
432 4345 558 4409 affinem
581 4363 650 4408 esse
672 4343 761 4408 dicis.

375 4598 400 4647 4.
418 4595 576 4658 miseseriis
591 4593 690 4646 delevit
706 4594 798 4646 Lamb.
817 4596 844 4647 iu
859 4608 943 4660 marg.
962 4595 1006 4648 ed.
1024 4595 1097 4648 4584.
1118 4621 1146 4633 -
1164 4595 1281 4646 inditiis»
1296 4598 1361 4656 PG;
1379 4596 1455 4649 indict
1472 4599 1492 4651 0
1509 4612 1572 4653 cum
1589 4601 1632 4654 ed.

308 4672 376 4723 lunt.
403 4672 442 4723 Cf.
460 4671 572 4734 Madvig.
592 4683 618 4734 p.
637 4670 685 4720 547
702 4683 743 4734 sq.
762 4695 790 4707 ·-
813 4673 977 4734 amplissume
992 4673 1012 4722 P
1032 4697 1065 4709 -
1087 4671 1112 4721 2.
1130 4670 1238 4720 44444444
1253 4672 1310 4722 PG.
1334 4670 1373 4722 cl.
1392 4669 1592 4728 Fleckeiseuum
1607 4678 1636 4729 lu

307 4746 372 4796 Noc.
389 4749 455 4798 Mus.
473 4747 548 4796 444444.
567 4745 635 4805 VMI,
653 4758 680 4809 p.
698 4745 755 4797 434.
775 4770 804 4782 -
823 4745 847 4796 i.
866 4748 943 4796 444444
959 4751 1057 4797 uteret
1073 4747 1122 4797 PG
1140 4771 1167 4780 -
1186 4746 1211 4795 5.
1229 4750 1253 4795 ts
1268 4746 1307 4808 ds]
1323 4746 1398 4796 coede
1414 4747 1436 4796 G
1453 4773 1482 4784 —
1500 4748 1525 4800 3.
1542 4751 1635 4802 esais

307 4822 451 4883 pamu-
472 4820 497 4869 4.
515 4823 805 4882 4444444444444.
823 4819 1068 4872 Lambinus-8.
1086 4816 1333 4872 museum:
1353 4821 1633 4889 manuascae&

307 4893 401 4943 multus
416 4895 492 4944 444444
508 4895 567 4954 5ος
585 4907 611 4945 v.
630 4894 715 4946 Madv.
734 4909 760 4959 p.
779 4897 836 4948 548.
856 4923 884 4935 -
903 4897 1074 4959 aperiamus
1090 4897 1111 4946 G
1126 4922 1160 4932 —
1175 4896 1235 4945 dum
1251 4895 1331 4948 edd:
1349 4909 1407 4947 casu
1423 4897 1502 4949 444444.
1520 4902 1585 4953 noti.
1604 4927 1632 4938 -

309 4967 350 5017 40.
368 4967 598 5033 asuleomi’pr.
617 4980 653 5019 m.
674 4995 702 5006 ·-
722 4970 1032 5035 tibeaepttoP-tt.
1051 4970 1236 5035 0.]44444-
1256 4970 1636 5048 tidslsctcrcogommoaura

307 5043 448 5094 4444444οηί4
471 5043 582 5107 scripsi:
607 5041 697 5094 44444444
714 5073 738 5100 η
753 5041 893 5096 cdmodiore
916 5046 1027 5096 {actiosus
1041 5048 1085 5105 P¹;
1109 5046 1135 5096 in
1152 5046 1270 5109 margine
1288 5049 1349 5097 ante
1365 5047 1476 5098 tutiensis
1491 5062 1528 5102 m.
1546 5052 1572 5101 2.
1589 5064 1635 5102 rs·

309 5119 428 5170 certiore
446 5118 579 5170 adiectum
597 5119 652 5168 ast:
670 5119 770 5170 inimico
786 5134 831 5171 444
847 5117 960 5172 conticui
977 5133 1019 5180 νος
1037 5121 1127 5172 44444444
1143 5122 1309 5172 commodiore
1325 5121 1426 5172 44444444
1437 5134 1483 5174 sao
1497 5126 1636 5177 4444444444

308 5190 332 5254 (4
348 5204 418 5243 corr.
436 5194 463 5243 in
482 5188 506 5256 ὅ)
529 5193 667 5243 calcedonis
683 5195 706 5258 (4
722 5209 791 5246 corr.
810 5197 836 5247 in
853 5198 876 5259 4)
895 5198 929 5255 G;
954 5197 1056 5256 4444444,
1078 5197 1269 5247 commatici-cm
1289 5197 1389 5246 44444444
1411 5209 1455 5248 suo
1471 5201 1635 5253 cardiacam

306 5266 446 5318 4444444444
461 5270 491 5319 0.
517 5269 555 5320 Cf.
575 5281 643 5332 quaa
661 5270 771 5322 deloco
793 5273 820 5324 iu
836 5275 910 5324 Novo
927 5273 994 5324 Mus.
1013 5273 1095 5323 [then.
1114 5270 1131 5322 l.
1151 5285 1174 5322 4.
1193 5286 1220 5336 p.
1237 5271 1281 5324 344
1304 5285 1345 5336 eq.
1364 5272 1447 5324 fusius
1465 5277 1583 5339 exposui.
1603 5300 1631 5311 -

308 5340 349 5391 45.
366 5344 496 5393 Maeones
512 5344 574 5394 PG:
594 5344 623 5406 0.
641 5345 770 5395 Maximae
787 5348 807 5396 0
824 5361 857 5397 ex
874 5345 987 5398 lectione
1005 5345 1082 5396 codd.
1102 5346 1166 5396 dett.
1187 5347 1311 5410 (etiams)
1328 5347 1451 5410 uiditqua3
1469 5351 1497 5399 nt
1507 5364 1533 5401 v.
1545 5350 1632 5402 Madv.

307 5426 334 5478 p.
353 5416 410 5468 548.
431 5444 459 5454 ·-
483 5417 523 5468 ts.
542 5417 591 5467 44444
613 5419 650 5468 G:
677 5420 743 5470 444444
759 5423 794 5482 Ρ;
821 5422 870 5471 illis
889 5423 952 5473 ciria
973 5421 1034 5472 edd.
1056 5434 1088 5472 ex
1109 5420 1223 5472 lectione
1246 5420 1403 5486 interpolata
1419 5422 1499 5475 codd.
1517 5424 1584 5476 dett.
1604 5451 1632 5465 -

306 5490 436 5544 Paulliso
455 5520 483 5531 —
501 5493 706 5545 4444444444)-
725 5497 940 5559 offrtcuutsG-
959 5498 999 5547 44.
1017 5497 1138 5546 umam.
1158 5498 1179 5547 G
1198 5524 1224 5533 -
1244 5497 1520 5562 luculentiam-
1539 5499 1636 5551 4444-

306 5577 363 5616 mas
379 5569 400 5618 G
419 5593 447 5603 -
465 5569 507 5619 20.
525 5569 590 5618 44444
607 5567 664 5632 (1444.
676 5583 694 5618 o
711 5571 813 5635 erp.)P
832 5596 859 5606 -
878 5573 919 5622 44.
937 5571 1084 5622 educatam
1100 5573 1149 5621 PG
1168 5570 1225 5635 (sed
1241 5573 1261 5622 Ρ
1277 5571 1367 5633 cordi:
1385 5572 1519 5624 4444444444
1535 5575 1555 5625 0
1573 5586 1635 5625 cum

308 5639 352 5691 ed.
370 5639 444 5704 Md.;
464 5645 492 5692 44
507 5655 533 5692 v.
552 5641 638 5694 Madv.
657 5657 684 5708 p.
703 5645 760 5695 549.
778 5671 812 5683 -
828 5660 904 5708 pacm
921 5649 940 5698 P
958 5659 1027 5698 corr.
1047 5659 1079 5697 ex
1096 5651 1175 5706 queat
1194 5673 1220 5684 -
1247 5646 1288 5697 2⁵.
1306 5646 1465 5712 mm1ouG
1483 5675 1511 5687 ·-
1529 5649 1636 5700 utiam·-
1709 5680 1717 5689 -

307 5715 395 5767 cdiaG
414 5744 442 5754 -
459 5718 501 5768 26.
516 5718 601 5780 portia
616 5720 666 5769 PG
685 5745 712 5754 -
731 5720 772 5771 28.
791 5721 1034 5786 illo--repetundis
1049 5719 1211 5777 habeta-
1229 5733 1278 5782 quo
1294 5723 1361 5772 AG:
1380 5723 1517 5785 quodP-
1536 5723 1638 5787 4444

307 5791 378 5841 esuis
393 5792 413 5841 P
431 5816 459 5827 -
477 5793 684 5857 uoedsgaaPG
703 5819 730 5831 -
749 5795 790 5846 34.
808 5797 912 5850 soletP¹
930 5825 959 5836 ·-
979 5797 1020 5850 32.
1038 5798 1183 5848 cottonem
1198 5796 1452 5849 maudicaa--dirt'a
1467 5798 1586 5851 habeti
1606 5826 1635 5837 -

308 5864 390 5915 etG¹z
409 5872 433 5918 44
448 5865 547 5920 1²0¹-
566 5869 654 5922 4444444
668 5871 753 5922 APG:
771 5871 876 5923 witero
895 5873 1052 5937 -quoaau
1066 5873 1130 5927 AP:
1149 5872 1345 5937 wuoran-
1362 5871 1405 5926 33.
1422 5873 1602 5939 spamae.
