3800 7350
285 1223 348 1289 780
711 1226 863 1292 ΟΒΑΤΙΟ
885 1227 965 1293 PRO
987 1229 1021 1293 P.
1044 1226 1171 1295 SULLA

287 1396 457 1460 amicorum
480 1396 642 1480 gregibus,
664 1398 837 1462 reiioietis?
859 1418 900 1461 er
921 1397 982 1461 hoo
1003 1396 1167 1462 bominum
1182 1417 1329 1474 numero,
1351 1418 1392 1460 er
1405 1396 1464 1462 hac
1477 1396 1611 1463 familia·

287 1491 367 1554 rium
389 1492 541 1573 dignitate
571 1493 604 1555 in
630 1492 800 1574 impiorum
822 1502 942 1575 partem
964 1499 1059 1576 atque
1082 1494 1115 1556 in
1137 1491 1364 1575 parricidarum
1385 1492 1493 1555 sedem
1514 1500 1611 1575 atque

287 1603 452 1647 numerum
474 1584 693 1649 transferretis?
723 1586 783 1649 Ubi
805 1587 864 1649 erit
885 1586 980 1668 igitur
1000 1586 1079 1651 illud
1103 1584 1315 1649 firmissimum
1338 1585 1530 1669 praesidium
1552 1606 1611 1668 pu-

288 1677 394 1742 doris‘l
416 1699 480 1762 quo
501 1680 536 1742 in
556 1678 626 1742 loco
648 1679 741 1743 nohis
761 1680 827 1743 vita
848 1686 920 1742 ante
943 1689 1012 1743 acta
1034 1680 1196 1764 proderiti
1227 1678 1315 1763 quod
1336 1679 1376 1742 ad
1398 1686 1523 1761 tempus
1545 1679 1612 1741 exi·

263 1770 475 1835 animationis
497 1779 605 1855 partae
625 1770 745 1836 fmctus
767 1773 992 1848 reservabitur,
1014 1775 1042 1837 si
1063 1793 1127 1837 non
1145 1778 1288 1836 extreme
1310 1771 1492 1835 discrimine
1512 1790 1549 1834 ac
1564 1769 1611 1833 di·

287 1864 456 1928 micatione
477 1866 622 1930 fortunae
645 1866 822 1930 deserviet?
845 1869 871 1931 si
893 1887 960 1930 nen
980 1868 1103 1932 aderiti
1125 1868 1152 1932 si
1175 1866 1256 1930 nihil
1277 1866 1458 1930 adiuvabit?

370 1955 422 2020 78.
444 1959 655 2035 Quaestiones
677 1960 768 2024 nobis
789 1982 953 2025 servorum
967 1971 1130 2026 accusator
1150 1970 1182 2025 et
1203 1968 1359 2025 tormenta
1381 1961 1556 2036 minitatur;
1578 1959 1612 2023 in

180 2126 186 2142 ι
288 2051 405 2136 quibus
426 2071 619 2136 quamquam
640 2053 718 2116 nihil
740 2056 870 2137 periculi
893 2057 1104 2139 suspicamur,
1125 2064 1231 2120 tanim
1252 2054 1309 2119 illa
1329 2062 1485 2119 tormenta
1499 2054 1613 2137 guber-

287 2154 342 2211 nat
368 2147 474 2222 dolor,
501 2147 682 2210 moderatur
711 2157 822 2212 natura
843 2150 997 2232 cuiusque
1020 2169 1092 2211 cum
1113 2149 1228 2223 animi,
1255 2157 1321 2211 tum
1345 2148 1503 2232 corporis,
1531 2148 1613 2231 regit

251 2252 278 2300 44
288 2242 466 2325 quaesitor,
488 2240 587 2305 flectit
608 2240 721 2317 libido,
744 2244 915 2326 corrumpit
935 2264 1026 2326 spes,
1048 2241 1184 2306 infirmat
1197 2251 1316 2317 metus,
1338 2250 1374 2304 ut
1395 2242 1428 2305 in
1447 2250 1493 2306 tot
1506 2263 1612 2307 rerum

287 2334 440 2417 anqustiis
469 2335 550 2398 nihil
577 2336 702 2399 veritati
732 2336 793 2400 loci
818 2336 1025 2421 relinquatur.
1061 2338 1133 2402 Vita
1154 2338 1188 2399 P.
1210 2335 1318 2399 Sullae
1338 2344 1541 2419 torqueatur,
1571 2357 1614 2401 ex

287 2447 325 2491 ea
347 2436 534 2511 quaeratur,
554 2449 631 2491 num
650 2448 733 2512 quae
748 2429 922 2494 occultetur
937 2429 1053 2506 libido,
1074 2451 1151 2494 num
1165 2429 1250 2515 quod
1267 2430 1363 2492 lateat
1375 2429 1514 2507 facinus,
1536 2451 1613 2494 num

287 2540 369 2603 quae
391 2521 578 2597 erudelitas,
599 2542 676 2586 num
698 2541 781 2606 quae
803 2523 944 2587 audacia.
980 2525 1066 2587 Nihil
1088 2526 1202 2590 erroris
1223 2525 1284 2588 erit
1303 2525 1337 2587 in
1359 2543 1456 2587 eausa
1476 2546 1536 2588 nec
1557 2527 1614 2590 ob·

287 2615 462 2691 scuritatis,
485 2615 624 2691 iudices,
646 2617 673 2680 si
695 2637 715 2681 a
737 2616 828 2682 vobis
849 2618 933 2682 vitae
955 2626 1125 2702 perpetuae
1147 2639 1227 2695 vox,
1249 2638 1287 2682 ea
1310 2637 1393 2701 quae
1406 2620 1569 2683 verissima
1583 2628 1616 2683 et

251 2721 279 2771 44
287 2710 472 2792 gravissima
492 2711 589 2775 debet
610 2732 695 2787 esse,
717 2714 873 2776 audietur.
915 2709 968 2776 79.
990 2713 1117 2776 Nullum
1140 2714 1173 2776 in
1194 2714 1254 2777 hac
1276 2732 1373 2777 causa
1394 2719 1507 2776 testem
1523 2713 1615 2777 time·

287 2824 376 2880 mus;
398 2804 477 2869 nihil
499 2826 691 2892 quemquam
713 2809 812 2882 scire,
834 2807 913 2871 nihil
928 2808 1061 2884 vidisse,
1079 2808 1164 2873 nihil
1178 2808 1306 2872 audisse
1320 2808 1519 2871 arbitramur.
1552 2808 1614 2871 Sed

286 2906 410 2973 tamen,
443 2900 470 2962 si
502 2900 583 2965 nihil
611 2921 669 2965 vos
694 2902 727 2963 P.
752 2902 859 2966 Sullae
881 2902 1008 2966 fortuna
1029 2910 1149 2977 movet,
1181 2903 1322 2977 iudices,
1354 2911 1458 2966 vestm
1479 2910 1615 2966 moveat.

287 2993 398 3057 Vestra
420 2993 522 3070 enim,
555 2998 610 3080 qui
640 3017 711 3060 oum
740 3017 861 3060 summa
883 2997 1040 3078 elegantia
1060 3004 1158 3080 atque
1180 2997 1358 3079 integritate
1381 2996 1522 3070 vixistis,
1554 2996 1615 3059 hoc

288 3088 425 3151 maxime
446 3088 594 3164 interest,
616 3110 681 3152 non
703 3110 744 3152 ex
765 3089 896 3153 libidine
918 3097 974 3152 aut
994 3089 1151 3153 simultate
1173 3097 1229 3154 aut
1248 3089 1377 3152 levitate
1398 3089 1528 3153 testium
1541 3108 1616 3152 cau·

250 3193 340 3247 ausas
362 3181 568 3244 bonestorum
590 3182 757 3246 hominum
779 3183 968 3267 ponderari,
991 3184 1102 3246 sedin
1125 3185 1245 3264 magnis
1267 3183 1545 3267 disquisitionibus
1565 3202 1617 3246 re·

288 3275 491 3357 pentinisque
514 3275 663 3358 perieulis
687 3277 784 3339 vitam
805 3277 902 3340 unius
925 3276 1081 3359 cuiusque
1103 3296 1173 3339 esse
1195 3285 1318 3340 testem.
1354 3276 1458 3351 Quam
1473 3296 1546 3351 vos,
1569 3276 1618 3338 iu·

290 3366 392 3443 dices,
414 3367 514 3430 nolite
535 3369 631 3432 armis
654 3370 721 3432 suis
743 3370 912 3452 spoliatam
933 3378 1030 3453 atque
1051 3370 1199 3433 nudatam
1222 3372 1359 3433 obiicere
1381 3369 1536 3443 invidiae,
1561 3371 1617 3432 de-

290 3461 366 3526 dere
387 3462 571 3544 suspicioni.
608 3464 728 3525 blunite
750 3483 949 3528 communem
971 3484 1075 3528 arcem
1097 3464 1271 3538 bonorum,
1299 3463 1452 3527 obstruite
1473 3461 1617 3545 perfugia

288 3556 520 3640 improborum:
553 3555 656 3620 valeat
684 3558 724 3620 ad
751 3576 887 3639 poenam
910 3557 1003 3621 etad
1025 3558 1158 3621 salutem
1184 3558 1371 3640 plurimum,
1400 3575 1496 3639 quam
1516 3556 1617 3619 solam

250 3652 403 3719 adsidetis
425 3652 526 3736 ipsam
548 3670 590 3715 ex
611 3670 669 3716 sua
690 3658 801 3717 natura
822 3650 972 3716 facillime
994 3651 1149 3735 perspici,
1171 3652 1275 3716 subito
1297 3648 1380 3716 lleeti
1398 3647 1537 3734 fingique
1552 3669 1617 3713 non

290 3766 395 3829 posse.

374 3839 493 3903 xxix.
514 3838 566 3902 80.
589 3840 675 3916 Quid
696 3843 795 3902 vero‘l
823 3840 902 3903 haec
930 3841 1099 3904 auotoritas
1126 3871 1168 3887 -
1196 3859 1321 3922 semper
1341 3839 1426 3902 enim
1448 3844 1497 3903 est
1518 3838 1558 3901 de
1580 3859 1618 3902 ea

291 3934 474 4008 dicendum,
498 3953 688 4018 quamquam
710 3952 730 3998 a
749 3953 799 3997 me
814 3933 924 3997 timide
938 3935 1127 4019 modiceque
1143 3933 1266 3997 dicetur
1278 3965 1337 4009 -,
1359 3933 1454 4018 quid,
1475 3933 1618 4017 inquam,

357 4198 380 4246 4.
399 4197 538 4247 amicerum
553 4196 669 4262 praeitur
679 4197 712 4245 T:
731 4196 859 4245 bominum
874 4196 990 4260 qropibus
1002 4196 1050 4245 440
1066 4223 1092 4231 -
1112 4195 1246 4245 reicietisT
1260 4220 1286 4229 -
1307 4199 1329 4243 et
1345 4207 1379 4243 aa
1395 4195 1440 4243 bec
1456 4196 1475 4244 B
1495 4222 1522 4231 -
1540 4197 1619 4258 somi-

289 4273 422 4322 licriumT
440 4275 467 4322 et
483 4274 502 4322 li
521 4286 605 4324 corn:
623 4272 780 4334 familiarum
791 4273 817 4332 S,
836 4273 1010 4332 musonem,
1031 4271 1073 4321 ed.
1088 4276 1147 4322 Asc.
1163 4272 1240 4329 4544;
1258 4270 1381 4332 familiari
1392 4269 1435 4319 ed.
1451 4268 1522 4330 sita,
1535 4272 1564 4321 0.
1583 4272 1617 4321 cl.

291 4349 305 4412 5
323 4348 364 4398 43.
379 4374 406 4383 -
425 4349 449 4398 h.
468 4353 544 4410 utque
559 4348 586 4396 in
603 4347 667 4399 Tli:
686 4348 713 4396 io
730 4359 782 4396 om.
798 4347 814 4395 S
832 4350 859 4395 et
870 4345 922 4397 alii.
937 4373 965 4382 —
983 4347 1064 4396 sedem
1081 4348 1113 4395 T:
1131 4348 1215 4400 cedem
1230 4344 1273 4395 uel
1290 4347 1389 4395 codun
1405 4346 1461 4407 BS,
1480 4345 1557 4395 codd.
1577 4347 1618 4396 alii

290 4426 318 4474 et
333 4423 394 4474 edd.
408 4425 487 4483 vett.;
506 4427 601 4473 coetum
612 4423 632 4473 0
644 4421 799 4473 auctoritate
818 4425 928 4472 incerta.
947 4447 975 4457 -
994 4423 1114 4484 utqueT:
1134 4437 1152 4472 o
1169 4424 1202 4481 Β;
1221 4436 1252 4471 uc
1263 4423 1311 4472 li0
1329 4449 1352 4457 -
1372 4422 1397 4471 3.
1409 4421 1579 4484 maioma
1589 4424 1617 4484 T,

290 4500 321 4548 ut
335 4497 480 4549 Lambinus
496 4497 623 4548 coniecit:
641 4497 804 4561 fortissimum
821 4497 879 4545 ΒΟ.
899 4495 937 4546 Cl.
952 4496 1006 4558 554
1020 4498 1145 4558 prosodia
1159 4499 1243 4560 finos.
1256 4509 1283 4560 p.
1296 4497 1363 4547 biur.
1377 4496 1445 4561 5444,
1463 4497 1491 4545 ln
1502 4495 1576 4546 Vera.
1587 4498 1618 4555 44,

292 4572 362 4636 560,
380 4573 414 4622 de
432 4573 495 4636 imp.
509 4574 557 4623 Cn.
570 4572 662 4637 Pomp.
676 4571 708 4636 55
720 4572 761 4622 34.
774 4568 806 4621 at
818 4573 869 4622 etc.
882 4599 909 4608 —
927 4573 952 4620 44.
969 4577 1047 4633 parta
1059 4573 1078 4621 Τ
1092 4598 1119 4608 -
1139 4573 1161 4622 si
1176 4585 1226 4622 ooo
1242 4573 1275 4622 T:
1294 4573 1315 4620 ss·
1331 4572 1358 4620 io
1374 4572 1463 4623 ao-
1482 4571 1619 4635 occiente]

290 4647 325 4696 ud
340 4648 532 4697 mutationum}
546 4672 574 4682 -
594 4647 618 4696 6.
637 4647 754 4697 deserviet
770 4648 878 4709 scripsi:
896 4647 986 4696 deserit
1002 4647 1049 4696 ΤΒ
1059 4648 1085 4708 s,
1103 4648 1241 4706 torono,
1260 4644 1302 4695 alii
1316 4645 1371 4708 laed
1389 4646 1471 4698 babet
1487 4645 1618 4697 deindeT

290 4724 330 4773 usi
346 4736 394 4787 pro
410 4723 452 4784 ai];
471 4722 602 4772 domita
615 4722 727 4783 Oreum,
746 4719 789 4771 ad.
804 4719 881 4780 4444;
901 4722 1023 4772 ἀθεσνὶιιιν
1040 4722 1087 4771 Or.
1099 4735 1133 4782 χ;
1153 4722 1288 4772 deserueait
1305 4721 1364 4771 cod.
1381 4721 1562 4782 victorianum
1580 4722 1621 4771 de

290 4802 354 4849 seret
370 4797 430 4848 cod.
444 4797 544 4848 Franeii
561 4797 572 4846 1
590 4798 618 4848 et
632 4797 662 4846 0.
682 4795 720 4846 cl.
733 4808 816 4859 sopra
828 4795 843 4859 5
854 4796 895 4846 46.
910 4822 937 4832 -
956 4798 977 4846 ei
994 4799 1055 4848 ante
1067 4798 1128 4847 eiiii
1139 4809 1192 4847 om.
1206 4798 1265 4846 T-
1285 4796 1309 4846 4.
1322 4802 1455 4847 mmor
1465 4800 1622 4847 usamenta

292 4876 326 4925 T:
344 4887 375 4924 uc
391 4877 515 4923 tormenta
531 4877 665 4922 motor
680 4871 729 4921 ΒΟ
747 4897 774 4906 -
793 4871 820 4919 iu
836 4871 1073 4934 quibus--ruspio
1092 4885 1145 4921 om.
1165 4873 1184 4921 Β
1203 4896 1230 4907 -
1249 4872 1273 4921 8.
1291 4872 1399 4920 nihils:
1418 4883 1471 4921 om.
1490 4871 1510 4920 Τ
1528 4870 1621 4931 (estin

292 4952 312 5000 T
326 4949 431 5012 periodi
447 4947 539 4998 ultima
556 4960 607 4999 vos
624 4947 745 5012 paginae,
764 4948 793 4995 ut
809 4945 869 4996 tort.
885 4948 992 5009 periodi
1007 4948 1069 4997 nibil
1085 4946 1257 4998 scribendum
1273 4949 1324 5010 stt.)
1338 4973 1366 4983 —
1385 4948 1409 4997 9.
1422 4961 1479 4996 eum
1496 4947 1575 4996 uoiosi
1591 4948 1620 5006 Τ,

292 5028 322 5077 ut
338 5024 520 5087 Stuerenhurg
534 5023 662 5073 coniecit:
689 5027 741 5070 tum
758 5021 837 5070 culmi
854 5023 904 5071 440
922 5022 1048 5084 (mireque
1064 5023 1176 5072 animum
1191 5024 1304 5083 corporis
1320 5022 1348 5082 B]
1362 5047 1389 5056 -
1409 5022 1449 5071 40.
1468 5023 1576 5083 quesitor
1586 5022 1620 5078 T;

293 5101 437 5163 quaesters
455 5103 482 5150 et
498 5097 541 5148 alil
559 5098 631 5161 (repit
641 5110 724 5158 quoae.
737 5109 791 5146 om.
804 5097 833 5156 Β)
848 5122 875 5131 -
892 5101 921 5144 ut
937 5109 991 5146 om.
1005 5098 1024 5146 Β
1038 5122 1065 5131 -
1086 5098 1126 5146 44.
1145 5097 1192 5146 loci
1208 5097 1338 5146 verume
1354 5120 1380 5132 -
1400 5096 1619 5158 torqueaturTB:

293 5180 428 5236 torquetur
443 5174 459 5224 Β
477 5175 569 5236 Lagg.;
589 5177 703 5234 torquato
720 5174 750 5231 S,
770 5171 847 5222 codd.
866 5171 987 5236 plerique
1006 5176 1034 5222 et
1050 5170 1111 5223 edd.
1130 5174 1205 5230 vett,
1232 5170 1303 5221 unde
1325 5172 1477 5222 Torrentius
1501 5171 1624 5232 Torquate

293 5251 444 5313 acquiretur
461 5250 582 5299 coniecit.
603 5273 630 5285 -
652 5249 691 5298 44.
710 5249 846 5298 occultetur
863 5260 927 5308 quse
943 5247 1017 5296 libido
1033 5249 1052 5297 Β
1069 5273 1096 5282 -
1119 5247 1156 5296 43.
1176 5247 1224 5296 erit
1239 5248 1334 5296 erroris
1351 5247 1370 5296 B
1390 5273 1417 5282 -
1436 5245 1489 5310 uec]
1505 5244 1544 5294 cel
1560 5245 1620 5293 B-

295 5322 334 5375 ti.
353 5337 384 5375 cc
400 5336 454 5375 om.
467 5325 486 5374 Β
507 5350 534 5362 ·-
551 5325 682 5374 aarum
698 5329 720 5374 et
737 5325 888 5387 provusimc
898 5324 931 5373 T:
949 5324 1099 5387 qrwisdmu
1115 5328 1138 5372 et
1153 5323 1283 5372 ceriuimc
1298 5325 1387 5381 Pare,
1406 5321 1557 5385 qrwissimu
1573 5318 1623 5370 ΒΟ

296 5427 324 5436 -
344 5401 382 5451 to.
402 5400 546 5462 qumtpicm
562 5400 581 5449 Β
602 5423 629 5436 -·
647 5415 673 5449 o.
691 5401 789 5449 ouduse
804 5400 931 5450 acidiae
948 5401 1009 5449 B-
1029 5399 1068 5448 t8.
1087 5397 1138 5462 qui]
1156 5411 1207 5460 quc
1220 5399 1239 5448 Τ
1252 5423 1279 5432 -
1298 5411 1356 5446 cum
1372 5407 1426 5446 om.
1440 5396 1459 5444 B
1474 5422 1499 5430 —
1520 5395 1560 5444 49.
1573 5407 1625 5444 oen

294 5473 525 5538 sce-ponderas]
542 5488 574 5525 os
589 5477 820 5537 ec--poodsretis
835 5476 855 5525 Β
873 5501 906 5512 -
922 5475 964 5525 at.
983 5478 1066 5525 tuton
1082 5487 1132 5523 esse
1147 5474 1235 5523 4444444
1250 5475 1270 5523 Β
1289 5499 1315 5508 -
1334 5474 1376 5523 ΒΤ.
1394 5470 1490 5521 obium
1505 5471 1564 5520 Τ-
1583 5471 1624 5518 de·

295 5550 345 5600 lere
359 5550 521 5613 mumioni
531 5551 552 5599 Τ
564 5575 591 5586 -
610 5549 651 5600 ai.
670 5551 705 5600 cd
721 5550 824 5601 solutam
840 5551 894 5600 olto
907 5550 1046 5612 oceanum
1062 5549 1096 5606 B;
1115 5550 1207 5598 contra
1219 5546 1310 5599 lamb.
1322 5549 1383 5597 boec
1399 5549 1460 5610 post
1474 5545 1558 5595 calcat
1574 5543 1624 5593 ad-

296 5624 370 5675 didit
394 5623 432 5675 Cl.
451 5625 532 5690 Scyll.
550 5637 578 5689 p.
596 5623 637 5676 44.
658 5651 685 5660 -
704 5625 745 5674 25.
763 5626 815 5688 ipse
830 5627 863 5685 Τ;
882 5624 941 5676 fort.
960 5626 1028 5687 ipsu;
1044 5637 1093 5685 per
1107 5637 1132 5674 se
1150 5624 1348 5674 Mommsenius.
1368 5648 1396 5657 -
1417 5635 1451 5670 ec
1465 5634 1513 5670 aso
1529 5625 1625 5669 nutura

297 5702 330 5751 T:
349 5712 383 5750 ec
397 5700 423 5749 ui
439 5713 487 5751 auu
501 5705 597 5751 natm
613 5702 645 5760 ὃς
671 5713 704 5750 ea
720 5704 818 5750 acturo
833 5714 881 5750 suc
897 5705 920 5751 et
935 5702 961 5750 ci
977 5703 1011 5758 Β;
1034 5713 1067 5750 ec
1082 5701 1109 5749 oi
1124 5713 1172 5749 suo
1187 5705 1330 5760 naturaque
1346 5695 1403 5757 alii,
1422 5697 1442 5745 0
1460 5723 1487 5732 -
1505 5694 1623 5760 {lupique}

294 5774 383 5839 [roupi
397 5775 457 5825 Β-
476 5776 518 5826 ΒΤ.
530 5775 685 5827 bonvm
695 5777 864 5826 omwritosli
877 5803 905 5812 -
922 5775 1027 5841 suuper]
1039 5787 1112 5837 scope
1128 5773 1291 5839 Spengelius.
1307 5800 1334 5811 -
1352 5777 1388 5823 sat
1404 5773 1433 5823 da
1449 5785 1481 5822 ec
1495 5770 1625 5821 weodum

296 5852 331 5904 T:
350 5850 680 5911 denmdtalndosu
697 5851 745 5900 dic.
763 5851 864 5901 esino
885 5876 912 5885 -
936 5846 1575 5912 28.modicequeTB:modieeSeti010nn.;
1602 5849 1625 5897 et

296 5925 419 5979 medicei
440 5925 524 5978 oxon.
544 5949 573 5963 -
594 5926 699 5992 4449444444
713 5926 777 5987 ΤΒ,
799 5926 842 5978 ed.
861 5925 941 5978 tila:
959 5939 1014 5979 om.
1032 5927 1049 5977 S
1067 5927 1093 5976 et
1109 5923 1125 5978 l
1142 5926 1243 5977 Οιοηιι.
