3800 7350
574 1235 576 1239 ·
687 1214 761 1282 cn.
782 1215 923 1282 x-xr.
948 1212 994 1300 ss
1016 1211 1162 1280 ss-sr.
1528 1188 1585 1266 844

265 1388 406 1453 dedecus
427 1394 460 1450 et
481 1387 633 1470 flagitium
655 1406 689 1450 se
711 1387 907 1450 committere
926 1394 1066 1470 putaret,
1097 1387 1124 1449 si
1146 1386 1200 1470 qui
1227 1403 1292 1449 non
1312 1384 1445 1448 veniret.
1485 1379 1592 1455 idem«

265 1503 328 1566 que
349 1482 474 1555 consul,
503 1501 573 1544 cum
596 1481 651 1543 illa
672 1479 865 1544 incredibilis
887 1480 1056 1544 multitudo
1078 1481 1209 1543 Romam
1232 1489 1264 1544 ct
1286 1498 1386 1561 paene
1408 1476 1499 1540 ltalia
1519 1474 1589 1557 ipsa
1700 1496 1702 1499 ’

262 1576 418 1649 venisset,
446 1595 503 1638 vos
529 1573 802 1658 frequentissimos
827 1575 863 1638 in
892 1574 1079 1656 Capitolium
1108 1574 1303 1638 convocarit.
1346 1572 1418 1648 Quo
1446 1569 1598 1651 tempore

263 1675 415 1752 quantam
444 1669 508 1731 vim
535 1675 667 1730 naturae
695 1667 820 1731 bonitas
843 1668 974 1732 haberet
996 1677 1027 1732 et
1047 1689 1122 1732 vera
1142 1667 1309 1742 nobilitas,
1336 1664 1512 1746 intelligere
1533 1681 1590 1744 po·

262 1762 381 1836 inistis.
413 1763 494 1824 Nam
516 1760 554 1836 Q.
570 1760 733 1835 Metellus,
756 1770 788 1825 et
808 1762 955 1826 iuimicus
977 1768 1009 1825 et
1028 1760 1125 1827 irater
1146 1763 1279 1836 inimici,
1301 1763 1467 1845 perspectu
1486 1763 1617 1822 vesunt

261 1855 425 1918 voluntate
447 1855 553 1917 omnia
575 1855 696 1937 privata
718 1856 793 1919 odia
814 1856 979 1940 deposuit:
1001 1877 1095 1940 quem
1117 1858 1150 1919 P.
1174 1856 1342 1929 Servilius,
1364 1855 1413 1918 vir
1433 1873 1504 1916 cum
1526 1850 1596 1912 cla-2

262 1950 426 2023 tissimus,
448 1957 514 2012 tum
535 1969 612 2012 vero
635 1950 771 2032 optimus
793 1950 934 2033 mihique
956 1952 1175 2025 amicissimus,
1198 1959 1230 2013 et
1249 1947 1446 2012 auctoritatis
1467 1954 1499 2007 et
1520 1960 1593 2006 ora·

262 2044 361 2107 tionis
383 2062 458 2106 suae
477 2042 584 2105 divina
597 2043 732 2126 quadam
748 2046 898 2126 gravitate
913 2046 954 2109 ad
969 2047 1017 2109 sui
1033 2048 1159 2129 generis
1174 2046 1412 2129 communisque
1428 2039 1591 2124 sanguinis

261 2137 345 2201 facta
365 2138 559 2220 virtutesque
581 2138 754 2212 revocavit,
784 2147 819 2202 ut
846 2139 977 2204 haberet
998 2141 1031 2203 in
1053 2140 1186 2204 consilio
1209 2147 1241 2203 et
1260 2139 1387 2202 fratrem
1410 2138 1448 2200 ub
1470 2132 1591 2205 inieris,

263 2232 387 2295 socium
408 2251 514 2293 rerum
536 2251 692 2305 mearum,
715 2239 748 2293 et
761 2251 871 2296 omues
886 2233 1044 2309 Metellos,
1065 2235 1349 2317 praestantissimos
1364 2233 1467 2308 cives,
1487 2229 1629 2313 paeuel⁰

263 2346 305 2388 ex
327 2324 507 2387 Acheronte
530 2326 702 2398 excitatos,
725 2325 758 2387 iu
780 2326 897 2410 quihus
917 2327 1121 2391 Numidicum
1142 2327 1248 2402 illum,
1270 2327 1360 2390 cuius
1376 2324 1535 2411 quondam
1550 2321 1591 2384 de

263 2421 368 2504 patria
389 2419 546 2483 discessus
568 2420 719 2483 molestus
741 2421 902 2495 omnihus,
931 2422 992 2505 ipsi
1022 2443 1062 2484 ne
1089 2421 1253 2485 luctuosus
1275 2420 1403 2504 quidem
1424 2422 1511 2484 risus
1533 2422 1591 2479 est.

263 2513 315 2578 26.
339 2515 449 2599 ltaque
471 2515 593 2580 exstitit
612 2533 678 2576 nou
700 2515 794 2577 modo
816 2516 925 2579 salutis
947 2515 1113 2590 defensor,
1137 2516 1191 2599 qui
1213 2523 1286 2579 ante
1308 2514 1368 2578 hoe
1382 2534 1481 2576 unum
1494 2511 1594 2574 hene-

262 2606 369 2672 ficium
390 2608 493 2672 iuerat
514 2610 675 2682 inimicus,
699 2628 806 2671 verum
830 2609 924 2671 etiam
944 2610 1122 2692 adscriptor
1135 2609 1297 2691 dignitatis
1312 2627 1411 2671 meae.
1435 2607 1507 2681 Quo
1522 2602 1592 2688 qui*

264 2704 337 2767 dem
359 2702 427 2777 die,
449 2724 520 2766 cum
543 2722 689 2767 ccccxvii
711 2711 874 2765 senatores
890 2704 1018 2777 essetis,
1041 2703 1240 2785 magistratus
1256 2708 1362 2764 autem
1376 2720 1486 2764 omnes
1499 2697 1633 2760 ades-ili

263 2805 351 2871 seut,
381 2796 531 2860 dissensit
559 2817 657 2870 unus,
691 2796 718 2859 is
742 2796 797 2880 qui
819 2815 877 2858 sua
899 2796 968 2879 lege
992 2798 1172 2861 coniuratos
1194 2796 1289 2859 etiam
1312 2795 1351 2857 ab
1373 2792 1482 2857 inferis
1505 2789 1592 2855 exci-

264 2892 376 2955 tandos
409 2899 543 2973 putarat.
578 2894 683 2972 acque
715 2889 769 2952 illo
792 2889 862 2963 dle,
891 2910 964 2952 cum
986 2910 1051 2953 rem
1073 2890 1232 2974 publicam
1253 2890 1333 2953 meis
1355 2888 1495 2952 consiliis
1517 2903 1593 2949 con·

265 2992 419 3048 servatam
443 2986 635 3067 gravissimis
656 2984 762 3047 verbis
783 2993 815 3046 et
830 2983 978 3066 plurimis
1000 2983 1208 3056 iudicassetis,
1231 2982 1316 3045 idem
1339 2982 1449 3045 consul
1473 2978 1593 3043 curavit

264 3087 300 3142 ut
322 3079 433 3141 eadem
456 3099 475 3142 a
496 3080 693 3163 principibus
716 3079 852 3142 civitatis
874 3079 1070 3142 incautione
1092 3086 1219 3160 postero
1234 3078 1286 3140 die
1302 3076 1497 3139 dicerentur:
1520 3092 1592 3135 cum

265 3173 393 3257 quidem
422 3174 492 3254 ipse
523 3174 588 3255 egit
616 3173 815 3236 ornatissime
838 3192 939 3235 meam
962 3192 1089 3236 causam
1112 3172 1306 3256 perfecitque
1329 3169 1474 3234 adstante
1496 3175 1630 3251 atquem

264 3266 413 3329 audiente
446 3266 537 3329 ltalia
567 3275 650 3341 tota,
680 3276 715 3330 ut
745 3286 837 3329 nemo
867 3266 1053 3349 cuiusquam
1083 3266 1232 3329 conducti
1260 3271 1313 3326 aut
1337 3262 1453 3347 perditi
1484 3280 1592 3326 vocem

264 3362 407 3423 acerbam
434 3368 530 3443 atque
553 3362 712 3424 inimicam
727 3362 819 3423 bonis
835 3368 944 3443 posset
958 3361 1078 3423 audire.
1116 3361 1171 3422 XI.
1187 3356 1238 3420 27.
1253 3357 1300 3420 ild
1323 3358 1401 3421 haec
1416 3376 1480 3420 non
1498 3354 1592 3418 modo

266 3455 447 3519 adiumenta
469 3455 598 3529 salutis,
620 3454 676 3517 sed
698 3456 791 3517 etiam
813 3463 998 3517 ornamenta
1017 3455 1179 3537 dignitatis
1194 3473 1284 3516 meae
1298 3452 1422 3535 reliqua
1436 3469 1493 3514 vos
1507 3448 1592 3512 idem

265 3547 447 3611 addidistis:
478 3547 681 3623 decrevistis,
710 3569 751 3612 ne
774 3549 846 3631 quis
868 3547 935 3612 ulla
956 3549 1077 3612 ratione
1100 3567 1166 3611 rem
1188 3547 1372 3631 impediret:
1402 3545 1511 3629 quiid
1534 3544 1596 3606 im·

330 3813 353 3861 4.
373 3812 590 3875 dedxaoetpth.
608 3811 656 3861 ΕΡ
673 3809 726 3861 Pal.
746 3812 792 3861 lll:
819 3812 879 3861 dens
899 3811 1029 3876 4444444444
1046 3813 1079 3868 Ρ;
1105 3824 1164 3862 rcus
1181 3813 1243 3876 stup.
1262 3813 1297 3869 G:
1324 3810 1405 3860 omnis
1418 3809 1544 3874 4449444444
1560 3807 1591 3866 S:

265 3901 335 3937 omos
350 3887 371 3936 44
385 3889 447 3950 stop.
465 3887 501 3942 4;
521 3899 579 3935 rcus
594 3898 619 3934 se
633 3888 696 3949 449.
715 3886 776 3948 Lag.
791 3886 831 3935 40.
843 3887 871 3935 44
894 3885 996 3950 (reliqui
1014 3888 1091 3949 Lagg.
1111 3887 1191 3937 etlam
1204 3885 1338 3947 uitiosius).
1357 3882 1487 3948 Equidem
1505 3880 1593 3945 suspi-

265 3976 324 4012 cor:
350 3962 427 4012 sosios
447 3967 471 4010 st
489 3961 632 4025 4494444444,
652 3961 701 4010 nisi
718 3959 795 4011 malis
812 3962 898 4024 iopen:
913 3963 1047 4026 4449444444.
1068 3988 1095 3998 -
1114 3963 1136 4011 44
1153 3963 1208 4024 quis
1224 3962 1244 4010 E
1263 3987 1290 3997 ·-
1308 3964 1406 4010 emeret
1422 3961 1441 4009 P
1459 3971 1498 4021 pr.
1511 3969 1548 4007 m.
1562 3982 1590 3991 —

264 4040 288 4088 2.
307 4039 385 4086 liomo
402 4039 422 4086 G
438 4062 471 4073 -
487 4036 594 4097 44444444
611 4036 631 4086 E
651 4063 678 4072 -
697 4037 721 4086 3.
739 4035 950 4098 frequentissimus
967 4038 987 4087 E
1007 4063 1034 4073 -
1052 4038 1178 4086 revocavit
1194 4036 1214 4085 E
1228 4061 1255 4070 -
1274 4034 1298 4085 4.
1317 4034 1389 4084 hebet
1405 4035 1452 4084 EF
1471 4034 1529 4096 (eim
1544 4032 1593 4081 ho-

264 4112 329 4162 bcrst
343 4124 406 4160 oerc
422 4109 518 4160 4444444
534 4113 572 4174 h).
593 4139 619 4164 -,
638 4115 662 4161 44
676 4124 739 4160 ocra
756 4112 823 4160 GE:
849 4117 877 4161 at
891 4125 954 4161 ocra
970 4115 989 4161 P
1006 4125 1046 4175 pr.
1066 4125 1117 4171 m.;
1136 4117 1182 4162 cat
1196 4125 1258 4161 sero
1274 4113 1293 4161 P
1310 4123 1379 4160 corr.
1398 4112 1414 4161 2
1431 4123 1479 4171 m,
1497 4109 1542 4159 SO
1561 4132 1590 4146 -

265 4187 403 4250 malopem
419 4187 468 4235 PG
485 4211 512 4220 -
531 4187 557 4236 5.
575 4198 662 4246 aarum
679 4186 790 4235 4444444444
807 4186 855 4236 EP
868 4213 894 4222 -
914 4193 938 4236 44
955 4191 1016 4238 aute
1030 4187 1145 4237 inimicus
1161 4200 1215 4237 om.
1229 4188 1276 4237 EF
1289 4211 1316 4221 —
1336 4186 1361 4236 6.
1374 4198 1445 4247 quem
1456 4185 1493 4245 P.]
1505 4194 1593 4246 quomo

264 4266 285 4312 G
302 4259 359 4322 (sed
376 4274 391 4309 o
408 4260 433 4308 in
450 4260 565 4321 resumi:
584 4261 610 4309 iu
629 4263 646 4310 P
664 4263 706 4310 est
722 4265 783 4311 aute
798 4275 825 4323 p.
843 4274 950 4322 rasura,
970 4262 996 4311 iu
1014 4275 1067 4325 qua
1083 4275 1138 4311 reio
1153 4261 1328 4326 conspicitur;
1348 4258 1417 4309 coni.
1436 4258 1471 4309 ad
1487 4273 1514 4323 p.
1533 4257 1591 4321 844,

265 4338 289 4386 o.
304 4362 331 4373 -
349 4348 406 4384 4444
421 4334 463 4383 oir
480 4335 499 4384 E
520 4361 549 4372 ·-
577 4335 600 4384 9.
620 4340 648 4384 ut
664 4336 755 4385 4444444
769 4337 797 4384 ia
813 4336 917 4386 concilio
934 4338 951 4385 S
968 4364 994 4372 -
1014 4337 1046 4385 ab
1062 4337 1148 4400 inferis
1163 4338 1318 4400 suspectum
1337 4336 1396 4384 erat
1410 4331 1547 4384 Lumbiuo.
1562 4356 1589 4369 -

266 4414 306 4462 40.
324 4413 356 4473 et]
372 4415 401 4460 ut
417 4409 436 4459 E
456 4436 483 4446 -
502 4410 582 4458 onmis
597 4411 672 4460 PGS
691 4434 718 4445 -
737 4411 800 4459 ciuis
816 4412 878 4460 mei.
899 4436 926 4445 -
947 4412 986 4461 44.
1005 4411 1141 4461 Achemenis
1158 4413 1178 4460 G
1196 4414 1224 4460 et
1241 4410 1292 4461 Eri.
1306 4422 1346 4474 pr.
1360 4422 1396 4460 m.
1412 4434 1439 4446 ·-
1458 4409 1593 4458 4444444444·

265 4487 367 4537 nutius:
385 4485 457 4534 4444444
467 4484 593 4533 Metellum
609 4483 724 4535 codices.
741 4512 767 4521 -
788 4486 828 4535 44.
846 4485 961 4534 moiseo:
975 4486 1100 4546 44444044,
1119 4487 1167 4548 ipsi
1182 4499 1214 4537 44
1229 4484 1354 4535 luctuosas
1363 4485 1462 4547 quidem
1473 4484 1493 4534 E
1504 4485 1520 4534 P
1538 4481 1591 4533 Pal.

264 4563 311 4612 lli:
330 4561 435 4610 44444444
451 4559 563 4608 munibus
579 4573 610 4609 ne
627 4560 695 4622 (socc
705 4560 733 4620 G)
752 4560 876 4610 luctasse:
893 4562 993 4611 tandem
1010 4563 1071 4621 Po,
1091 4563 1155 4611 item
1172 4562 1202 4622 S,
1221 4559 1394 4618 sedensue:
1413 4560 1526 4609 44444444
1535 4559 1592 4621 ipsi,

265 4636 333 4686 bonis
348 4634 461 4684 4444440444
477 4639 561 4684 tamon
578 4634 704 4685 luctuosas
719 4634 827 4695 hamb:
846 4638 971 4687 tortasse:
994 4637 1109 4686 honestas
1124 4634 1193 4686 hono
1209 4634 1335 4694 4444444444,
1353 4635 1396 4684 aad
1410 4634 1535 4685 luctuosas
1550 4637 1593 4683 to·

264 4726 319 4762 4444
336 4714 387 4761 etc.
409 4736 435 4746 -
453 4710 522 4759 444444
537 4715 573 4760 cst
588 4712 679 4760 PGS:
703 4716 738 4761 est
753 4713 821 4761 444444
837 4713 913 4762 EFO
933 4739 959 4749 -
985 4713 1025 4763 43.
1044 4713 1126 4763 astitit
1142 4713 1176 4773 E,
1194 4710 1248 4763 Pal.
1267 4711 1314 4770 444,
1334 4712 1405 4761 Crat.
1423 4721 1530 4772 margo:
1552 4709 1595 4758 44-

264 4789 337 4837 mittit
354 4789 403 4837 PG
420 4791 448 4836 et
464 4786 503 4835 sic
520 4783 563 4834 vel
579 4786 724 4846 dimittitur,
743 4789 772 4835 nt
784 4789 825 4836 est
836 4787 862 4835 in
874 4788 900 4845 S.
918 4785 1039 4850 plerique
1049 4788 1140 4851 lagg.¹
1160 4799 1275 4851 quorum
1286 4785 1373 4836 nullus
1384 4786 1477 4836 44444444
1493 4783 1590 4836 habet:

262 4863 310 4926 4444
326 4864 348 4912 is
364 4863 494 4913 Manutius
514 4864 542 4910 et
559 4861 593 4916 L:
618 4861 676 4910 tort.
695 4866 748 4910 4444
765 4859 815 4922 (vel
832 4861 892 4921 4444)
909 4862 966 4924 (uit.
987 4889 1013 4898 -
1036 4863 1141 4912 anicien
1157 4865 1206 4912 PG
1225 4888 1252 4898 -
1277 4861 1330 4924 qai]
1346 4862 1391 4922 hus
1406 4861 1449 4924 (er
1466 4860 1495 4920 is)
1512 4859 1556 4921 qai
1572 4859 1592 4910 0

265 4964 291 4974 -
310 4950 389 4986 eamn
406 4938 496 4997 PGS,
515 4937 594 4987 codd.
613 4936 750 5001 plerique:
769 4949 823 4987 om.
842 4935 941 5001 aliquot
958 4940 1052 5000 hage:
1070 4950 1143 4986 sumn
1159 4938 1206 4987 EF
1214 4951 1220 4993 ;
1239 4936 1299 4986 tort.
1316 4937 1418 4986 44444444
1435 4961 1463 4971 -
1484 4934 1523 4985 44.
1536 4934 1592 4996 444-

263 5027 321 5062 rom
337 5014 356 5061 P
374 5025 412 5075 pr.
426 5025 462 5061 m.
482 5015 509 5061 et
526 5015 546 5061 G
566 5040 592 5049 -
612 5013 748 5074 4444444444
763 5014 794 5066 F:
814 5018 923 5062 44444444
939 5014 1008 5063 coni.
1028 5012 1152 5062 Pithoeus
1170 5012 1305 5073 (Graevius
1318 5012 1352 5062 de
1369 5009 1429 5062 cod.
1443 5010 1460 5059 P
1473 5009 1588 5070 erravit).

266 5114 293 5123 -
312 5099 364 5146 quo
380 5087 478 5147 quidem
495 5089 557 5136 G-
577 5088 616 5137 444.
635 5099 692 5136 cum
708 5089 797 5137 PGS:
815 5102 873 5137 mm:
887 5101 932 5137 eos
948 5087 1024 5137 EFO
1043 5113 1070 5124 -
1090 5087 1361 5151 qucdriopenti.XVIl.
1375 5087 1410 5147 G,
1429 5087 1448 5135 P
1465 5097 1546 5143 corr,
1565 5087 1593 5134 et

264 5163 311 5213 EF
330 5160 387 5224 (sed
402 5161 430 5210 hi
447 5161 612 5222 ccccmo:
632 5163 790 5226 quodi-ipenti
806 5164 888 5212 444444
903 5167 997 5212 metm
1013 5164 1084 5226 Ppr.
1098 5174 1148 5220 m.;
1167 5161 1344 5225 quodiiapenti
1362 5161 1402 5211 .Χ.
1414 5163 1447 5221 S:
1466 5160 1591 5221 94444444-

262 5238 330 5301 qseti
347 5237 399 5286 Eri.
417 5248 458 5300 pr.
478 5248 514 5286 m.
535 5262 562 5273 -
579 5236 714 5301 4444444444]
733 5237 770 5286 ,8.
788 5239 805 5286 s
822 5263 850 5274 -
868 5250 903 5286 m.
921 5241 1005 5286 caton
1021 5249 1104 5286 omnes
1121 5237 1183 5287 PG:
1211 5249 1246 5286 m.
1264 5236 1289 5285 44
1306 5248 1390 5285 omues
1405 5234 1458 5286 Eri.
1477 5247 1517 5298 pr.
1536 5248 1590 5293 m:

263 5326 296 5361 m.
310 5316 394 5360 444444
410 5312 472 5372 (om.
485 5310 649 5373 conscilii:
666 5311 878 5375 mopistrctasqce
895 5325 978 5362 444444
994 5312 1054 5371 Sh;
1072 5324 1106 5361 m.
1125 5312 1247 5362 4444444444
1262 5324 1346 5362 omues
1362 5310 1415 5362 Eri.
1429 5323 1510 5370 corn,
1528 5311 1588 5360 0-

265 5387 305 5436 40,
323 5387 361 5435 iiis
376 5387 419 5448 qoi
436 5387 455 5436 Ε
474 5412 501 5423 -
520 5387 560 5435 44.
576 5391 683 5446 potarat
699 5389 718 5436 P
735 5399 804 5436 corr.
823 5389 834 5437 4
856 5400 892 5437 m.
911 5400 944 5437 ex
959 5391 1068 5449 pataret.
1090 5413 1117 5424 -
1137 5387 1219 5449 adque
1236 5389 1255 5437 P
1273 5414 1300 5424 -
1319 5400 1376 5436 4444
1392 5386 1426 5446 Ε,
1444 5387 1593 5436 utGarato-

265 5464 324 5511 nius
341 5463 466 5512 coniecit:
486 5462 552 5523 qaod
568 5462 641 5512 PGS
659 5464 699 5523 (ex
716 5464 816 5524 wool:
842 5476 891 5524 qao
908 5462 928 5511 0
946 5485 975 5498 -
994 5461 1034 5512 40.
1053 5473 1135 5511 mecm
1150 5475 1254 5512 eausam
1271 5461 1365 5512 PGE:
1390 5474 1494 5512 comam
1509 5473 1592 5511 mecm

264 5537 311 5587 SO
331 5563 357 5572 -
376 5542 474 5586 astante
491 5536 552 5586 mei.
567 5561 594 5571 -
613 5537 653 5585 44.
671 5536 751 5602 nono]
768 5549 810 5587 mo
826 5539 845 5587 P
863 5549 902 5601 pr.
922 5548 958 5586 m.
972 5536 998 5586 in
1016 5535 1087 5585 initio
1101 5548 1210 5596 versus;
1227 5550 1289 5586 mon
1305 5538 1353 5587 GS
1366 5562 1393 5572 -
1412 5537 1454 5587 24.
1473 5549 1593 5586 aceruum

264 5616 283 5662 P
303 5640 330 5649 —
349 5617 423 5675 utque
439 5612 568 5661 inimicum
583 5624 636 5661 om.
655 5612 673 5661 S
692 5636 719 5649 —
742 5611 1006 5662 444444444444448
1025 5638 1052 5646 -
1073 5612 1219 5663 4444444444.
1239 5613 1303 5662 E-
1322 5613 1388 5662 idem
1404 5612 1497 5662 PGE:
1516 5613 1590 5662 444444

263 5686 310 5735 80
329 5712 356 5722 ·-
374 5685 414 5737 44.
433 5686 573 5736 decrevistis
590 5686 684 5736 merito
700 5689 856 5750 suspectum
873 5687 914 5737 est
931 5685 1071 5735 Garatonio
1088 5686 1114 5735 in
1132 5688 1194 5737 Cur.
1208 5699 1279 5746 sec.;
1297 5699 1361 5737 nam
1372 5686 1485 5737 verbum
1498 5699 1590 5751 snper·

263 5774 410 5811 vacaneum
428 5773 498 5820 esse,
516 5773 570 5824 quo
587 5759 655 5810 iiber
667 5761 793 5812 orationis
805 5775 900 5814 cursus
917 5761 1085 5825 impediatur.
1104 5762 1174 5812 Pori.
1185 5763 1315 5816 addidistis
1325 5763 1428 5812 44444444
1437 5762 1524 5811 cestria
1535 5764 1587 5811 cet.

266 5834 465 5897 -ncqoisttc
482 5835 549 5894 Ert.;
568 5836 731 5896 4444444444
747 5839 766 5887 P
783 5849 873 5902 pum.
889 5863 917 5874 -
935 5836 1022 5898 quiid
1038 5837 1099 5886 GS:
1117 5838 1177 5899 qaid
1194 5840 1223 5899 P,
1241 5836 1318 5889 sedd
1335 5839 1482 5900 expuncta:
1501 5835 1544 5898 qai
1561 5837 1588 5895 F:

264 5909 308 5973 qai
324 5907 368 5974 [44]
385 5910 418 5970 0;
436 5911 458 5961 si
474 5911 529 5977 qui:
545 5911 648 5963 Ernesti
664 5909 757 5962 maluit
773 5911 825 5974 (qui
840 5912 867 5961 id
882 5911 972 5976 isrped.
991 5924 1044 5962 om.
1063 5911 1101 5974 Ε).
