3800 7350
311 1196 374 1263 784
742 1201 894 1267 ORATIO
916 1202 996 1268 PRO
1017 1204 1052 1267 Ρ.
1074 1203 1202 1268 SULLA

312 1371 467 1434 coniurati
489 1378 521 1434 et
542 1370 748 1434 conscelerati
769 1378 801 1434 ct
822 1372 991 1454 proditoris
1012 1370 1095 1437 filius
1117 1372 1313 1436 nominetur:
1342 1373 1417 1436 buic
1437 1394 1555 1456 puero,
1581 1376 1636 1458 qui

312 1471 360 1527 est
388 1465 418 1527 ei
446 1465 510 1528 vita
537 1483 595 1528 suu
616 1464 715 1528 multo
737 1466 853 1540 carior,
882 1468 1010 1541 metuit,
1039 1468 1091 1530 cui
1113 1466 1244 1530 bonoria
1265 1468 1406 1549 integros
1426 1466 1550 1532 imatus
1570 1488 1637 1531 uon

312 1560 353 1622 sit
374 1559 559 1633 traditurus,
582 1577 622 1621 ne
644 1566 803 1622 aeternam
825 1561 1009 1624 memoriam
1032 1561 1196 1625 dedecoris
1219 1559 1388 1644 relinquat
1425 1558 1477 1624 89.
1498 1562 1559 1626 llic
1578 1582 1636 1625 vos

312 1660 395 1726 orat,
428 1654 565 1727 iudices,
598 1672 730 1734 parvus,
762 1660 799 1715 ut
820 1672 854 1716 se
876 1654 1067 1737 aliquando,
1097 1656 1124 1717 si
1145 1674 1210 1717 non
1232 1655 1355 1736 integra
1376 1654 1519 1730 somuna,
1548 1663 1580 1720 at
1602 1666 1637 1719 ut

287 1745 443 1820 aalllicta,
465 1746 546 1828 patri
569 1765 627 1808 suo
649 1747 799 1828 gratulari
822 1747 950 1822 sinatis:
972 1748 1046 1810 buic
1069 1749 1184 1811 misero
1207 1748 1333 1810 notiora
1354 1756 1429 1811 sunt
1449 1750 1565 1813 itinera
1585 1751 1638 1813 iu·

311 1840 462 1903 diciorum
484 1847 516 1901 et
535 1839 597 1902 lori
618 1859 713 1923 quam
735 1841 839 1924 campi
861 1848 893 1903 et
913 1839 1159 1925 disciplinarum.
1196 1843 1265 1904 lion
1288 1842 1351 1904 iam
1374 1843 1414 1906 da
1429 1842 1495 1906 vita
1515 1844 1549 1906 Ρ.
1565 1843 1637 1907 Sul·

310 1934 376 2008 lae,
398 1932 535 2009 iudices,
558 1933 614 1997 sed
637 1933 677 1996 de
699 1934 861 2016 sepultura
883 1935 1102 1997 contenditur:
1124 1936 1187 1997 vita
1210 1942 1320 2018 erepta
1334 1944 1383 1998 ast
1404 1936 1567 2019 superiore
1588 1938 1637 2000 iu-

310 2028 410 2103 dicio:
433 2048 537 2101 nunc,
558 2048 599 2090 ne
622 2047 734 2110 corpus
749 2028 909 2101 eiiciatur,
931 2028 1121 2091 laboramus.
1155 2027 1240 2103 Quid
1257 2028 1341 2091 enirn
1358 2037 1406 2093 est
1419 2030 1494 2093 buia
1507 2030 1635 2114 reliqui,

311 2120 397 2205 quod
420 2142 493 2185 eum
514 2122 547 2184 in
569 2122 629 2184 bac
650 2122 713 2184 rita
734 2124 861 2184 teneat‘t
884 2128 940 2183 aut
961 2120 1037 2205 quid
1062 2129 1126 2195 est,
1149 2142 1244 2205 quam
1259 2121 1381 2185 obrem
1395 2122 1473 2186 baec
1487 2123 1635 2207 cuiquam

272 2216 373 2278 iuvita
394 2215 560 2279 videatur?
603 2215 737 2277 xxxu.
757 2216 865 2297 Nuper
885 2214 913 2277 is
934 2214 1030 2278 bomo
1051 2215 1112 2278 tuit
1125 2216 1158 2277 in
1174 2215 1300 2279 civitate
1317 2217 1349 2279 P.
1365 2216 1469 2292 Sulla,
1491 2226 1527 2280 ut
1541 2237 1635 2281 nemo

308 2311 338 2373 ai
361 2329 396 2373 se
416 2328 520 2392 neque
542 2309 665 2372 bonore
687 2329 792 2393 neque
814 2310 912 2390 gratia
933 2328 1040 2393 neque
1057 2308 1192 2371 fortunis
1207 2309 1393 2372 anteferret:
1416 2331 1501 2374 nunc
1516 2312 1634 2395 spolia-

308 2411 359 2467 tus
381 2402 466 2466 omui
489 2401 660 2486 dignitate,
682 2423 765 2485 quae
780 2411 889 2485 erepta
908 2411 998 2477 sunt,
1019 2422 1084 2465 non
1099 2403 1232 2485 repetit;
1255 2403 1341 2486 quod
1354 2403 1482 2467 senuna
1496 2405 1528 2467 in
1544 2404 1634 2467 malis

308 2497 423 2579 reliqui
445 2496 535 2570 fecit,
557 2504 592 2559 ut
614 2516 685 2559 cum
707 2503 856 2579 parente,
883 2517 956 2559 cum
979 2495 1103 2571 liberis,
1132 2494 1339 2570 cumfratre,
1361 2517 1433 2560 cum
1454 2497 1504 2561 bis
1524 2517 1635 2562 neccs-

308 2590 399 2653 sariis
421 2590 528 2672 lugere
550 2609 639 2652 suam
660 2590 868 2653 calamitatem
891 2590 1003 2663 liceat,
1032 2590 1066 2652 id
1088 2590 1148 2653 sibi
1171 2610 1212 2653 ne
1234 2588 1388 2673 eripiatis,
1410 2610 1481 2665 vos,
1504 2591 1635 2665 iudices,

270 2702 298 2768 44
308 2684 493 2748 obtestatur.
536 2681 587 2746 90.
610 2686 655 2765 Te
677 2685 781 2766 ipsum
804 2683 882 2756 iam,
910 2685 1084 2767 Torquate,
1107 2683 1268 2765 expletum
1290 2683 1385 2746 buius
1406 2686 1542 2748 miseriis
1564 2705 1635 2748 asse

306 2787 469 2861 parerat:
492 2778 550 2841 etsi
572 2777 651 2840 nibil
673 2776 760 2840 aliud
785 2776 892 2839 Sullae
914 2777 976 2839 nisi
998 2778 1198 2840 consulatum
1222 2777 1448 2852 abstulissetis,
1469 2786 1575 2842 tamen
1594 2798 1633 2841 co

307 2879 472 2935 contentos
501 2891 558 2934 vos
588 2891 659 2935 esse
687 2870 875 2953 oportebat:
906 2869 1037 2933 bonoris
1068 2871 1152 2932 enim
1175 2872 1335 2933 contentio
1357 2891 1414 2934 vos
1435 2870 1475 2934 ad
1496 2892 1634 2945 causam,

307 2984 371 3029 non
393 2965 578 3030 inimicitiae
602 2964 812 3028 deduxerunt
853 2964 915 3027 Sed
939 2984 1011 3026 cum
1033 2962 1107 3026 buic
1128 2965 1235 3027 omnia
1256 2984 1328 3026 cum
1349 2963 1472 3029 honore
1493 2967 1635 3030 detracta

305 3060 384 3133 sint,
406 3078 477 3122 cum
499 3059 533 3121 in
553 3059 614 3122 bac
634 3060 761 3123 fortuna
782 3058 959 3121 miserrima
975 3076 1016 3124 ac
1038 3057 1272 3120 luctuosissima
1286 3057 1455 3125 destitutus
1475 3062 1532 3136 sit,
1555 3060 1632 3144 quid

267 3163 354 3220 soest
375 3153 461 3238 quod
483 3162 612 3238 expetas
634 3154 791 3238 amplius?
813 3154 949 3216 Lucisne
970 3150 1052 3215 banc
1073 3170 1201 3214 usuram
1222 3150 1345 3233 eripere
1360 3154 1423 3228 vis,
1445 3154 1572 3237 plenam
1588 3155 1633 3218 la-

305 3249 471 3312 crimarum
494 3256 590 3333 atque
611 3248 780 3322 maeroris,
811 3248 844 3309 in
867 3266 930 3329 qua
952 3266 1024 3308 cum
1046 3245 1184 3308 maximo
1206 3246 1345 3309 cruciatu
1366 3266 1404 3310 ac
1426 3247 1537 3311 dolore
1558 3250 1634 3311 reti·

304 3346 424 3407 neturt
456 3343 607 3406 Libenter
626 3342 815 3416 reddiderit,
838 3340 985 3423 adempta
1006 3339 1179 3421 ignominia
1200 3339 1378 3403 foedissimi
1400 3342 1550 3406 criminis.
1582 3343 1633 3404 An

305 3457 382 3501 vero
414 3437 577 3501 inimicum
605 3444 642 3499 ut
669 3435 832 3517 expellas?
862 3434 953 3497 cuius
975 3453 1015 3496 ex
1044 3433 1197 3508 miseriis,
1227 3434 1254 3497 si
1276 3454 1363 3497 esses
1385 3434 1633 3508 crudelissimus,

304 3532 443 3596 videndo
471 3530 606 3594 fructum
635 3550 764 3613 caperes
780 3520 944 3593 ¹maiorem
969 3546 1063 3610 quam
1092 3526 1261 3591 audiendo.
1305 3522 1356 3589 94.
1380 3528 1406 3590 0
1429 3529 1579 3591 miserum
1602 3535 1633 3591 et

267 3626 464 3692 asinlelicem
486 3626 576 3689 illum
598 3626 698 3699 diem,
721 3643 785 3708 quo
807 3620 919 3687 consul
941 3621 1088 3684 omnibus
1109 3621 1259 3685 centuriis
1280 3622 1314 3684 P.
1330 3620 1418 3686 Sulla
1431 3624 1633 3688 renuntiatus

304 3722 372 3786 esti
395 3719 540 3784 ol'alsam
555 3720 660 3804 speml
683 3739 702 3782 o
718 3719 878 3782 volucrem
892 3715 1070 3779 fortunam!
1093 3736 1112 3779 o
1127 3735 1252 3779 caecam
1268 3715 1489 3797 cupiditatcmt
1505 3737 1525 3780 u
1540 3736 1633 3800 prae-

302 3824 462 3900 posteram
490 3813 747 3897 gratulationem!
778 3832 874 3897 quam
903 3812 966 3873 cito
996 3810 1052 3873 illa
1081 3811 1188 3872 omnia
1208 3829 1250 3872 ex
1274 3808 1395 3873 laetitia
1416 3816 1448 3873 et
1467 3811 1632 3895 voluptate

302 3911 341 3973 ad
365 3910 482 3973 luctum
505 3915 538 3972 et
558 3908 701 3971 lacrimas
723 3906 922 3979 reciderunt,
946 3911 999 3978 ut,
1022 3903 1078 3987 qui
1100 3903 1196 3986 paulo
1218 3911 1291 3966 ante
1315 3904 1426 3967 consul
1448 3904 1630 3987 designatam

301 4002 422 4078 fuisset,
442 4009 573 4085 repente
587 4001 710 4063 nullum
727 4000 895 4082 vestigium
910 3998 1064 4062 retineret
1077 3997 1229 4080 pristinae
1245 3995 1422 4078 dignitatis!
1446 3998 1530 4073 Quid
1547 4000 1630 4062 enim

265 4106 370 4161 socrat
390 4099 479 4172 mali,
502 4095 588 4181 quod
609 4096 685 4160 buic
707 4095 842 4178 spoliata
863 4094 967 4167 fama,
997 4091 1137 4165 bonore,
1158 4089 1295 4154 fortunis
1316 4091 1428 4154 deesse
1450 4093 1630 4156 videretur?

302 4200 357 4255 aut
378 4193 429 4255 cui
451 4210 553 4255 novae
574 4189 745 4253 calamitati
764 4188 853 4251 locus
867 4187 953 4250 ullus
971 4187 1102 4249 relictus
1117 4188 1226 4249 esset?
1257 4185 1353 4266 Urget
1368 4186 1478 4249 eadem
1492 4185 1630 4260 fortuna,

302 4303 386 4369 quae
407 4285 529 4370 coepit:
550 4284 692 4367 repperit
710 4302 827 4346 novum
850 4301 1042 4356 maerorem:
1065 4300 1131 4343 non
1152 4280 1272 4363 patitur
1291 4279 1453 4346 bominem
1467 4281 1630 4345 calamito-

302 4399 370 4443 sum
393 4398 459 4443 uno
481 4379 564 4443 malo
585 4377 738 4442 afflictum
759 4397 823 4440 uno
845 4377 879 4438 in
900 4376 987 4439 luctu
1008 4376 1121 4460 perire.

368 4554 557 4620 3.bic]bocT
581 4582 608 4592 -
632 4553 767 4605 bisilicas
787 4555 877 4605 oms
904 4580 930 4590 -
953 4552 1056 4617 parvas]
1079 4553 1222 4614 patraarS
1250 4579 1277 4589 -
1301 4556 1329 4602 at
1349 4557 1378 4602 44
1400 4552 1495 4604 ETB:
1522 4561 1550 4604 44
1572 4567 1626 4604 om.

301 4630 351 4682 440
370 4659 397 4668 -
416 4633 440 4680 ὅ.
459 4631 588 4695 4444444441
609 4658 636 4668 -
653 4631 747 4680 itinera
761 4630 912 4679 iudiciarias
929 4630 992 4679 ET:
1017 4629 1093 4679 iadic.
1112 4629 1204 4678 itinera
1220 4627 1268 4678 ao
1288 4654 1316 4664 —
1335 4628 1359 4678 0.
1377 4629 1462 4691 campi
1479 4633 1502 4679 44
1517 4627 1628 4689 ataiptt-

300 4717 394 4755 aarum
409 4705 446 4756 E:
465 4704 653 4768 discipliaamm
668 4710 691 4756 44
707 4703 804 4754 samiae
821 4706 909 4762 Parc:
927 4704 1012 4766 campi
1028 4716 1082 4754 om.
1101 4704 1134 4762 T:
1155 4705 1278 4766 corrpiet
1294 4716 1348 4755 orn.
1368 4705 1388 4754 u
1407 4730 1436 4741 -
1453 4704 1478 4754 T.
1496 4702 1629 4766 4444444444

301 4781 321 4830 T
338 4805 366 4816 —
385 4780 409 4831 8.
428 4781 534 4832 44444444·
550 4779 570 4831 T
588 4807 615 4815 -
635 4780 659 4830 9.
677 4779 724 4828 bac
739 4779 792 4828 niu:
808 4778 899 4840 ETB,
924 4779 1032 4829 bamb:
1056 4780 1109 4829 vita
1125 4779 1172 4829 bac
1188 4779 1239 4830 RO
1257 4805 1285 4815 -
1305 4781 1346 4830 44.
1363 4792 1443 4843 aeque
1457 4780 1565 4844 44444444
1580 4777 1629 4828 ET

300 4856 346 4908 Bs
364 4856 421 4921 [sed
438 4858 457 4907 B
473 4857 600 4921 4444444),
619 4854 676 4906 alii:
695 4868 740 4904 acc
756 4855 816 4918 sort.
834 4855 854 4905 0
873 4882 900 4891 -
920 4856 960 4905 li.
979 4869 1030 4904 aoa
1045 4855 1151 4917 reposcit
1167 4854 1208 4905 440
1224 4855 1290 4917 qracd
1306 4855 1325 4905 B
1345 4880 1373 4891 -
1392 4855 1433 4906 43.
1446 4856 1548 4916 reliquis
1564 4854 1584 4903 B
1598 4879 1625 4886 -

300 4932 338 4984 tl.
357 4934 487 4998 iaaparaS
507 4961 534 4971 -
558 4932 726 4982 calamitatem
748 4944 821 4980 raam
841 4931 918 4993 possit
937 4931 964 4978 id
983 4929 1080 4980 nasibi
1100 4930 1120 4978 B
1146 4956 1172 4965 -
1195 4943 1239 4979 cos
1256 4930 1349 4980 iudicat
1369 4929 1462 4990 ETB,
1486 4929 1528 4979 ed.
1548 4926 1626 4987 itta,

299 5009 406 5060 bamb:
424 5010 517 5059 iudices
531 5021 575 5058 uos
591 5007 646 5057 SO.
671 5006 710 5058 Cl.
729 5006 794 5056 intra
812 5020 838 5071 p.
858 5006 919 5067 485,
939 5005 979 5055 43.
1003 5033 1030 5040 -
1057 5007 1097 5055 lb.
1115 5004 1188 5054 04444
1202 5006 1258 5056 mir.
1275 5018 1325 5056 4444
1342 5005 1434 5058 ETB:
1460 5018 1510 5056 4444
1526 5016 1579 5054 om,
1592 5003 1627 5061 R:

298 5096 347 5133 4444
362 5084 434 5133 laiac
449 5084 505 5133 mis.
524 5084 544 5134 0
563 5109 590 5118 -
618 5082 726 5144 t6.par
745 5087 802 5132 crat
821 5081 910 5131 ETB:
933 5083 1058 5144 potentii
1076 5107 1104 5117 -
1132 5081 1320 5146 aisilqaamB
1340 5107 1367 5117 -
1387 5082 1629 5132 :samanaeos

298 5156 360 5208 lili:
377 5171 421 5208 uos
436 5163 561 5209 contentos
577 5158 655 5208 TRO
674 5183 700 5193 -
720 5157 760 5208 l8.
779 5157 939 5207 addaacruat
956 5158 975 5207 B
995 5184 1022 5193 -
1047 5157 1187 5206 4444444444
1201 5156 1294 5205 44444
1312 5182 1339 5190 -
1360 5156 1401 5205 49.
1418 5155 1560 5204 meconem
1576 5151 1625 5201 ET

298 5235 325 5281 et
341 5231 433 5283 bamb.
453 5233 479 5282 in
495 5245 595 5295 marg:
617 5232 710 5282 misera
727 5231 777 5282 440
796 5257 822 5268 ·-
848 5232 976 5282 4444444444
991 5237 1027 5281 cst
1043 5233 1077 5291 E:
1096 5232 1177 5281 44444
1193 5232 1322 5281 0444444444
1337 5231 1369 5280 444
1386 5242 1460 5294 susp.
1478 5226 1625 5290 seyacrtus

297 5318 323 5370 p.
337 5305 377 5355 43.
398 5334 425 5342 -
443 5307 482 5356 40.
502 5308 681 5371 capetar'ES:
701 5312 817 5370 44444444
832 5307 866 5368 T;
885 5312 996 5370 capacem
1012 5307 1031 5357 Β
1050 5334 1077 5343 -
1102 5307 1175 5368 baar]
1192 5306 1265 5355 44444
1280 5304 1374 5355 bamb.
1395 5328 1423 5342 -·
1442 5303 1483 5354 st.
1502 5301 1587 5351 4444444
1602 5305 1626 5348 44

295 5381 445 5430 maiali
464 5405 491 5417 -
511 5396 543 5432 ac
560 5383 620 5434 ET:
639 5388 715 5443 atqua
731 5383 780 5434 440
798 5409 830 5418 -
845 5382 885 5431 34.
904 5382 1022 5444 seductori
1038 5382 1058 5431 T
1077 5408 1103 5418 -
1123 5380 1299 5432 Tbmaicrcm
1316 5391 1418 5442 caperer
1436 5378 1456 5427 E
1473 5375 1545 5427 solus
1560 5401 1586 5410 -
1604 5379 1628 5423 44

296 5467 350 5506 om.
364 5457 399 5516 Α;
418 5455 451 5505 ct.
464 5457 543 5519 Scyll.
556 5472 582 5522 p.
596 5456 637 5509 44.
653 5484 680 5493 -
699 5459 740 5508 25.
754 5457 786 5507 ab
802 5456 944 5507 omnibasss
959 5483 986 5494 —
1005 5456 1198 5506 44444444444444
1213 5482 1240 5493 -
1259 5456 1300 5505 27.
1318 5454 1374 5519 itta]
1390 5453 1455 5515 44444
1471 5452 1533 5501 T-
1551 5448 1583 5512 40
1595 5461 1628 5498 aa·

295 5531 315 5581 T
333 5532 373 5591 (aa
388 5531 481 5593 uotapt.
499 5545 532 5583 aa:
549 5533 645 5583 taetitia
660 5533 688 5596 Β)
704 5559 731 5568 -
750 5532 790 5582 28.
810 5532 999 5593 iacbrpmasaaa
1014 5533 1050 5590 B:
1068 5537 1092 5582 ct
1108 5533 1143 5582 ad
1159 5531 1278 5581 44440444
1293 5529 1458 5580 Torrentius.
1473 5552 1501 5562 -
1519 5525 1560 5574 29.
1572 5536 1626 5586 rep.

295 5607 391 5656 4444444
405 5611 465 5657 uest.
483 5607 598 5658 retineret
610 5609 671 5658 ET:
689 5608 805 5658 retineret
821 5607 917 5656 auitam
927 5620 981 5668 rep.
994 5606 1144 5669 suffragium
1161 5606 1197 5669 (in
1209 5617 1293 5667 marg.
1302 5602 1442 5666 emtigiraa)
1456 5601 1491 5658 B;
1509 5598 1625 5648 retinent

294 5692 347 5744 rap.
365 5681 462 5730 4444444
477 5687 535 5732 ucat.
554 5683 604 5733 RO
623 5710 650 5719 —
669 5682 710 5732 30.
727 5682 800 5745 sama
815 5682 908 5732 tonora
923 5681 1015 5731 ETB:
1034 5681 1127 5730 bonore
1141 5681 1213 5744 fama
1229 5679 1279 5729 uo
1298 5704 1325 5714 -
1344 5676 1385 5726 34.
1404 5674 1555 5725 calamitatis
1567 5673 1584 5721 S
1596 5698 1631 5735 -,

294 5755 394 5805 ratictru
410 5768 461 5805 4444
471 5755 531 5806 cod.
544 5757 695 5807 nereensis:
713 5756 814 5805 relictas
829 5760 889 5805 44444
905 5755 968 5815 440;
985 5754 1031 5805 rat.
1044 5767 1094 5805 4444
1106 5760 1243 5818 putaretur
1254 5750 1359 5811 Lamb.;
1376 5749 1478 5800 relictas
1488 5752 1523 5796 444
1535 5745 1627 5797 maluit

295 5833 336 5885 Fr.
350 5831 410 5882 Car.
423 5830 553 5883 Wollllus.
568 5858 595 5868 -
615 5832 655 5882 32.
674 5832 755 5894 caepit
770 5831 804 5891 T:
823 5829 958 5892 ceparatB
977 5853 1005 5863 —
1024 5830 1134 5892 repperit
1150 5831 1211 5880 ES:
1229 5827 1337 5891 raopait
1354 5825 1409 5890 (sic)
1421 5825 1455 5885 'l';
1473 5820 1626 5884 4444434440

298 5907 597 5961 -aouttrrtarrartmli
617 5933 644 5946 -
663 5905 1199 5958 33.aaomatoETB:rsromadall0.
