3800 7350
670 1235 979 1304 cmxv-xvir.
1003 1231 1222 1320 §sse-so.
1550 1233 1613 1300 soc

283 1416 396 1477 auctor
417 1427 495 1473 suae
516 1406 674 1482 civitatis,
702 1406 806 1471 solere
828 1426 904 1471 suos
926 1406 1012 1470 cives
1033 1412 1221 1489 ceterosque
1242 1405 1380 1470 Graecos
1406 1424 1449 1469 ex
1470 1412 1613 1488 tempore

284 1503 372 1588 quod
393 1523 475 1586 opus
497 1504 540 1567 sit
561 1501 728 1585 obsignare
749 1501 839 1565 dixit.
878 1503 927 1565 'l'u
948 1520 1024 1564 vero
1046 1500 1103 1564 tibi
1124 1499 1242 1563 habeto
1264 1499 1357 1562 istam
1378 1500 1613 1577 laudationem

283 1618 344 1663 nec
372 1598 457 1661 enim
487 1596 734 1660 Acmonensium
762 1596 944 1659 testimonio
966 1594 1070 1658 Flacci
1100 1594 1165 1657 rita
1186 1601 1220 1657 et
1239 1592 1375 1676 dignitas
1397 1593 1515 1657 nititur.
1549 1592 1615 1657 Das

283 1693 369 1756 enim
391 1690 486 1765 mibi,
509 1690 596 1774 quod
618 1690 698 1753 haec
719 1709 814 1753 causa
835 1690 973 1753 maxime
995 1687 1152 1772 postulat,
1182 1686 1300 1751 nnllam
1322 1688 1521 1771 grarimtem,
1542 1686 1616 1751 nul-

284 1787 346 1850 lam
368 1785 597 1858 consuntiam,
621 1783 742 1847 nullum
763 1784 889 1847 firmum
903 1785 937 1848 in
953 1783 1082 1847 Graecis
1098 1781 1279 1846 bominibus
1293 1781 1474 1856 consilium,
1495 1780 1639 1846 nullane

285 1880 426 1964 denique
449 1899 520 1944 esse
542 1878 716 1943 testimonii
735 1877 850 1941 fidem:
872 1878 935 1940 nisi
958 1897 1034 1940 vero
1051 1876 1205 1940 hactenus
1219 1876 1281 1939 ista
1294 1874 1430 1939 formula
1443 1874 1616 1940 testimonii

284 1984 378 2058 atque
401 1974 554 2040 orationis
584 1982 658 2036 tuae
681 1971 819 2036 describi
841 1991 879 2034 ac
900 1970 1054 2054 distingui
1075 1978 1195 2055 potest,
1222 1977 1257 2034 ut
1277 1969 1390 2033 Flacco
1412 1970 1535 2033 absenti
1557 1969 1617 2031 ali·

285 2069 361 2154 quid
384 2068 527 2134 civitates
549 2066 697 2131 tribuisse
721 2065 877 2139 dicantur,
899 2065 1009 2128 Laelio
1027 2063 1197 2148 praesenti,
1219 2083 1278 2146 per
1292 2083 1326 2127 se
1342 2063 1459 2146 agenti,
1479 2063 1512 2124 ri
1525 2060 1616 2143 legis,

285 2163 353 2227 iure
382 2160 611 2234 accusationis,
641 2160 755 2242 opibus
776 2166 940 2243 praeterea
962 2159 1030 2223 suis
1052 2157 1182 2223 terrenti
1211 2176 1249 2222 ao
1280 2156 1411 2221 minanti
1437 2154 1518 2219 nibil
1538 2161 1616 2220 tem·

284 2256 371 2341 poris
401 2274 497 2319 causa
525 2254 691 2337 scripsisse
717 2261 774 2317 aut
800 2253 986 2336 obsignasse
1007 2252 1184 2316 videantur.
1227 2250 1312 2313 xvl.
1332 2246 1384 2312 37.
1405 2249 1560 2335 Equidem
1581 2247 1653 2311 into

286 2350 424 2416 minimis
445 2349 541 2413 rebus
564 2367 659 2432 saepe
681 2367 733 2411 res
755 2366 886 2430 magnas
907 2345 991 2421 ridi,
1013 2346 1152 2421 iudices,
1174 2343 1369 2428 deprehendi
1391 2362 1428 2407 ac
1442 2342 1560 2416 teneri,
1580 2346 1617 2404 ut

285 2444 320 2508 in
338 2443 402 2507 boc
423 2441 619 2525 Asclepiade.
653 2441 758 2517 llaec,
789 2461 872 2525 quae
901 2448 952 2505 est
972 2460 993 2504 a
1014 2440 1106 2504 nobis
1127 2439 1249 2525 prolata
1269 2436 1424 2514 laudatio,
1451 2435 1617 2519 obsignata

285 2545 354 2601 erat
374 2543 459 2601 creta
478 2535 535 2600 illa
555 2536 712 2610 Asiatica,
742 2554 824 2619 quae
846 2534 912 2598 lere
934 2541 984 2599 est
1005 2534 1152 2598 omnibus
1175 2540 1249 2598 nota
1269 2532 1377 2607 nobis,
1400 2551 1465 2614 qua
1484 2536 1618 2596 utuntur

285 2648 483 2694 omnes-non
505 2631 601 2694 modo
623 2630 658 2693 in
679 2628 831 2712 publicis,
853 2630 909 2693 sed
933 2631 1028 2693 etiam
1049 2629 1082 2692 in
1104 2628 1234 2713 privatis
1256 2626 1389 2701 litteris,
1410 2645 1489 2710 quas
1511 2624 1618 2709 quoti·

284 2723 337 2788 die
359 2723 503 2787 ridemus
526 2724 610 2787 mitti
631 2743 650 2787 a
672 2722 868 2806 publicanis,
891 2743 985 2808 saepe
1007 2723 1064 2786 uni
1085 2723 1202 2807 cuique
1216 2729 1369 2785 nocuum.
1400 2723 1511 2805 Neque
1532 2719 1655 2784 enimse

285 2818 375 2882 testis
396 2818 465 2901 ipse
486 2819 580 2901 signo
601 2819 746 2901 inspecto
769 2816 883 2881 falsum
905 2837 965 2881 nos
987 2817 1131 2903 prolerre
1151 2816 1250 2891 dixit,
1272 2814 1329 2879 sed
1345 2814 1506 2879 levitatem
1519 2813 1617 2878 totius

284 2913 379 2978 Asiae
399 2913 551 2996 protulit,
574 2912 615 2976 de
639 2932 704 2997 qua
723 2930 783 2975 nos
798 2921 831 2975 et
844 2912 982 2976 libenter
996 2920 1029 2976 et
1041 2911 1135 2976 facile
1149 2909 1363 2975 concedimus.
1393 2911 1508 2974 Nostra
1521 2909 1618 2992 igitur

285 3006 445 3082 laudatio,
474 3027 569 3091 quam
596 3008 650 3071 ille
678 3006 831 3089 temporis
861 3025 957 3070 causa
985 3005 1076 3069 nobis
1106 3004 1211 3068 datam
1234 3004 1330 3079 dicit,
1358 3003 1464 3068 datam
1486 3000 1616 3087 quidem

286 3097 475 3176 confitetur,
497 3102 681 3185 consignata
702 3108 788 3165 creta
809 3109 877 3164 est:
898 3101 933 3164 in
955 3100 1012 3163 illo
1033 3108 1138 3163 autem
1162 3098 1358 3173 testimonio,
1380 3097 1465 3182 quod
1487 3114 1617 3161 accusa-

286 3194 347 3259 tori
372 3194 487 3259 dicitur
507 3197 633 3270 datum,
665 3215 769 3259 ceram
799 3214 870 3259 esse
892 3194 1039 3258 vidimus.
1082 3190 1134 3256 38.
1156 3193 1217 3255 Hic
1239 3211 1316 3275 ego,
1343 3191 1481 3265 iudices,
1510 3190 1537 3254 si
1559 3194 1653 3252 rosso

286 3289 532 3353 Acmonensium
555 3290 708 3365 decretis,
731 3289 757 3352 si
776 3296 952 3352 ceterorum
966 3287 1125 3372 Phrygum
1140 3286 1254 3350 litteris
1267 3284 1445 3370 permoveri
1459 3289 1616 3367 putarem,

284 3383 474 3447 vociferarer
495 3391 543 3459 et,
573 3391 726 3468 quantum
755 3382 893 3446 maxime
924 3402 1066 3465 possem,
1089 3380 1329 3445 contenderemt
1357 3388 1490 3443 testarer
1514 3374 1618 3459 publi·

285 3495 398 3550 canos,
427 3476 598 3541 excitarem
635 3478 865 3559 negotiatores,
905 3484 1042 3542 vestram
1071 3475 1167 3538 etiam
1196 3474 1359 3539 scientiam
1395 3470 1616 3557 implorarem

285 3589 359 3634 cora
379 3568 578 3652 deprehensa
599 3567 793 3633 confiderem
815 3570 914 3634 totius
938 3569 1114 3634 testimonii
1135 3568 1242 3634 fictam
1263 3568 1429 3633 audaciam
1450 3563 1616 3630 manifesto

285 3662 548 3747 comprehensam
569 3671 666 3748 atque
688 3684 874 3747 oppressam
897 3665 1009 3729 teneri.
1042 3665 1133 3729 Nunc
1154 3684 1230 3728 vero
1255 3684 1320 3728 non
1341 3661 1500 3728 insultabo
1520 3658 1656 3726 rebe-to

284 3757 422 3822 mentius
442 3778 503 3822 nec
525 3758 664 3822 volitabo
687 3758 721 3822 in
741 3757 803 3822 hoc
824 3758 1015 3822 insolentius
1031 3778 1139 3844 neque
1161 3760 1196 3824 in
1215 3761 1311 3824 istum
1331 3763 1517 3841 nugatorem
1538 3764 1618 3820 tam-

285 3872 381 3937 quam
402 3852 436 3914 in
457 3853 598 3936 aliquem
620 3859 734 3916 testem
756 3851 888 3915 invebar
905 3872 1012 3937 neque
1027 3852 1061 3915 in
1079 3858 1147 3917 toto
1162 3852 1410 3917 Acmonensium
1424 3850 1617 3925 testimonio,

284 3949 351 4010 sive
372 3945 425 4010 hic
446 3936 616 4010 confictum
638 3953 702 4022 est,
731 3953 769 4009 ut
789 3952 939 4030 apparet,
970 3947 1038 4009 sive
1057 3946 1201 4011 missum
1222 3946 1318 4010 domo
1340 3954 1403 4019 est,
1434 3951 1471 4008 ut
1492 3944 1617 4016 dicitur,

286 4040 518 4104 commovebor.
549 4041 694 4115 Etenim,
716 4040 833 4123 quibus
856 4060 915 4123 ego
937 4039 1150 4104 laudationem
1165 4041 1257 4104 istam
1270 4039 1444 4113 remittam,
1466 4038 1617 4121 quoniam

286 4143 375 4210 runt,
396 4140 433 4197 ut
446 4133 648 4217 Asclepiades
671 4132 766 4209 dicit,
788 4135 898 4210 leves,
923 4134 1039 4197 borum
1060 4134 1279 4198 testimonium
1300 4152 1366 4197 non
1387 4132 1655 4216 pertimescamao

368 4227 469 4290 xvn.
499 4224 549 4290 39.
577 4226 680 4291 Venio
709 4248 792 4293 nunc
821 4227 861 4291 ad
883 4228 1112 4311 Dorylensium
1134 4227 1363 4301 testimonium,
1393 4226 1449 4310 qui
1471 4221 1617 4307 producti

285 4319 408 4386 tabulas
429 4340 464 4383 se
485 4319 628 4403 publicas
650 4320 691 4383 ad
712 4321 880 4405 speluncas
904 4322 1081 4405 perdidisse
1103 4321 1262 4385 dixerunt.
1295 4320 1322 4384 Ο
1344 4326 1488 4403 pastores
1508 4315 1618 4380 nescio

286 4434 367 4501 qnos
389 4413 523 4497 cupidos
546 4413 738 4478 litteraruml
762 4417 789 4480 si
809 4414 939 4500 quidem
955 4415 1036 4478 nibil
1051 4415 1120 4480 istis
1135 4422 1261 4497 praeter
1275 4414 1396 4479 litteras
1410 4413 1618 4478 abstulerunt.

287 4512 348 4575 Sed
375 4509 464 4573 aliud
494 4529 564 4572 esse
587 4528 699 4573 causae
722 4512 939 4593 suspicamur,
964 4530 1005 4573 ne
1027 4509 1110 4574 forte
1131 4511 1184 4573 isti
1206 4529 1319 4593 parum
1339 4507 1458 4571 venuti
1480 4526 1550 4570 esse
1571 4505 1619 4569 vi·

286 4606 429 4669 deantur.
461 4605 653 4678 Poenaest,
688 4610 725 4666 ut
746 4605 877 4687 opinor,
899 4605 1030 4689 Dorylai
1052 4605 1179 4687 gravior
1199 4623 1295 4688 quam
1317 4602 1399 4687 apud
1422 4601 1502 4666 alios
1522 4600 1655 4668 falsa-ee

285 4720 354 4763 rum
376 4704 408 4761 et
428 4704 645 4781 corruptarum
661 4699 847 4762 litterarum.
880 4699 914 4761 Si
928 4718 1020 4763 veras
1035 4698 1259 4784 protulissent,
1282 4696 1423 4760 criminis
1437 4695 1519 4761 nihil
1534 4702 1617 4767 erat:

286 4795 311 4857 si
332 4791 439 4867 falsas,
462 4798 530 4855 erat
550 4811 663 4876 poena.
697 4792 910 4856 Bellissimum
932 4799 1124 4875 putaverunt
1145 4791 1250 4854 dicere
1264 4791 1407 4854 amissas.
1444 4788 1497 4853 lc.
1519 4789 1618 4867 Quie-

286 4895 374 4951 ecaut
393 4886 490 4969 igitur
512 4894 545 4948 et
566 4903 617 4947 me
637 4884 699 4948 boc
722 4886 756 4948 in
778 4886 866 4949 lucro
888 4906 1009 4970 ponere
1031 4895 1126 4969 atque
1142 4886 1229 4948 aliud
1244 4885 1524 4969 agerepatiantur.
1546 4887 1618 4947 Non

285 4983 403 5044 sinunt.
441 4979 575 5063 Supplet
596 4981 680 5042 enim
702 4979 762 5043 iste
784 4981 893 5045 nescio
915 4981 971 5064 qui
995 4986 1027 5043 et
1051 4979 1199 5064 privatim
1221 4978 1299 5043 dicit
1320 4998 1354 5042 se
1377 4978 1513 5043 dedisse.
1548 4979 1618 5042 Hoc

284 5094 359 5139 vero
386 5073 462 5138 ferri
484 5073 572 5137 nullo
595 5075 692 5137 modo
714 5081 829 5158 potest
872 5073 936 5151 Qui
959 5077 999 5138 de
1022 5074 1138 5139 tabulis
1159 5073 1294 5159 publicis
1316 5073 1428 5137 recitat
1449 5074 1506 5148 iis,
1535 5086 1656 5155 quaeso

348 5251 374 5301 2.
394 5251 430 5300 Tu
444 5262 504 5301 cero
521 5249 565 5300 tibi
580 5249 643 5300 bebo
659 5255 738 5300 totam
748 5250 918 5301 undatim
928 5251 1062 5302 dxrcntssc
1073 5249 1156 5301 babet
1166 5250 1186 5302 B
1198 5274 1226 5286 -
1245 5249 1270 5301 3.
1281 5250 1337 5300 uta
1348 5249 1432 5301 Ftocct
1442 5250 1459 5300 S
1473 5276 1501 5286 -
1519 5247 1544 5301 l.
1556 5249 1617 5298 not-

283 5329 336 5378 loar
350 5326 518 5378 condocticm
534 5338 588 5375 om.
607 5326 627 5375 Τ
646 5351 673 5362 -
693 5325 718 5374 l.
736 5330 813 5387 atquc
828 5326 950 5389 &stingui
967 5327 984 5375 S
1000 5351 1025 5361 -
1044 5331 1121 5376 otu
1132 5326 1249 5376 woodo
1260 5323 1373 5375 babetB
1387 5351 1415 5360 -
1433 5323 1475 5374 ti.
1487 5322 1619 5389 mumulo

284 5403 443 5455 --Ass'otr'co
459 5399 541 5452 babet
557 5402 576 5451 B
596 5427 621 5437 -
642 5399 682 5451 tl.
702 5415 754 5464 quc
770 5403 787 5450 s
807 5427 833 5437 -
855 5402 895 5451 to.
913 5401 980 5451 mim
997 5398 1069 5450 delet
1084 5399 1284 5452 Mommsenius.
1301 5427 1328 5436 -
1348 5398 1389 5450 49.
1407 5397 1539 5462 Maeote
1554 5400 1574 5450 1.
1588 5425 1615 5433 -

283 5478 325 5529 η
343 5476 474 5541 wrm]
491 5488 569 5538 qoam
585 5475 640 5525 ΤΡ.
658 5501 685 5511 -
704 5476 745 5526 23.
763 5475 1000 5526 uouemere:
1019 5475 1195 5525 ceramensium
1211 5485 1272 5525 cum
1290 5473 1334 5525 cd.
1352 5473 1455 5524 Iuntina
1472 5474 1557 5525 FLO.
1576 5475 1616 5526 Cl.

283 5567 311 5618 p.
323 5552 382 5615 6⁵8,
394 5552 420 5602 7.
441 5577 467 5588 -
487 5551 528 5600 29.
546 5549 716 5600 coruom
731 5550 878 5601 tetcmsl':
896 5550 1240 5601 istcmbudnttooemALO
1259 5575 1287 5586 -
1306 5548 1347 5601 32.
1361 5549 1381 5598 0
1394 5549 1619 5612 postorcr--ltte-

282 5641 375 5679 rorum
390 5625 473 5677 babet
488 5625 508 5676 B
527 5650 554 5660 —
573 5624 614 5674 ab.
632 5624 724 5675 dorilei
741 5625 772 5684 S;
790 5625 966 5687 Dorutesstum
982 5627 1031 5677 Al.
1045 5651 1073 5662 -
1092 5625 1133 5676 36.
1152 5623 1302 5688 tusconen]
1319 5621 1360 5675 Ab
1376 5624 1428 5675 hac
1444 5637 1510 5674 voce
1527 5626 1619 5690 incipit

283 5704 463 5767 lregmentum
478 5700 558 5750 buius
575 5699 699 5751 orationis
716 5699 881 5751 Vaticanum.
900 5727 927 5737 -
943 5701 1087 5764 protulisset
1104 5702 1121 5750 S
1140 5724 1168 5736 -
1187 5699 1229 5752 37.
1247 5699 1363 5762 risehae
1378 5699 1496 5750 VSTA:
1515 5700 1554 5750 sin
1568 5701 1620 5763 sol-

281 5790 325 5829 ιω
340 5777 392 5829 lo
411 5801 439 5812 -
457 5775 786 5826 emmenum-wmarus
801 5773 884 5825 babet
899 5777 919 5827 Β
934 5803 959 5815 -
977 5775 1179 5838 Woumb:
1194 5779 1319 5838 potorum
1334 5775 1426 5825 ceteri.
1441 5800 1469 5810 -
1487 5773 1529 5826 38.
1547 5776 1618 5827 aliod

281 5852 506 5918 mcngTA
525 5848 850 5916 -dbsr'coutJrr'tV-
869 5850 1482 5913 eonmsoqosv:uaneaeoqoosra-
1501 5849 1617 5918 l0.0oe'1

281 5929 344 5996 queo
359 5928 379 5981 Τ
398 5951 426 5965 -
443 5926 534 5979 restat
548 5925 588 5993 lis]
604 5926 716 5979 recitatis
732 5926 767 5987 V;
785 5926 876 5978 recitat
890 5925 928 5976 btr
944 5926 1005 5984 SAr
1022 5925 1130 5977 recitant
1144 5925 1177 5977 its
1193 5926 1224 5990 (s.
1235 5925 1280 5989 les)
1296 5927 1401 5994 septem
1413 5924 1492 5980 codd.
1504 5926 1613 5991 Legem.
