3800 7350
304 1207 366 1283 876
484 1311 492 1319 Ι
733 1218 884 1284 onium
904 1218 958 1284 DE
978 1216 1096 1284 DOMO
1118 1219 1194 1284 SUA

306 1390 345 1453 de
369 1389 482 1474 Cyprio
511 1408 585 1471 rege
606 1388 760 1472 placeret,
792 1388 831 1451 de
853 1388 1015 1452 exsulibus
1037 1389 1197 1472 Byzantiis
1219 1387 1420 1470 displiceret?
1450 1386 1539 1462 Quae
1561 1393 1619 1459 est,

306 1502 442 1566 quaeso,
463 1483 525 1545 alia
545 1482 613 1556 vis,
636 1502 717 1566 quae
739 1483 894 1546 sententia
917 1481 1072 1545 Caeciliae
1093 1481 1172 1564 legis
1194 1488 1225 1544 et
1246 1481 1357 1545 Didiae
1379 1481 1440 1544 nisi
1461 1480 1557 1554 baec,
1579 1500 1620 1543 ne

305 1576 424 1660 populo
445 1595 575 1640 necesse
597 1576 690 1639 sitin
712 1576 885 1640 coniunctis
912 1577 1005 1639 rebus
1028 1574 1241 1659 compluribus
1262 1582 1317 1639 aut
1337 1575 1388 1649 id,
1421 1573 1508 1658 quod
1530 1572 1619 1647 nolit,

304 1670 446 1753 accipere
468 1677 523 1732 aut
543 1669 592 1743 id,
615 1668 702 1752 quod
723 1668 815 1744 velit,
832 1669 1033 1753 ‘repudiaret

280 1771 309 1821 t¹
389 1761 496 1838 Quidl
518 1763 544 1827 si
566 1763 708 1845 pervim
730 1762 844 1837 tulisti,
868 1770 1012 1826 tamenne
1033 1762 1086 1825 lex
1108 1765 1177 1825 esti
1207 1768 1261 1825 aut
1282 1762 1457 1846 quidquam
1477 1762 1546 1825 iure
1567 1781 1622 1844 ge·

304 1863 386 1920 stum
407 1857 507 1929 videri
529 1864 647 1940 potest,
679 1855 765 1939 quod
786 1857 928 1939 pervim
950 1863 1072 1940 gestum
1096 1876 1165 1920 esse
1187 1860 1330 1920 constett
1362 1857 1425 1930 An,
1448 1856 1475 1920 si
1497 1857 1530 1919 in
1552 1856 1620 1940 ipsa

216 2013 224 2026 ,
303 1949 421 2013 latione
443 1957 497 2014 tna
518 1958 608 2033 capta
629 1951 692 2013 iam
713 1949 791 2013 urbe
813 1950 933 2033 lapides
955 1951 1046 2025 iacti,
1076 1950 1102 2014 si
1125 1970 1237 2013 manus
1260 1949 1375 2012 collata
1396 1969 1459 2013 non
1482 1957 1545 2025 est,
1573 1950 1622 2012 id·

304 2044 385 2106 circo
407 2050 442 2107 tu
463 2044 503 2107 ad
525 2043 611 2108 illam
633 2044 735 2107 labem
757 2050 852 2127 atque
874 2044 1011 2107 eluviem
1032 2045 1165 2107 civitatis
1187 2045 1255 2107 sine
1276 2062 1397 2106 summa
1411 2046 1441 2108 vi
1456 2045 1621 2129 pervenire

304 2138 458 2221 potuisti?
500 2139 587 2200 XXI.
608 2133 659 2202 et.
682 2136 759 2201 Cum
787 2138 818 2199 in
848 2137 996 2201 tribunali
1025 2138 1154 2201 Aurelio
1182 2137 1401 2201 conscribebas
1431 2136 1533 2221 palam
1555 2154 1621 2198 nou

267 2244 294 2293 io
303 2233 398 2296 modo
418 2232 550 2307 llberos,
578 2232 633 2296 sed
656 2232 751 2296 etiam
773 2250 898 2306 servos,
926 2250 966 2294 ex
988 2232 1134 2296 omnibus
1155 2233 1234 2296 vicis
1256 2232 1447 2305 concitatos,
1470 2230 1534 2292 rim
1554 2236 1621 2292 urm

303 2325 451 2390 videlicet
479 2345 544 2389 non
572 2327 729 2409 parebas?
761 2324 838 2389 Cum
865 2324 976 2389 edictis
1004 2328 1064 2390 tuis
1086 2327 1231 2389 tabernas
1253 2324 1357 2390 claudi
1378 2325 1524 2397 iubebas,
1554 2342 1620 2385 non

303 2419 366 2482 rim
397 2420 559 2503 imperitae
588 2419 815 2493 multitudinis,
845 2418 900 2483 sed
927 2420 1090 2484 bominum
1111 2419 1317 2483 bonestorum
1338 2418 1525 2483 modestiam
1546 2436 1622 2500 pru·

304 2510 507 2597 dentiumque
528 2513 723 2598 quaerebas?
758 2514 835 2577 Cum
856 2532 942 2577 arma
961 2514 993 2576 in
1008 2514 1118 2577 aedem
1136 2513 1273 2577 Castoris
1288 2512 1520 2595 comportabas,
1543 2509 1620 2574 nibil

303 2603 390 2667 aliud
411 2607 474 2670 nisi
496 2609 542 2670 uti
564 2627 604 2671 ne
627 2608 703 2691 quid
724 2626 783 2692 per
804 2608 867 2671 rim
889 2608 938 2689 agi
961 2615 1068 2691 posset
1090 2605 1332 2670 machinabaret
1356 2607 1433 2669 Cum
1454 2624 1531 2667 vero
1552 2623 1622 2686 qra-

266 2698 362 2763 ttdus
385 2698 522 2764 Castoris
543 2700 721 2764 convellisti
742 2721 779 2765 ac
802 2702 977 2775 removisti,
1000 2708 1076 2776 tum,
1098 2708 1134 2763 ut
1155 2701 1295 2765 modeste
1317 2700 1374 2765 tibi
1396 2719 1489 2783 agere
1503 2697 1622 2772 liceret,

303 2792 448 2857 homines
467 2795 601 2858 audaces
623 2795 753 2858 abelus
775 2795 884 2880 templi
914 2795 1002 2858 aditu
1024 2803 1119 2878 atque
1141 2794 1296 2857 adscensu
1315 2793 1507 2879 reppulisti?
1544 2790 1622 2855 Cum

303 2905 375 2961 eos,
400 2887 455 2970 qui
476 2888 509 2951 in
530 2897 688 2953 conventu
709 2889 845 2952 virorum
865 2889 1019 2952 bonorum
1035 2889 1130 2952 verba
1144 2888 1183 2949 de
1198 2887 1298 2951 salute
1313 2908 1383 2952 mea
1395 2886 1545 2961 fecerant,
1566 2885 1623 2949 ad·

303 3000 374 3044 esse
387 2981 505 3045 iussisti
520 3002 695 3067 eorumque
718 2983 956 3046 advocationem
973 2983 1127 3057 manibus,
1147 2981 1241 3056 ferro,
1263 2982 1419 3064 lapidibus
1436 2978 1622 3054 discussisti,

303 3080 370 3136 tum
391 3072 533 3158 profecto
555 3076 721 3139 ostendisti
738 3076 800 3139 vim
823 3076 879 3139 tibi
902 3076 1036 3139 marium
1058 3074 1233 3157 displicere.
1276 3072 1326 3137 55.
1343 3075 1458 3137 Verum
1479 3074 1559 3138 haee
1574 3072 1645 3162 fug

265 3168 386 3232 atrium
407 3169 455 3258 qis
475 3165 603 3233 vaesani
624 3170 742 3234 tribuni
763 3168 806 3253 pl.
827 3168 920 3232 facile
944 3170 1084 3252 superari
1107 3169 1272 3252 frangique
1294 3170 1397 3252 potuit
1414 3170 1552 3232 virorum
1567 3167 1623 3231 bo·

304 3281 417 3325 norum
444 3262 495 3325 vel
524 3265 638 3328 virtute
660 3264 711 3327 vel
734 3263 943 3328 multitudine.
981 3264 1090 3338 Quid?
1119 3284 1190 3327 eum
1213 3264 1346 3327 Gabinio
1369 3264 1460 3349 Syria
1481 3263 1622 3336 dabatur,

304 3355 490 3422 Macedonia
510 3358 631 3434 Pisoni,
654 3358 781 3441 utrique
804 3354 961 3421 inlinitum
984 3358 1168 3441 imperium,
1197 3358 1308 3440 ingens
1329 3357 1481 3440 pecunia,
1508 3363 1545 3419 ut
1564 3356 1622 3422 tibi

304 3451 410 3513 omnia
430 3450 656 3535 permitterent,
678 3459 708 3515 te
731 3452 926 3526 adiuvarent,
948 3452 1004 3514 tibi
1019 3471 1155 3525 manum,
1178 3452 1305 3534 copias,
1317 3452 1375 3515 tibi
1390 3469 1466 3514 suos
1482 3457 1622 3533 speratos

305 3546 520 3620 centuriones,
542 3546 599 3609 tibi
619 3546 804 3629 pecuniam,
832 3545 888 3608 tibi
910 3544 1045 3609 familias
1066 3552 1300 3630 compararent,
1322 3552 1353 3609 te
1375 3545 1440 3608 suis
1462 3543 1623 3608 sceleratis

267 3638 508 3703 incantionibus
529 3639 746 3717 sublevarent,
777 3648 905 3704 senatus
927 3639 1144 3704 auctoritatem
1165 3640 1350 3714 irriderent,
1381 3637 1540 3723 equitibus
1561 3637 1624 3699 Ro-

305 3733 406 3796 manis
428 3739 561 3798 mortem
581 3735 908 3819 proscriptionemque
926 3734 1164 3811 minitarentur,
1186 3752 1236 3797 me
1250 3740 1404 3798 terrerent
1417 3733 1525 3806 minis,
1547 3731 1623 3794 mibi

305 3826 433 3890 caedem
456 3835 488 3890 et
510 3828 742 3893 dimicationem
764 3829 998 3902 denuntiarent,
1020 3848 1121 3891 meam
1137 3829 1264 3892 domum
1281 3828 1428 3891 refertam
1442 3825 1518 3890 viris
1531 3822 1623 3888 bonis

306 3940 363 4004 per
383 3921 501 3985 amicos
524 3940 599 3985 suos
621 3923 815 4008 complerent
836 3922 1077 4006 proscriptionis
1099 3930 1195 3999 metu,
1211 3942 1261 3985 me
1275 3920 1453 4006 frequentia
1467 3918 1625 3982 nudarent

305 4015 446 4078 virorum
467 4014 638 4091 bonorum,
660 4036 709 4079 me
731 4018 889 4100 praesidio
912 4017 1086 4100 spoliarent
1107 4025 1251 4091 senatus,
1279 4036 1338 4100 pro
1364 4034 1413 4077 me
1439 4033 1505 4076 non
1526 4011 1622 4075 modo

266 4123 294 4169 so
304 4127 446 4193 pugnare
473 4109 699 4192 amplissimum
726 4111 885 4185 ordinem,
915 4109 1086 4173 sedetiam
1109 4111 1231 4193 plorare
1254 4117 1285 4172 ct
1306 4109 1485 4192 supplicare
1506 4113 1625 4170 mutata

304 4209 390 4266 veste
412 4201 632 4285 prohiberent,
655 4225 695 4268 ne
716 4213 781 4268 tum
805 4204 933 4288 quidem
956 4203 1006 4267 vis
1028 4207 1120 4267 erat‘l
1162 4205 1263 4266 xxti.
1278 4201 1329 4265 56.
1352 4200 1438 4278 Quid
1455 4202 1550 4284 igitur
1565 4220 1623 4282 ego

305 4299 386 4360 cessi
407 4303 463 4360 aot
478 4297 533 4381 qui
556 4298 650 4361 timor
663 4299 744 4363 fuiti
766 4319 830 4362 non
844 4298 957 4373 dicam,
980 4298 1013 4361 in
1030 4319 1097 4361 me:
1118 4297 1169 4361 fao
1185 4318 1234 4361 me
1249 4296 1395 4361 timidum
1409 4314 1480 4359 esse
1494 4302 1622 4359 natura:

305 4391 382 4474 quid
405 4390 459 4453 illa
480 4398 527 4455 tot
547 4393 683 4455 virorum
704 4392 945 4456 fortissimorum
968 4393 1079 4455 miliat
1101 4392 1179 4476 quid
1201 4391 1301 4455 nostri
1323 4391 1446 4473 equites
1468 4390 1623 4453 Romanii

305 4483 383 4568 quid
405 4488 556 4548 senatus?
579 4486 655 4569 quid
678 4486 816 4570 denique
838 4506 947 4550 omnes
969 4487 1072 4550 bonif
1095 4487 1122 4550 si
1144 4486 1231 4550 nulla
1251 4492 1319 4549 erat
1332 4486 1390 4560 vis,
1411 4504 1467 4547 our
1480 4503 1531 4547 me
1545 4485 1624 4546 den·

267 4586 352 4642 astes
373 4580 478 4661 potius
499 4579 657 4661 prosecuti
680 4588 768 4654 sunt,
791 4599 886 4663 quam
907 4586 962 4643 aut
983 4581 1183 4664 increpantes
1204 4580 1402 4643 retinuerunt
1422 4587 1476 4642 aut
1491 4579 1561 4642 irati
1574 4597 1625 4641 re-

305 4672 489 4756 liquerunt?
518 4676 566 4735 Aa
587 4671 649 4736 boc
671 4674 834 4750 timebam,
862 4674 889 4736 si
913 4694 1036 4738 mecum
1057 4682 1202 4756 ageretur
1223 4693 1309 4737 more
1330 4673 1537 4755 institutoque
1560 4693 1625 4735 ma·

306 4766 426 4840 iorum,
454 4774 490 4828 ut
514 4786 639 4849 possem
668 4787 818 4850 praesens
848 4769 1027 4832 sustineret
1070 4766 1122 4831 57.
1149 4769 1259 4832 Utrum
1289 4769 1315 4830 si
1337 4766 1405 4830 dies
1427 4765 1512 4830 dieta
1532 4772 1625 4839 esset,

373 5002 396 5049 l.
414 4998 527 5049 nutibus
543 5001 592 5050 PG
615 5027 642 5036 -
665 5000 805 5063 bprontinis
821 5005 855 5060 P;
879 5001 1013 5054 bizantinis
1029 5004 1091 5054 Gli.
1118 5002 1158 5052 Cf.
1176 5001 1191 5065 5
1209 5001 1267 5050 489.
1288 5025 1315 5036 -
1337 5002 1363 5050 8.
1381 5012 1472 5063 quaem
1491 5012 1545 5062 mg.
1563 4996 1581 5052 t
1598 5001 1627 5050 et

307 5073 459 5125 Ernestius:
479 5074 551 5136 puori
569 5075 587 5124 C
608 5101 635 5111 —
654 5076 744 5126 acilius
760 5078 781 5126 G
800 5104 826 5112 —
844 5091 875 5128 ns
892 5090 945 5128 om.
965 5079 1020 5129 ult
1037 5104 1064 5114 -
1083 5077 1107 5129 a:
1124 5089 1218 5128 messae
1233 5075 1272 5141 sit]
1289 5072 1463 5126 amintes
1481 5100 1508 5110 -
1525 5074 1627 5138 conplu-

306 5149 450 5199 iibnsP—
469 5148 493 5198 3.
512 5149 646 5210 quicqum
662 5152 723 5200 P-
742 5152 765 5201 8.
784 5151 873 5202 einen
889 5152 958 5202 1²¹-
978 5153 1018 5203 to.
1036 5151 1097 5216 tom]
1115 5152 1215 5201 tnomc
1231 5177 1256 5187 -
1277 5152 1317 5201 lt.
1335 5150 1419 5202 iubeas
1436 5148 1505 5200 1³²-
1523 5151 1626 5200 ibisn-

304 5224 427 5288 psritotno
444 5221 473 5273 P¹
491 5249 518 5260 -
540 5225 700 5284 prudentiam
715 5227 908 5290 ommiumque
924 5229 979 5278 Gli
1004 5255 1031 5264 -
1054 5227 1093 5279 li.
1108 5240 1181 5290 posse
1196 5224 1225 5277 1³¹
1243 5251 1272 5262 —
1295 5227 1335 5275 43.
1353 5225 1470 5277 conustlis
1489 5222 1562 5275 1²¹-
1582 5225 1625 5275 46.

307 5312 410 5351 ananau
424 5299 481 5349 C-
500 5300 628 5361 reppulisti
644 5302 706 5350 PG:
724 5303 868 5364 repulistiO
884 5329 908 5340 -
928 5304 969 5354 ti.
988 5304 1031 5366 put
1046 5304 1073 5353 in
1089 5307 1209 5354 cononem
1224 5302 1368 5352 Manutius:
1387 5301 1431 5364 qni
1445 5304 1565 5351 nonomine
1576 5299 1626 5349 CO

308 5402 335 5413 -
356 5375 395 5424 48.
413 5373 576 5424 aduocatione
593 5375 645 5425 Pu
659 5402 685 5411 -
704 5376 1054 5429 navemannessond
1074 5379 1112 5430 Cf.
1130 5394 1157 5444 p.
1176 5379 1233 5439 860,
1247 5378 1287 5429 lli.
1300 5404 1327 5414 -·
1345 5376 1386 5427 83.
1405 5375 1449 5426 titi
1462 5388 1565 5426 momen
1582 5371 1624 5426 1³²:

308 5454 430 5502 tineaene
446 5448 490 5507 1³¹3
508 5447 552 5497 tibi
567 5461 688 5501 monnone
704 5448 734 5501 Ρ3
747 5476 773 5488 -
793 5452 836 5503 n'at
852 5454 999 5516 norant
1012 5480 1039 5490 -
1057 5452 1098 5504 il.
1113 5454 1247 5517 pannium
1259 5453 1293 5502 C:
1308 5451 1457 5514 pernicio
1470 5475 1497 5486 —-
1516 5451 1557 5501 88.
1569 5464 1628 5501 oon·

307 5527 413 5579 tionibus
429 5525 490 5575 PG:
509 5524 695 5577 connonltnso
714 5552 740 5564 -
759 5528 894 5579 tenderent
910 5530 969 5579 P-
987 5528 1029 5578 86.
1047 5533 1140 5579 terrem
1156 5526 1184 5577 P¹
1203 5556 1230 5565 -
1247 5527 1289 5577 tt.
1307 5526 1519 5577 acronium
1538 5552 1565 5562 -
1583 5525 1625 5576 88.

294 5601 454 5664 ¹eorreptsrrnt
470 5599 660 5661 proscriptionis
680 5607 758 5663 men,
781 5617 820 5653 me
834 5602 1014 5654 Marklandus:
1037 5604 1198 5666 complerent,
1217 5600 1407 5665 proscriptionis
1421 5605 1489 5649 nsetn
1502 5612 1542 5649 rns
1557 5599 1578 5649 0
1597 5625 1625 5637 -

307 5679 348 5730 89.
366 5676 499 5738 spoliarant
515 5679 625 5735 muns,
648 5690 696 5738 pro
713 5677 892 5730 llarklondus:
918 5679 1068 5742 spoliarent,
1085 5684 1199 5728 servotum
1211 5691 1261 5741 pro
1278 5676 1327 5726 CO
1347 5701 1374 5711 -
1401 5674 1442 5724 30.
1458 5686 1575 5738 pupnors
1590 5673 1625 5722 C:

304 5746 503 5819 prnpupooroo
522 5772 550 5783 -
568 5749 608 5799 at.
626 5756 692 5802 orate
708 5765 761 5802 om.
780 5755 800 5803 G
819 5780 846 5790 -
864 5754 905 5804 38.
917 5755 977 5804 cern
993 5754 1071 5805 codd.
1086 5755 1192 5817 uagom.
1205 5756 1260 5803 tres
1271 5752 1299 5801 et
1309 5748 1499 5812 Pantagathus:
1517 5748 1580 5812 possi
1596 5746 1625 5796 C.

308 5828 348 5880 Cf.
366 5841 393 5891 p.
411 5824 468 5887 879,
487 5820 528 5872 ³2.
553 5849 580 5859 -
603 5825 643 5877 33.
661 5827 782 5877 nirumP
804 5856 837 5865 —
857 5829 930 5879 mitio
951 5831 1015 5879 PG:
1038 5828 1155 5878 minuo
1178 5852 1205 5863 -
1229 5823 1296 5890 quid]
1313 5824 1380 5889 quod
1399 5824 1427 5873 P¹
1446 5849 1473 5860 -
1497 5823 1576 5872 nosti
1592 5821 1623 5872 C:

308 5903 387 5956 scari
401 5898 797 5969 illio-al.nsr1nn]rcron
816 5903 880 5968 (sin
896 5902 996 5966 rasura)
1014 5905 1042 5954 P.
