3800 7350
329 1175 390 1241 9l8
755 1174 907 1240 onorio
928 1174 1007 1239 nno
1029 1177 1063 1240 P.
1085 1176 1227 1241 SESTIO

326 1367 496 1432 perparvo,
518 1366 590 1409 cum
611 1365 721 1409 omnes
742 1353 850 1429 portus
872 1352 1033 1429 terrasque
1055 1345 1188 1427 sugeret,
1210 1347 1243 1409 in
1266 1365 1336 1410 oras
1350 1346 1474 1410 Africae
1497 1350 1646 1411 desertis-

326 1443 421 1505 simas
443 1438 636 1523 pervenisse.
668 1440 772 1523 Atque
793 1439 847 1501 ille
868 1441 963 1502 vitam
985 1460 1089 1514 suam,
1113 1461 1153 1504 ne
1175 1440 1296 1503 inultus
1318 1450 1419 1515 esset,
1441 1442 1481 1505 ad
1503 1445 1646 1507 Incertis·

326 1536 436 1598 simam
464 1553 553 1618 spem
582 1540 614 1595 ct
641 1534 681 1595 ad
708 1534 755 1596 rei
784 1532 929 1616 publicae
949 1531 1049 1597 latum
1069 1535 1262 1597 reservavit:
1296 1537 1464 1619 ego,qui,
1488 1537 1643 1620 quemad

326 1627 453 1690 modum
475 1626 564 1690 multi
584 1628 618 1690 in
641 1635 752 1690 senatu
774 1647 825 1691 me
847 1627 976 1689 absente
999 1627 1160 1702 dlxerunt,
1182 1628 1322 1711 periculo
1340 1629 1386 1692 rei
1401 1628 1545 1710 publicae
1559 1630 1644 1693 rive·

300 1723 395 1785 sbam
428 1722 546 1805 quique
575 1722 617 1784 ob
646 1740 715 1784 eam
744 1740 870 1783 cansam
899 1721 1118 1783 consularibus
1145 1721 1256 1785 litteris
1277 1721 1318 1784 de
1340 1730 1467 1785 senatus
1489 1725 1643 1787 sententia

323 1815 440 1878 exteris
468 1814 651 1877 nationibus
680 1813 939 1888 commendabat,
968 1835 1090 1888 nonne,
1119 1816 1145 1878 si
1176 1836 1278 1879 meam
1304 1817 1400 1879 vitam
1422 1816 1643 1892 deseruissem,

322 1930 389 1972 rem
411 1908 568 1991 publicam
590 1909 826 1991 prodidissem?
848 1908 882 1969 in
904 1928 969 1992 qne
990 1909 1118 1991 quidem
1141 1930 1225 1973 nunc
1248 1930 1298 1972 me
1312 1910 1458 1973 restituto
1479 1910 1557 1973 vivit
1577 1931 1642 1973 me·

321 2023 395 2066 cnm
416 2001 510 2064 slmul
531 2002 711 2084 exemplum
733 1999 806 2064 lidei
827 2002 984 2085 publicae.
1018 2002 1111 2077 Quod
1134 2004 1160 2066 si
1182 2003 1357 2067 immortale
1379 2004 1548 2079 retinetur,
1571 2008 1642 2089 quis

320 2118 383 2159 non
405 2095 554 2177 intelllgit
575 2095 782 2158 immortalem
803 2096 885 2158 hanc
909 2097 1067 2159 clvitatem
1090 2097 1253 2160 futuram?
1290 2098 1406 2159 XXIII.
1421 2096 1472 2160 5⁴.
1494 2100 1572 2161 Nam
1586 2119 1642 2162 ex·

283 2200 408 2254 roterna
428 2188 512 2251 bella
532 2207 658 2271 regum,
681 2190 840 2271 gentium,
862 2190 1025 2252 nationum
1048 2190 1110 2254 iam
1133 2191 1256 2274 pridem
1273 2193 1318 2255 ita
1332 2192 1488 2255 exstincta
1502 2199 1584 2266 sunt,
1606 2202 1642 2254 nt

319 2284 479 2368 praeclaro
500 2303 572 2345 cnm
594 2283 634 2345 iis
655 2302 798 2366 agamus,
821 2302 902 2367 qnos
924 2291 1051 2366 pacatos
1065 2305 1135 2347 esse
1157 2286 1322 2367 patiamur.
1358 2285 1503 2369 Denique
1518 2305 1560 2348 ex
1574 2285 1641 2348 bel·

319 2380 382 2442 lica
402 2377 535 2441 victoria
563 2396 629 2439 non
657 2376 723 2440 lere
746 2397 936 2461 quemquam
958 2386 1007 2440 est
1027 2378 1148 2441 Invidia
1170 2380 1284 2442 civium
1306 2388 1486 2443 consecuta.
1525 2380 1640 2442 Dome-

318 2472 404 2535 sticis
425 2470 516 2533 malis
538 2478 571 2534 et
591 2471 756 2534 audacium
777 2471 891 2533 civium
913 2471 1056 2534 consiliis
1078 2491 1173 2553 saepe
1196 2479 1244 2534 est
1264 2473 1492 2546 resistendum,
1515 2491 1639 2535 eornm-

319 2586 382 2649 que
411 2563 624 2647 periculorum
654 2571 702 2627 est
730 2564 763 2626 in
790 2584 825 2626 re
855 2564 982 2646 publica
1004 2565 1169 2628 retinenda
1191 2565 1362 2629 medicina:
1387 2586 1481 2649 quam
1503 2586 1638 2639 omnem,

280 2658 453 2747 uindices,
475 2657 709 2740 perdidissetis,
731 2658 758 2720 si
780 2678 851 2721 meo
873 2657 1000 2720 interitu
1019 2658 1142 2720 senatui
1164 2659 1347 2741 populoque
1362 2660 1502 2723 Romano
1518 2658 1638 2722 doloris

318 2754 367 2817 sui
397 2752 437 2816 de
466 2772 515 2814 me
538 2751 718 2814 declarandi
748 2757 887 2835 potestas
911 2761 996 2814 esset
1016 2760 1132 2835 erepta.
1166 2751 1271 2826 Quare
1294 2772 1408 2815 moneo
1431 2773 1502 2829 vos,
1530 2753 1638 2817 adole-

316 2853 455 2919 scentes,
477 2853 573 2928 atque
593 2845 654 2908 hoc
675 2865 747 2908 meo
768 2845 836 2907 iure
858 2845 1036 2927 praecipio,
1065 2844 1121 2927 qui
1143 2844 1343 2925 dignitatem,
1368 2847 1424 2930 qui
1445 2867 1512 2912 rem
1533 2848 1637 2931 publi-

315 2961 403 3015 cam,
424 2938 480 3022 qui
502 2938 634 3020 gloriam
655 2938 821 3020 spectatis,
844 2957 899 3010 ne,
922 2938 948 3000 si
971 2957 1053 3019 quae
1068 2956 1125 3000 vos
1144 2937 1316 3019 ailquando
1330 2939 1502 3003 necessitas
1515 2940 1556 3004 ad
1569 2961 1636 3005 rem

315 3034 473 3116 publicam
496 3040 604 3094 contra
625 3031 784 3115 improbos
807 3031 891 3093 clves
913 3029 1146 3093 defendendam
1166 3031 1306 3106 vocabit,
1333 3032 1493 3114 segniores
1514 3034 1584 3098 sitis
1605 3040 1637 3096 et

277 3126 534 3192 sorecordatione
561 3124 624 3188 mei
655 3144 745 3187 casus
767 3144 785 3186 a
808 3124 947 3187 consiliis
969 3123 1102 3187 sortibus
1124 3123 1294 3205 refugiens.
1338 3123 1389 3188 52.
1411 3126 1548 3190 Primum
1570 3146 1635 3190 non

314 3228 364 3284 est
382 3218 566 3305 periculum,
587 3238 629 3280 ne
651 3218 723 3300 quis
746 3237 895 3300 umquam
918 3217 1039 3279 incidat
1059 3219 1092 3279 in
1115 3218 1287 3281 eiusmodi
1309 3220 1472 3295 consules,
1493 3240 1636 3304 praeser-

314 3315 371 3377 tim
394 3315 420 3376 si
442 3313 501 3375 erit
521 3312 561 3374 iis
581 3311 634 3384 id,
658 3313 742 3394 quod
759 3311 905 3384 debetur,
928 3311 1134 3393 persolutum.
1167 3312 1290 3375 Deinde
1312 3333 1484 3398 numquam
1506 3314 1578 3389 iam,
1599 3322 1636 3378 ut

314 3428 421 3491 spero,
454 3405 620 3488 quisquam
649 3405 811 3487 improbus
840 3404 975 3466 consilio
1005 3412 1036 3466 et
1061 3403 1181 3467 auxilio
1210 3406 1365 3469 bonorum
1395 3427 1429 3469 se
1451 3426 1635 3491 oppugnare

312 3521 380 3564 rem
401 3498 559 3583 publicam
581 3498 665 3560 dicet
685 3498 748 3561 illis
770 3498 963 3571 tacentibus,
985 3517 1045 3561 nec
1067 3498 1177 3560 armati
1200 3501 1357 3563 exercitus
1372 3509 1521 3563 terrorem
1537 3519 1635 3585 oppo-

274 3601 368 3658 rsnet
389 3592 519 3673 togatis3
550 3612 653 3674 neque
676 3593 735 3654 erit
756 3593 840 3654 iusta
861 3611 957 3655 causa
978 3591 1019 3654 ad
1041 3599 1146 3677 portas
1168 3593 1289 3655 sedenti
1312 3593 1506 3677 imperatori,
1536 3612 1634 3678 quare

312 3710 405 3753 suum
426 3695 579 3750 terrorem
599 3685 680 3748 falso
702 3686 811 3748 iactari
833 3688 1016 3769 opponique
1041 3687 1185 3770 patiatur.
1222 3689 1397 3770 Numquam
1419 3687 1559 3771 denique
1573 3688 1634 3750 erit

311 3792 375 3846 tam
395 3800 567 3865 oppressus
590 3786 733 3852 senatus,
762 3787 797 3841 ut
818 3779 847 3841 ei
868 3799 909 3841 ne
936 3779 1135 3862 supplicandi
1157 3779 1285 3862 quidem
1307 3799 1344 3843 ac
1365 3779 1495 3863 lugendi
1517 3781 1558 3844 sit
1577 3799 1633 3864 po-

312 3884 422 3950 testas,
444 3885 508 3938 tam
529 3881 638 3956 captus
660 3879 808 3956 equester
829 3872 923 3945 ordo,
945 3882 982 3935 ut
1003 3873 1126 3955 equites
1148 3873 1280 3936 Ilomani
1301 3893 1321 3936 a
1338 3873 1470 3936 consule
1491 3873 1633 3955 relegen-

311 3966 371 4034 tan
404 3971 494 4046 Quae
523 3987 593 4030 cum
624 3966 730 4029 omnia
758 3973 854 4049 atque
882 3966 978 4030 etiam
1008 3967 1108 4029 multo
1134 3966 1196 4030 alia
1218 3967 1351 4043 maiora,
1384 3986 1466 4051 quae
1488 3965 1631 4032 consulto

310 4361 428 4413 delendo
443 4361 589 4424 seyuertus
606 4371 632 4422 p.
651 4357 697 4416 60,
715 4361 813 4408 utnon
831 4359 1120 4419 commercatricem,
1139 4357 1187 4410 sed
1205 4363 1340 4422 tamquam
1357 4357 1485 4410 ablativus
1501 4358 1551 4410 loci
1569 4372 1630 4410 eum

310 4438 368 4501 ipso
384 4436 467 4486 verbo
483 4436 620 4499 cmscpisse
636 4434 835 4498 coniungendas
851 4436 981 4486 videatur.
1009 4437 1081 4487 Idem
1104 4436 1203 4486 iudicat
1219 4434 1332 4485 Klotzius
1349 4448 1375 4498 p.
1394 4436 1439 4485 Vll
1456 4435 1499 4485 ed.
1517 4435 1629 4496 Tenba„

310 4512 360 4562 nisi
376 4513 510 4562 Misimia
526 4524 574 4575 pro
591 4509 750 4572 glossemate
767 4510 919 4561 habendum
938 4512 980 4560 sit.
1000 4537 1027 4546 -
1047 4513 1070 4560 i.
1089 4511 1167 4560 omnis
1184 4511 1272 4561 PG-
1291 4511 1316 4559 2.
1334 4509 1375 4559 ille
1391 4512 1410 4559 P
1426 4511 1520 4559 corni
1541 4522 1578 4560 m.
1597 4522 1630 4559 ex

308 4586 379 4635 ilum
397 4613 423 4622 —
442 4587 535 4635 iocum
550 4585 627 4635 edd:
645 4586 739 4635 incure
753 4588 802 4635 PG
821 4612 848 4622 -
867 4585 890 4635 3.
908 4586 989 4647 suom
1006 4585 1192 4649 Pantagathus:
1211 4590 1297 4634 ratam
1313 4587 1375 4642 PG;
1401 4589 1505 4647 raptum
1521 4586 1542 4635 G
1559 4596 1627 4635 corr.

310 4673 347 4710 m.
364 4661 394 4716 23
416 4664 508 4708 statmo
530 4661 550 4709 0
572 4673 633 4710 cnm
656 4662 730 4724 signo
752 4661 846 4711 crucis.
873 4659 948 4710 Aliud
971 4662 1139 4724 exspectatur
1161 4672 1241 4723 quam
1261 4661 1343 4721 salma
1367 4660 1401 4720 (v.
1420 4659 1507 4710 Madv.
1525 4673 1553 4725 p.
1570 4658 1627 4720 ios,

309 4736 364 4784 not.
378 4736 402 4794 i,
421 4732 479 4783 coll.
496 4735 575 4784 Bakio
592 4748 619 4798 p.
632 4735 687 4797 8l);
707 4738 793 4787 minus
811 4739 900 4785 tamen
917 4734 1014 4785 scilicit
1030 4733 1117 4784 iacobi
1135 4735 1285 4783 coniectura
1301 4747 1387 4783 cosam
1404 4738 1432 4784 et
1447 4733 1560 4798 Machlyi
1575 4735 1629 4783 iro-

308 4815 361 4859 tom
375 4810 469 4872 {sturm
494 4808 588 4858 melius
606 4810 727 4860 Garatoni
745 4811 909 4860 coniecerat:
933 4814 957 4858 et
973 4809 1028 4871 (ad)
1044 4810 1124 4858 clima
1138 4809 1176 4857 rei
1190 4822 1216 4870 p.
1234 4813 1335 4858 elotum.
1354 4833 1383 4846 -
1401 4808 1426 4860 I.
1445 4811 1579 4872 oprmteP
1597 4833 1624 4843 -

309 4885 333 4934 6.
350 4885 430 4933 citam
447 4883 523 4933 edd:
541 4884 647 4932 multum
664 4886 721 4934 PG.
748 4884 875 4934 Adhaesit
889 4897 915 4932 m
927 4898 958 4934 ex
970 4898 1064 4944 meom;
1083 4883 1199 4934 deindei
1216 4886 1243 4934 in
1259 4884 1269 4932 l
1285 4883 1361 4942 abiit,
1381 4887 1410 4933 ut
1420 4884 1536 4949 vicissim
1547 4894 1627 4947 supra

307 4970 333 5007 v.
351 4958 368 5006 2
385 4959 393 5006 l
409 4959 435 5007 in
452 4959 462 5007 i
480 4985 507 4995 -
525 4958 549 5007 7.
567 4959 594 5007 iu
610 4971 662 5018 qua
678 4960 795 5009 Ernesti:
814 4960 841 5007 in
858 4972 907 5018 quo
924 4962 974 5010 PG
995 4986 1021 4994 -
1040 4961 1064 5009 8.
1083 4960 1223 5020 amplum
1239 4959 1260 5022 s.
1275 4959 1390 5020 subitone
1405 4960 1470 5009 PG:
1489 4957 1629 5020 eeeosplaen

306 5032 326 5096 s.
341 5033 463 5095 publicae,
481 5033 668 5094 amplustre
683 5033 748 5094 publ.
763 5033 928 5095 dssmdecdae
939 5034 986 5084 do
999 5035 1146 5097 (waplam
1155 5034 1213 5098 fidei
1227 5033 1340 5094 puteas
1351 5032 1515 5096 defendendae
1525 5029 1627 5092 lamb.)

309 5132 337 5142 -
355 5109 449 5168 quedl>
469 5134 497 5145 -
516 5109 647 5158 icmmtole
663 5111 684 5157 G
703 5135 730 5145 -
749 5109 773 5158 9.
792 5110 910 5172 {rumpit
927 5111 977 5159 PG
997 5138 1023 5146 -
1041 5110 1142 5158 tumori.
1156 5108 1177 5157 G
1192 5134 1226 5144 -
1244 5108 1283 5156 to.
1301 5108 1413 5156 eutioctc
1429 5107 1479 5155 PG
1497 5130 1524 5140 -
1544 5104 1629 5154 iliis

307 5183 341 5232 G:
360 5183 398 5232 leis
408 5185 435 5243 P,
454 5182 525 5246 qnod
543 5183 659 5247 praelert
669 5183 815 5246 Seyffertus
826 5198 852 5247 p.
866 5185 906 5233 60.
917 5210 945 5220 -
965 5185 1064 5248 aqimus
1080 5185 1109 5234 P¹
1124 5208 1145 5216 -
1170 5182 1209 5230 42.
1226 5183 1287 5245 flere
1299 5179 1356 5244 (litt.
1369 5181 1379 5229 l
1390 5180 1529 5244 expuncta)
1542 5190 1628 5241 quous-

306 5259 438 5318 quamril’
458 5285 485 5294 -
512 5258 552 5307 rc.
572 5259 877 5320 Quare--odulerccotes
898 5259 1021 5310 habeta
1046 5285 1073 5295 -
1096 5257 1260 5307 addacem
1282 5259 1361 5307 APG
1380 5281 1408 5292 -
1435 5255 1628 5317 l7.prueclpuo

305 5332 366 5380 Ρ-
385 5332 425 5382 48.
443 5345 475 5382 oe
490 5335 510 5382 P
527 5345 596 5382 oorr.
611 5345 644 5382 ex
660 5334 687 5382 ni
705 5359 733 5370 -
752 5346 816 5393 qaue
832 5330 904 5383 P¹G:
923 5348 975 5396 qao
991 5331 1048 5385 1³²0
1068 5359 1095 5368 —
1114 5332 1230 5381 liicicis
1246 5333 1334 5381 PG-
1353 5331 1455 5379 corcoli
1471 5327 1513 5389 P¹;
1530 5328 1628 5379 coemit

305 5405 417 5457 Ernesti.
440 5433 467 5443 -
494 5407 535 5456 20.
553 5406 663 5470 resugtct
678 5408 707 5458 1³¹
726 5434 753 5442 -
779 5408 820 5456 24.
839 5420 871 5456 ce
885 5410 973 5459 modos
989 5420 1109 5470 amquam
1127 5406 1219 5457 Lamb.
1246 5434 1273 5444 -
1299 5407 1394 5457 Incidet
1410 5407 1431 5454 G
1449 5431 1477 5441 -
1497 5405 1540 5456 22.
1557 5404 1627 5454 ri·-

301 5481 589 5544 pemmatibus
609 5507 636 5515 -
655 5483 702 5531 erit
718 5483 749 5532 iis
765 5495 791 5531 a:
812 5482 881 5533 crito
898 5487 960 5544 PG}
980 5484 1011 5533 iis
1027 5485 1130 5540 om.A;
1148 5484 1195 5534 eric
1211 5482 1248 5533 itis
1264 5484 1294 5533 0.
1316 5483 1350 5532 at
1365 5481 1439 5530 reete
1451 5481 1627 5531 monuitwe·

304 5556 380 5607 senb.
398 5570 425 5622 p.
445 5557 490 5619 63,
511 5557 548 5607 lu's
564 5557 598 5607 de
615 5557 647 5606 iis
664 5570 744 5620 cose,
768 5558 813 5620 qui
839 5560 895 5608 tum
915 5561 1005 5617 erant,
1030 5569 1157 5620 cumpro
1175 5557 1259 5608 Sestio
1275 5555 1353 5616 dixit,
1375 5552 1521 5617 intelligere
1538 5566 1624 5619 paene

304 5644 415 5684 necesse
432 5632 522 5684 inisse.
537 5659 565 5668 -
583 5631 624 5683 il.
642 5635 671 5683 ii.
686 5647 714 5694 p.
733 5633 796 5683 diret
811 5636 840 5695 Ρ,
859 5633 908 5684 sed
922 5648 949 5696 p.
967 5646 1026 5698 sup.
1044 5632 1088 5683 lin.
1108 5658 1135 5668 -
1154 5633 1196 5683 25.
1213 5645 1291 5694 seque
1301 5654 1338 5667 -·
1348 5630 1496 5692 impostori
1512 5627 1624 5680 habete

303 5731 333 5744 -
345 5707 443 5758 udeodl
459 5709 519 5758 I-
538 5707 579 5757 26.
591 5721 665 5757 soum
681 5713 801 5757 moreto
817 5710 878 5758 PG:
897 5713 1018 5758 terrorem
1033 5721 1107 5758 mrum
1122 5708 1208 5758 a0-
1224 5700 1358 5770 peticioni
1378 5700 1465 5766 (littei
1483 5703 1622 5769 expuncta)

302 5782 323 5830 P
339 5807 373 5818 —
389 5782 494 5842 emique
509 5783 648 5832 Garatoni:
666 5782 731 5831 enen
746 5783 837 5841 PGO;
855 5783 931 5834 edom
946 5784 1092 5843 Munatium
1110 5783 1163 5832 tam
1179 5785 1248 5834 coni.
1265 5779 1341 5833 Orelli
1359 5781 1406 5843 (l);
1424 5780 1490 5832 enon
1505 5777 1624 5831 delendit

303 5855 449 5920 Seyffertns
465 5868 492 5922 p.
510 5857 551 5908 60.
570 5882 598 5894 -
617 5857 659 5909 28.
676 5856 812 5922 redamus
827 5859 878 5909 Po
895 5884 923 5897 -
941 5859 983 5910 29.
999 5859 1080 5912 mdia
1096 5860 1165 5912 coni.
1183 5859 1296 5912 Ernesti.
