3800 7350
431 1215 585 1283 omnm
607 1215 686 1282 reo
708 1213 1015 1281 ancmsroera
1036 1214 1447 1303 cn.1-m.ss.o-5.
1542 1215 1606 1286 rer

281 1389 327 1453 ita
348 1386 412 1452 dici
433 1386 515 1452 lorte
538 1388 688 1463 miretur,
710 1388 796 1472 quod
817 1387 879 1451 alia
894 1386 1051 1471 quaedam
1071 1387 1105 1450 in
1126 1387 1189 1451 boc
1209 1388 1342 1454 facultas
1363 1390 1404 1454 sit
1417 1391 1538 1474 ingenii
1552 1412 1608 1457 ne-

281 1504 344 1567 que
373 1482 452 1546 baec
479 1482 607 1547 dicendi
634 1482 715 1546 ratio
747 1490 801 1545 aut
824 1481 1007 1565 disciplina,
1037 1502 1078 1545 ne
1099 1502 1159 1545 nos
1181 1483 1309 1568 quidem
1329 1484 1404 1549 huic
1425 1488 1482 1549 uni
1503 1488 1609 1553 studio

280 1577 409 1661 penitus
431 1597 584 1661 umquam
606 1577 706 1641 dediti
727 1575 853 1640 fuimus.
889 1577 1016 1641 Etenim
1039 1596 1149 1640 omnes
1170 1585 1271 1651 artes,
1299 1599 1381 1663 quae
1402 1581 1444 1643 ad
1464 1582 1611 1647 humani-

281 1678 378 1735 tatem
399 1673 576 1756 pertinent,
599 1672 719 1735 habent
737 1670 898 1756 quoddam
913 1691 1081 1734 commune
1093 1671 1254 1735 vinculum
1270 1680 1303 1735 et
1317 1674 1408 1756 quasi
1422 1679 1611 1760 cognatione

282 1765 422 1849 quadem
449 1768 533 1830 inter
560 1787 595 1830 se
624 1765 837 1829 continentur.
878 1766 918 1827 ll.
940 1762 972 1827 3.
995 1765 1058 1828 Sed
1086 1786 1127 1829 ne
1157 1766 1209 1830 cui
1237 1774 1377 1832 vestrum
1404 1772 1519 1835 mirum
1540 1782 1635 1837 esseb

281 1861 442 1936 videatur,
465 1881 515 1924 me
536 1862 571 1925 in
593 1862 782 1945 quaestione
803 1860 943 1943 legitima
959 1868 992 1923 et
1005 1861 1037 1922 in
1053 1861 1169 1924 iudicio
1183 1861 1327 1943 publico,
1349 1883 1421 1928 cum
1435 1885 1486 1929 res
1501 1874 1614 1949 agatur

281 1956 366 2039 apud
388 1964 567 2039 praetorem
588 1955 698 2039 populi
711 1956 862 2028 llomani,
885 1954 1092 2018 lectissimum
1107 1954 1228 2030 virum,
1251 1964 1283 2019 et
1296 1957 1380 2040 apud
1395 1961 1613 2024 severissimos

280 2050 422 2127 iudices,
443 2058 534 2115 tanto
556 2058 714 2114 conventu
735 2048 900 2112 bominum
924 2068 960 2111 ac
980 2048 1173 2132 frequentia,
1194 2049 1256 2113 hnc
1277 2050 1326 2113 uti
1341 2070 1456 2134 genere
1476 2052 1614 2128 dicendi,

281 2144 371 2229 qnod
393 2166 458 2210 non
480 2143 578 2208 modo
601 2164 620 2207 a
641 2143 870 2207 consuetudine
890 2143 1100 2218 iudiciorum,
1123 2165 1231 2208 verum
1254 2144 1349 2207 etiam
1373 2164 1392 2210 a
1412 2144 1533 2209 lorensi
1549 2166 1614 2209 sen·

282 2258 378 2303 mone
408 2239 593 2313 abhorreat,
624 2258 743 2321 quaeso
765 2257 785 2300 a
805 2237 915 2311 vobis,
943 2244 980 2300 ut
1004 2238 1037 2299 in
1059 2237 1119 2301 hac
1141 2257 1236 2301 cansa
1256 2237 1335 2301 mihi
1357 2238 1438 2303 detis
1458 2237 1541 2302 hanc
1562 2255 1654 2302 veto

282 2334 386 2408 niam,
408 2332 676 2397 accommodatam
698 2332 772 2395 huic
793 2351 865 2406 rec,
887 2331 994 2405 vobis,
1017 2350 1113 2414 quem
1134 2331 1176 2395 ad
1196 2331 1324 2395 modum
1339 2351 1450 2416 spero,
1471 2353 1535 2396 nnn
1550 2354 1617 2397 mo-

283 2426 412 2502 lestam,
442 2433 478 2490 ut
508 2446 559 2490 me
587 2446 646 2509 pro
675 2446 798 2489 summo
823 2433 920 2509 polita
942 2432 1039 2508 atque
1062 2426 1274 2490 eruditissimo
1296 2426 1427 2491 homine
1449 2426 1616 2503 dicentem,

282 2519 345 2583 boc
366 2540 522 2585 concursu
542 2520 706 2584 bominum
722 2520 1036 2593 litteratissimorum,
1058 2518 1118 2582 bac
1133 2527 1238 2583 vestra
1252 2520 1465 2596 humanitate,
1486 2521 1548 2586 boc
1562 2523 1618 2587 de·

283 2612 384 2696 nique
406 2623 551 2696 praetore
573 2623 742 2679 exercente
764 2614 931 2687 iudicium,
960 2613 1125 2696 patiamini
1156 2614 1196 2678 de
1218 2615 1331 2679 studiis
1352 2614 1559 2680 humanitatis
1580 2637 1618 2680 ac

283 2706 462 2773 litterarum
495 2710 590 2791 paulo
621 2709 709 2792 loqui
739 2708 868 2771 liberius
898 2716 930 2771 et
952 2709 984 2770 in
1008 2710 1077 2772 eius
1103 2709 1187 2773 modi
1210 2728 1362 2792 persona,
1385 2729 1468 2793 quae
1489 2719 1657 2795 propterte

284 2800 386 2865 otium
409 2823 447 2867 ac
469 2803 610 2867 studium
632 2803 762 2866 minime
783 2802 816 2864 in
839 2800 965 2864 iudiciis
987 2801 1201 2886 periculisque
1219 2811 1351 2867 tractata
1365 2810 1430 2879 est,
1451 2806 1498 2868 nti
1519 2826 1619 2889 prope

287 2912 372 2960 novo
396 2896 534 2981 quodam
557 2903 590 2960 et
610 2897 759 2960 inusitato
781 2915 897 2977 genere
920 2894 1056 2958 dicendi.
1093 2891 1123 2958 l.
1146 2896 1240 2971 Quod
1262 2898 1289 2960 si
1312 2896 1389 2960 mihi
1411 2917 1430 2960 a
1451 2900 1543 2963 vobis
1565 2903 1620 2965 tri·

288 2989 344 3053 bui
374 2991 571 3076 concedique
602 2991 751 3064 sentiam,
782 2986 943 3074 perficiam
964 2990 1123 3073 prolecto,
1156 2998 1192 3054 ut
1211 2990 1297 3055 bunc
1318 2993 1355 3053 Α.
1377 2992 1533 3057 Licinium
1554 3014 1620 3059 non

288 3084 382 3148 modo
405 3103 472 3148 non
495 3085 742 3169 segregandum,
765 3104 837 3147 cum
860 3083 901 3145 sit
923 3083 1018 3158 civis,
1041 3104 1060 3146 a
1081 3104 1213 3147 numero
1228 3084 1361 3160 civium,
1382 3106 1492 3150 verum
1514 3088 1620 3165 etiam,

286 3179 317 3242 si
339 3197 404 3242 non
428 3188 533 3255 esset,
554 3181 671 3263 putetis
693 3177 935 3241 adsciscendum
956 3177 1066 3242 fuisse.
1629 3193 1659 3240 ao

374 3275 429 3337 lll.
451 3276 531 3338 Nam
553 3282 590 3337 ut
610 3275 746 3356 primum
769 3291 809 3335 ex
831 3271 939 3355 pueris
962 3273 1100 3336 excessit
1117 3273 1248 3336 Archias
1270 3280 1367 3358 atque
1382 3276 1422 3339 ab
1437 3276 1476 3338 iis
1490 3276 1621 3350 artibus,

290 3369 406 3454 quibus
437 3376 524 3432 aetas
553 3367 687 3449 puerilis
716 3366 754 3429 ad
783 3366 1011 3429 humanitatem
1037 3366 1199 3430 informari
1220 3366 1316 3441 solet,
1345 3388 1379 3431 se
1400 3369 1441 3432 ad
1463 3369 1622 3434 scribendi

288 3463 429 3527 studium
452 3461 604 3535 contulit,
626 3461 763 3545 primum
785 3459 973 3523 Antiochiae
996 3458 1078 3541 (uam
1100 3461 1143 3524 ibi
1166 3468 1259 3524 natus
1282 3469 1331 3525 est
1345 3462 1414 3526 loco
1428 3463 1548 3546 nobili),
1571 3485 1623 3527 ce·

288 3558 369 3622 lebri
392 3556 555 3642 qnondam
578 3555 656 3618 urbe
680 3563 712 3618 et
733 3555 862 3638 copiosa
879 3561 975 3638 atque
991 3553 1213 3617 eruditissimis
1234 3555 1418 3619 homiuibus
1438 3557 1622 3621 liberalissi-

286 3652 412 3740 misque
434 3648 551 3716 studiis
574 3644 733 3724 allluenti,
757 3648 902 3714 celeriter
923 3648 1113 3713 antecellere
1132 3650 1277 3713 omnihus
1299 3650 1418 3734 ingenii
1432 3651 1532 3735 gloria
1547 3665 1659 3717 con-m

286 3748 366 3829 tigit
378 3747 476 3829 „Post
495 3744 530 3807 in
553 3744 666 3807 ceteris
689 3745 783 3807 Asiae
805 3743 948 3826 partibus
971 3750 1148 3827 cunctaque
1167 3744 1298 3808 Graecia
1319 3745 1365 3808 sic
1380 3745 1450 3809 eius
1464 3748 1621 3811 adventus

287 3838 548 3912 celebrabantur,
580 3846 617 3901 ut
643 3835 759 3901 famam
789 3838 908 3920 ingenii
936 3838 1132 3921 exspectatio
1159 3837 1317 3913 bominis,
1351 3843 1621 3922 exspectationem

287 3933 390 4017 ipsius
410 3931 568 3997 adventus
590 3932 822 4017 admiratioque
845 3905 1048 4015 superaret]
1061 3929 1092 3994 5.
1114 3933 1190 3995 Erat
1211 3933 1301 3996 ltalia
1322 3941 1387 3997 tum
1408 3934 1506 4016 plena
1525 3935 1622 3999 Grae-

288 4046 394 4091 carum
415 4026 532 4090 udum
554 4045 592 4089 ac
614 4026 867 4111 disciplinarum,
893 4027 1061 4110 studiaque
1083 4026 1162 4089 haec
1183 4034 1214 4090 et
1235 4028 1268 4090 in
1290 4028 1380 4091 Latio
1401 4028 1621 4093 vehementius

286 4129 355 4184 tum
388 4120 590 4196 colebantur,
623 4140 719 4204 quam
748 4141 833 4184 nuno
861 4122 962 4185 isdem
991 4121 1025 4183 in
1053 4119 1194 4203 oppidis,
1226 4119 1329 4184 ethic
1350 4123 1469 4184 Romae
1490 4129 1658 4204 propterte

286 4213 548 4299 tranquillitatem
569 4216 616 4279 rei
637 4215 786 4298 publicae
808 4235 873 4278 non
895 4214 1145 4297 negligebantur.
1176 4216 1289 4299 ltaque
1310 4214 1395 4279 bunc
1411 4221 1442 4278 et
1456 4216 1620 4279 Tarentini

286 4317 321 4373 et
341 4308 456 4391 Regini
478 4314 511 4371 et
531 4309 731 4392 Neapolitani
753 4309 878 4373 civitate
893 4309 1072 4392 ceterisque
1092 4309 1242 4391 praemiis
1256 4308 1430 4383 donarunt,
1453 4316 1486 4373 et
1499 4330 1622 4397 omnes,

288 4402 346 4486 qui
367 4400 489 4486 aliquid
511 4402 551 4466 de
572 4403 711 4487 ingeniis
734 4389 880 4486 poteradt
901 4403 1059 4477 iudicare,
1087 4403 1265 4486 cognitione
1288 4394 1389 4487 'atque
1410 4402 1550 4486 bospitio
1572 4405 1621 4468 di-

287 4516 387 4580 gnum
409 4495 640 4560 existimarunt.
674 4496 741 4560 llac
763 4505 851 4560 tanta
873 4497 1055 4561 celebritate
1076 4497 1179 4561 famae
1202 4518 1272 4560 cnm
1296 4506 1381 4561 esset
1401 4499 1464 4561 iam
1482 4499 1621 4562 absenti-

286 4591 349 4655 bus
370 4597 483 4666 notus,
513 4590 646 4655 Romam
668 4590 757 4655 venit
783 4591 883 4654 llario
905 4591 1037 4655 consule
1059 4598 1090 4655 et
1112 4591 1234 4654 Catulo.
1276 4593 1393 4656 Nactus
1415 4599 1464 4655 est
1483 4593 1658 4675 primumao

290 4682 439 4749 consules
462 4702 538 4761 eos,
561 4705 698 4769 quorum
720 4684 800 4748 alter
821 4706 873 4748 res
893 4686 935 4749 ad
957 4684 1158 4749 scribendum
1179 4685 1347 4761 maximas,
1375 4685 1455 4749 alter
1476 4707 1548 4749 cum
1569 4707 1621 4752 res

288 4783 414 4860 gestas,
434 4785 504 4844 tum
525 4779 621 4845 etiam
643 4778 783 4845 studium
805 4785 900 4863 atque
921 4799 1015 4844 aures
1034 4778 1183 4844 adbibere
1205 4787 1323 4863 posset.
1359 4780 1472 4843 Statim
1485 4781 1621 4858 Luculli,

354 5173 382 5226 i.
400 5171 454 5239 oet]
472 5171 540 5225 acb
559 5199 587 5211 -
609 5170 792 5238 010]ch-
816 5171 874 5223 bute
894 5172 939 5222 uos·
959 5170 1119 5224 Lambinus:
1145 5172 1203 5222 bric
1217 5172 1287 5223 corui
1303 5171 1382 5223 codd.
1400 5173 1623 5237 lagomsrsiniani

289 5249 362 5310 tren
379 5247 675 5306 butcmttGEL03
693 5247 777 5297 bracae
792 5248 1032 5298 masuerum.-
1051 5246 1271 5298 sermione·
1290 5249 1316 5298 5.
1333 5247 1504 5313 seque-
1524 5253 1549 5302 6.
1566 5266 1624 5304 aar

288 5323 474 5376 murima
489 5321 573 5374 babet
589 5324 606 5373 s
624 5350 650 5360 -
671 5323 786 5387 aptum
797 5325 828 5384 S,
846 5323 918 5373 unde
936 5323 1019 5381 Maius
1036 5325 1159 5387 epitetum
1178 5320 1228 5372 sed
1239 5320 1292 5372 vid.
1306 5321 1410 5386 iladvig
1422 5323 1467 5386 Op.
1480 5326 1511 5375 ll.
1526 5339 1552 5390 p.
1565 5327 1623 5379 347.

291 5424 323 5438 -
339 5399 366 5450 Ἰ.
384 5404 447 5463 epact
462 5400 480 5449 S
498 5424 527 5436 -
544 5399 709 5451 rectissimmn
725 5399 750 5447 S.
770 5397 809 5449 Cl.
822 5397 926 5462 iladvig
942 5397 960 5448 l.
974 5397 992 5448 l.
1007 5425 1034 5434 -
1054 5400 1094 5449 43.
1112 5399 1157 5448 boc
1173 5397 1459 5459 donicum-iudicium
1474 5399 1623 5451 habeis-

290 5474 335 5524 Π.
351 5474 413 5524 mibi
429 5486 483 5526 om.
495 5473 546 5525 ΕΡ
563 5499 592 5513 -
610 5474 651 5524 20.
665 5473 846 5524 amicandum
857 5474 886 5523 Ε.
906 5474 955 5524 «ut
965 5475 1004 5525 sic
1017 5474 1145 5538 deinceps
1156 5473 1273 5531 ascribi,
1285 5473 1401 5534 wespa
1411 5475 1440 5522 et
1449 5476 1625 5538 mima.»

291 5548 1208 5601 sunan-scaooec-ss.cs0rsmaosaaaoaurou-
1227 5547 1623 5607 cumsacramentales:

290 5627 445 5687 mactusque
460 5624 716 5677 moseo.
736 5623 1132 5690 ct.Madvrgop.11.p.3ot.
1153 5648 1180 5657 -
1199 5623 1240 5673 27.
1258 5622 1417 5672 celebratae
1432 5623 1453 5672 Ε
1470 5649 1498 5659 -
1516 5625 1558 5675 28.
1576 5625 1627 5674 od-

290 5698 568 5763 *cumpace
587 5728 615 5738 -
641 5705 695 5750 tam
711 5699 777 5750 GE:
803 5704 862 5750 tuac
884 5702 964 5752 ALO
987 5727 1015 5736 -
1042 5700 1083 5750 30.
1101 5699 1178 5748 isdem
1194 5700 1229 5748 G:
1253 5699 1340 5748 Mon
1356 5697 1464 5748 EALO
1483 5721 1511 5734 -
1530 5698 1571 5748 34.
1588 5699 1628 5749 rei

290 5771 417 5840 publicos]
436 5776 513 5839 pli.
532 5774 612 5827 GEP
629 5801 657 5811 -
675 5773 869 5839 oogupebmao·
884 5775 934 5827 GE
950 5802 979 5812 -
997 5773 1268 5837 ltoqaoe--donorrstt
1283 5771 1366 5823 habet
1382 5772 1443 5820 S-
1458 5772 1532 5837 heac]
1548 5787 1628 5825 matos

292 5848 358 5898 8·-
377 5848 419 5900 ³2.
436 5849 525 5916 ΜΗ
541 5849 662 5902 GESA:
680 5849 784 5914 Μαι·
801 5849 851 5900 Lo
870 5877 898 5888 -
916 5850 958 5901 36.
977 5848 1353 5913 quom--odbtbsrspostct
1368 5845 1451 5897 babet
1467 5847 1484 5896 S
1500 5873 1527 5883 -
1545 5847 1628 5900 wera

293 5922 996 5980 “memmasce-mome-
1016 5921 1191 5974 thereme.
