3800 7350
251 1196 336 1264 roas
518 1214 670 1279 enarro
691 1217 744 1279 nn
766 1218 994 1318 provinciis
1018 1192 1427 1353 consumanpppni
1440 1137 1486 1206 f

208 1416 214 1429 .
251 1374 473 1444 necessitatem
497 1384 714 1465 pertinerent?
737 1386 1004 1470 Supplicationem
1027 1362 1207 1476 quindecim
1223 1388 1345 1451 dierum
1362 1387 1486 1450 decrevi
1506 1408 1580 1449 seu·

251 1470 352 1537 tentia
371 1496 451 1538 mea.
485 1477 540 1539 liei
562 1479 708 1559 publicae
730 1480 805 1543 satis
827 1489 894 1545 erat
916 1489 961 1545 tot
983 1481 1121 1558 dierum,
1144 1477 1224 1566 qdot
1246 1483 1279 1544 C.
1302 1483 1420 1555 Mario;
1450 1482 1499 1545 dis
1522 1483 1581 1545 inr-

183 1573 188 1622 i
254 1568 438 1631 mortalibus
467 1590 531 1632 non
554 1581 621 1636 erat
642 1574 757 1657 exigua
783 1576 893 1637 eadem
915 1575 1104 1657 gratulatio,
1134 1594 1217 1659 quae
1239 1596 1280 1637 ex
1302 1576 1447 1638 maximis
1469 1574 1580 1637 bellis:

255 1682 329 1745 ergo
353 1662 408 1725 illo
430 1665 576 1729 cumulus
598 1667 720 1731 dierum
742 1669 879 1731 bominis
901 1677 950 1731 est
965 1668 1107 1750 dignitati
1129 1668 1274 1731 tributus.
1309 1664 1359 1729 ai.
1375 1670 1411 1731 ln
1427 1689 1493 1753 quo
1509 1688 1580 1752 ego,

230 1767 319 1837 equo
352 1756 483 1820 consule
515 1757 671 1823 referente
703 1763 837 1844 primum
872 1761 979 1824 decem
1008 1762 1129 1825 dionem
1159 1771 1207 1824 est
1236 1762 1424 1847 supplicatio
1454 1762 1581 1826 decreta

255 1847 312 1910 Cn.
327 1848 477 1933 Pompeio
498 1853 685 1919 Mithridate
699 1855 864 1918 interiecto
887 1864 918 1918 et
940 1856 1084 1919 coniecto
1100 1855 1313 1919 Mithridatico
1327 1856 1421 1931 bello,
1444 1864 1476 1920 et
1490 1856 1580 1919 cuius

251 1942 411 2004 sententia
432 1944 567 2027 primum
591 1943 749 2031 duplicata
772 1956 820 2011 est
841 1949 1029 2032 supplicatio
1052 1950 1228 2013 consularis
1250 1982 1291 1996 -
1313 1949 1390 2012 mibi
1405 1951 1490 2014 enirn
1506 1949 1580 2013 estis
1654 1941 1660 1947 ’

250 2035 391 2108 assensi,
414 2058 486 2101 cum
508 2038 649 2104 eiusdem
666 2042 808 2125 Pompeii
824 2042 936 2106 litteris
953 2043 1101 2119 recitatis,
1124 2044 1276 2108 conlectis
1296 2044 1441 2107 omnibus
1463 2044 1582 2106 mariti-

253 2126 312 2188 mis
334 2133 600 2218 terrestribusque
614 2136 716 2209 hellis,
736 2136 998 2220 supplicationem
1013 2137 1133 2201 dicrum
1149 2137 1316 2201 duodecim
1332 2137 1517 2201 decrevistis
1529 2170 1581 2211 —,

218 2240 324 2326 rosum
348 2221 404 2284 Cn.
418 2226 560 2309 Pompeii
581 2228 728 2294 virtutem
752 2238 783 2293 et
804 2231 900 2294 animi
917 2233 1165 2315 magnitudinem
1180 2232 1362 2304 admiratus,
1388 2231 1486 2313 quod,
1508 2251 1580 2294 cum

253 2333 322 2396 ipse
344 2318 456 2381 ceteris
479 2322 625 2387 omnibus
648 2331 733 2387 esset
754 2324 838 2388 omni
862 2324 983 2388 bonore
1009 2326 1183 2400 antelatus,
1214 2325 1399 2409 ampliorem
1428 2325 1579 2389 bonorem

253 2405 343 2471 alteri
372 2409 529 2479 tribuebat
556 2435 651 2499 quam
679 2418 748 2503 ipse
777 2425 844 2481 erat
865 2428 1065 2483 consecutus.
1100 2422 1184 2502 Ergo
1206 2420 1240 2482 in
1263 2419 1315 2481 illa
1337 2417 1579 2502 supplicatione,

253 2520 350 2583 quam
372 2523 430 2589 ego
453 2507 597 2584 decrevi,
620 2531 670 2575 res
693 2511 761 2595 ipsa
785 2514 901 2576 tributa
923 2521 971 2577 cst
994 2513 1042 2577 dis
1065 2513 1294 2578 immortalibus
1309 2521 1341 2576 ct
1362 2512 1516 2576 maiorum
1531 2513 1580 2575 in·

253 2594 369 2659 stitutis
390 2608 425 2665 cl
446 2604 573 2668 utilitati
597 2607 643 2668 rei
664 2606 825 2689 publicae,
848 2607 903 2671 sed
927 2607 1063 2690 dignitas
1086 2608 1270 2681 verborum,
1291 2606 1394 2669 bonos
1410 2615 1441 2668 et
1458 2606 1580 2668 novitas

215 2693 285 2755 sset
306 2707 459 2761 numerus
474 2697 595 2762 dierum
612 2692 754 2763 Caesaris
769 2700 868 2784 ipsius
884 2700 969 2763 laudi
985 2702 1169 2786 gloriaeque
1185 2721 1353 2764 concessus
1368 2707 1425 2764 est.
1455 2696 1505 2761 28.
1521 2701 1581 2763 lte·

252 2778 352 2849 latum
376 2792 484 2854 estad
508 2812 565 2855 nos
589 2813 691 2875 nuper
712 2792 752 2855 de
774 2793 932 2877 stipendio
956 2796 1131 2859 exercitus:
1155 2816 1217 2859 reon
1242 2794 1366 2860 decrevi
1388 2793 1502 2867 solum,
1524 2792 1580 2855 sed

255 2880 366 2955 etiam,
389 2890 423 2945 ut
438 2905 493 2947 vos
509 2885 737 2960 decerneretis,
760 2887 909 2965 laboravi,
930 2890 1030 2952 multa
1044 2889 1312 2977 dissentientibus,
1322 2887 1482 2971 respondi,
1505 2888 1582 2950 scri·

254 2975 360 3039 hendo
382 2978 479 3043 adfui.
513 2984 591 3046 Tum
615 3004 744 3067 quoque
766 2984 887 3048 bomini
910 2983 982 3067 plus
1004 2984 1099 3046 tribui
1122 3001 1216 3066 qnam
1239 2982 1346 3045 nescio
1369 2980 1420 3043 cui
1442 2980 1581 3043 necessi·

255 3069 330 3133 tati:
360 3071 449 3136 illum
478 3076 562 3138 enim
591 3077 763 3141 arbitrabar
791 3078 884 3140 etiam
914 3077 981 3139 sine
1004 3076 1065 3139 boo
1094 3074 1235 3139 subsidio
1262 3075 1414 3158 pecuniae
1444 3073 1580 3137 retinere

216 3164 428 3229 aoaxercitum
449 3170 566 3252 praeda
587 3178 661 3234 ante
690 3179 777 3253 parta
806 3181 838 3233 et
864 3171 983 3233 bellum
1006 3167 1160 3233 conficere
1182 3188 1292 3252 posse,
1315 3167 1370 3230 sed
1385 3169 1482 3231 decus
1501 3168 1580 3231 illud

254 3264 287 3317 et
301 3271 517 3325 ornamentum
533 3264 683 3349 triumphi
699 3266 902 3328 minuendum
918 3272 1027 3327 nostra
1043 3263 1233 3345 parsimonia
1248 3281 1311 3324 non
1328 3262 1445 3344 putavi.
1467 3263 1579 3324 Actum

252 3358 303 3412 est
325 3350 364 3413 de
387 3352 498 3417 decem
518 3356 648 3440 legatis,
670 3379 751 3442 quos
773 3359 826 3421 alii
851 3360 980 3422 omnino
1001 3376 1065 3419 non
1088 3356 1224 3429 dabant,
1246 3355 1300 3417 alii
1323 3356 1467 3438 exempla
1483 3376 1582 3439 quae-

254 3442 381 3519 rebant,
403 3447 457 3510 alii
479 3455 604 3531 tempus
627 3451 827 3524 differebant,
857 3452 911 3514 alii
934 3452 1003 3514 sine
1026 3449 1100 3512 ullis
1122 3449 1287 3513 verborum
1310 3450 1505 3512 ornamentis
1527 3450 1582 3513 da·

253 3534 347 3599 bant:
378 3540 411 3601 in
440 3561 478 3604 ea
501 3562 629 3628 quoqne
658 3564 691 3606 re
714 3546 759 3607 sic
781 3564 851 3607 sum
873 3546 1016 3617 locutus,
1044 3552 1080 3606 ut
1102 3562 1212 3607 omnes
1234 3542 1445 3625 intelligerent
1466 3564 1516 3606 me
1538 3542 1581 3617 id,

189 3631 341 3786 Ι-Ιῠεὲιιοᾱ
366 3635 411 3697 rei
435 3635 581 3719 publicae
603 3656 699 3701 causa
721 3638 888 3712 sentirem,
910 3636 1015 3701 iacere
1036 3637 1165 3701 uberius
1180 3635 1423 3720 propteripsius
1440 3636 1582 3701 Caesaris

278 3725 287 3786 i
334 3726 452 3792 itatem.
1054 3721 1139 3735 ..-

290 3745 409 3884 81’χιι
431 3819 482 3886 29.
510 3826 552 3888 At
584 3825 755 3934 oppidem
786 3845 870 3888 nunc
900 3825 933 3887 in
964 3825 1137 3909 provinciis
1171 3822 1394 3897 decernendis,
1429 3825 1484 3905 qui
1511 3823 1583 3886 illas

255 3932 364 3979 omnes
388 3937 438 3980 res
461 3919 512 4002 egi
535 3919 679 3992 silentio,
707 3917 906 4003 interpellor‚
929 3940 999 3982 cum
1023 3921 1055 3981 in
1079 3916 1296 4002 superioribus
1318 3915 1422 3979 causis
1444 3915 1583 3978 bominis

255 4020 439 4075 ornamenta
466 4012 598 4086 fuerint,
629 4013 661 4074 in
691 4012 750 4075 bac
781 4032 832 4074 mo
860 4012 939 4075 nibil
963 4012 1049 4077 aliud
1074 4011 1135 4074 nisi
1156 4009 1236 4073 ratio
1257 4008 1350 4083 belli,
1379 4008 1440 4070 nisi
1463 4028 1584 4071 summa

216 4101 373 4167 motilitas
395 4107 440 4168 rei
463 4107 608 4188 publicae
630 4114 764 4170 moveat
800 4108 877 4170 Nem
899 4108 967 4188 ipse
986 4106 1101 4168 Caesar
1123 4104 1198 4187 quid
1221 4110 1270 4165 est
1291 4122 1348 4165 cur
1369 4102 1401 4164 in
1421 4104 1586 4186 provincia

219 4258 234 4286 a
256 4200 444 4262 commorari
468 4199 543 4262 velit
564 4200 624 4262 nisi
649 4208 683 4263 ut
705 4220 758 4274 ea,
781 4220 864 4284 quae
885 4220 942 4281 per
965 4220 1038 4263 eum
1062 4199 1174 4261 affecta
1196 4204 1286 4268 sunt,
1309 4195 1448 4278 perfecta
1462 4197 1507 4260 rei
1525 4217 1586 4279 pu·

135 4278 220 4393 poi
233 4289 358 4371 „blicac
387 4293 511 4355 tradatt
548 4294 731 4357 Amoenitas
761 4314 851 4367 eum,
884 4293 997 4367 oredo,
1029 4293 1187 4364 locorum,
1220 4289 1345 4352 urbium
1372 4289 1583 4373 pulchritudo,

155 4354 238 4483 stis*
257 4381 419 4449 bominum
451 4387 676 4471 nationumque
706 4387 831 4450 iliarum
860 4387 1041 4450 humanitas
1063 4393 1096 4449 et
1117 4378 1223 4470 lepos,
1245 4383 1396 4445 victoriae
1418 4385 1584 4469 cupiditas,

137 4476 151 4506 ⁹
257 4475 368 4539 linium
399 4478 521 4562 imperii
551 4481 738 4563 propagatio
766 4480 890 4543 retinet
930 4479 1014 4556 Quid
1041 4478 1106 4541 illis
1129 4478 1219 4541 terris
1241 4477 1406 4558 asperius?
1437 4478 1513 4561 quid
1537 4479 1585 4540 in·

219 4569 372 4636 aecultins
405 4572 554 4654 oppidis?
588 4574 664 4657 quid
701 4573 883 4636 nationibus
913 4574 1106 4636 immanius?
1139 4569 1216 4654 quid
1247 4588 1341 4652 porro
1370 4576 1416 4631 tot
1446 4570 1585 4633 victoriis

177 4667 237 4757 pls
258 4664 499 4742 praestabilius?
523 4666 601 4749 quid
616 4667 745 4730 Oceano
768 4667 894 4748 longius
908 4668 1042 4729 inveniri
1059 4668 1185 4749 potest?
1207 4665 1255 4726 An
1270 4662 1390 4725 reditus
1404 4664 1437 4725 in
1452 4664 1585 4747 patriam

135 4734 180 4814 2¹⁰
256 4753 353 4819 habet
379 4757 518 4840 aliquam
549 4761 781 4823 offensionem?
809 4767 913 4823 utrum
943 4760 1027 4842 apud
1057 4758 1227 4842 populum,
1254 4775 1358 4839 aquo
1387 4756 1518 4828 missus,
1546 4775 1586 4818 an

262 4944 376 4956 ..υ-...-
842 4949 952 4959 m
1185 4946 1537 4958 ...κὰ-ἡ
1547 4947 1583 4955 .-

322 5075 345 5124 4.
362 5075 487 5137 prriinent
503 5077 524 5124 G
539 5101 564 5110 -
584 5075 694 5128 &crenis
711 5077 770 5125 P-
790 5075 1041 5140 2.qnot]qnoa1³-
1062 5074 1100 5139 0.]
1117 5074 1227 5138 qoioG3
1247 5072 1351 5123 G.E-
1371 5073 1409 5120 dis
1425 5074 1487 5122 PG:
1508 5073 1588 5121 eliso

258 5178 284 5186 -
304 5151 327 5200 3.
346 5151 531 5216 congratulatio
548 5152 568 5200 G
587 5176 613 5186 -
634 5152 658 5200 5.
678 5151 734 5216 quo]
754 5151 819 5213 qnod
835 5153 900 5210 PG;
919 5149 1012 5201 om'E
1033 5177 1057 5187 -
1079 5154 1114 5198 est
1131 5150 1169 5198 C:
1188 5148 1275 5197 omo
1296 5174 1322 5182 -
1342 5147 1366 5196 6.
1385 5151 1408 5195 ei
1424 5146 1533 5207 confecto
1550 5147 1587 5196 C:

255 5226 413 5289 confectoque
430 5227 449 5276 0
462 5253 489 5264 -
509 5227 533 5275 7.
552 5232 587 5276 ert
603 5227 750 5290 snpplicatio
767 5230 802 5275 cst
818 5225 958 5275 consularis
971 5229 991 5276 P
1004 5251 1031 5260 —
1051 5226 1074 5274 8.
1089 5223 1186 5272 adsensi
1203 5226 1222 5273 P
1237 5249 1263 5257 -
1280 5222 1378 5284 pmnpci
1391 5222 1424 5279 C;
1444 5221 1508 5270 item
1525 5233 1551 5268 v.
1562 5221 1587 5270 8.

258 5326 284 5335 -
299 5301 323 5348 ti.
336 5301 438 5351 morum
455 5303 489 5359 P;
508 5301 573 5351 «sed
590 5303 718 5353 mendum
736 5304 790 5359 cst;
809 5300 870 5351 nibil
889 5305 946 5352 eret
964 5301 1024 5351 novi
1042 5301 1069 5348 et
1086 5296 1222 5347 honorifici
1235 5296 1260 5346 in
1273 5295 1386 5345 deorum
1399 5307 1520 5354 numero,
1539 5293 1588 5344 sed

256 5375 281 5423 in
300 5373 417 5434 diorum,
436 5389 486 5426 nec
504 5379 578 5426 certo
595 5376 707 5427 deorum
726 5388 838 5425 numero
855 5374 1012 5440 supplicatio
1025 5371 1235 5426 decernebatur;
1254 5368 1391 5421 diversum
1403 5367 1588 5419 cstlectister-

256 5449 355 5498 nium·
374 5450 482 5501 Manno.
504 5477 529 5488 -·
552 5450 591 5500 ⁴³.
611 5452 739 5500 dirPG1:
758 5450 806 5499 dite
822 5450 841 5499 0
861 5475 888 5486 -
909 5452 949 5500 tii.
968 5449 999 5514 ei]
1017 5450 1047 5499 ed
1063 5451 1091 5498 P¹
1110 5474 1136 5482 -
1159 5447 1321 5511 pioriaeqnoe
1338 5449 1357 5496 P
1377 5471 1403 5481 -
1422 5457 1554 5494 concussae
1569 5447 1588 5495 P

259 5549 285 5558 -
306 5523 346 5573 re.
365 5524 473 5574 dicereni
491 5522 519 5576 P¹
539 5551 563 5562 -
587 5525 627 5574 ii.
645 5529 673 5574 nt
689 5531 712 5574 et
728 5537 774 5574 nos
790 5524 839 5574 GE
859 5551 886 5561 -
906 5525 947 5575 48.
966 5525 1043 5574 nertio
1060 5525 1079 5573 P
1098 5547 1125 5558 -
1144 5523 1184 5571 it.
1202 5524 1368 5584 parsymoniae
1384 5524 1403 5570 P
1422 5547 1449 5557 -
1467 5520 1508 5569 ἥ,
1527 5533 1590 5581 qae-

256 5597 344 5647 rebnnt
361 5600 380 5648 P
396 5626 430 5638 -
450 5599 492 5651 st.
510 5600 678 5661 intellegerent
694 5602 713 5649 P
731 5625 758 5634 -
782 5599 823 5649 ae.
840 5599 925 5659 [acne
944 5611 998 5648 om.
1018 5601 1039 5647 r}
1057 5624 1083 5635 -
1111 5598 1153 5646 ai.
1172 5597 1252 5645 omnis
1269 5598 1316 5645 PG
1337 5621 1363 5632 ·-
1382 5597 1409 5643 in
1427 5594 1586 5645 Lambinus:

257 5683 310 5720 om.
330 5672 349 5721 C
372 5699 396 5710 -
422 5674 463 5725 30.
482 5675 549 5725 Nom
569 5675 767 5736 ipra--tradct
787 5671 870 5722 babet
893 5670 991 5724 Gellius
1007 5673 1061 5732 XV,
1079 5674 1105 5733 5,
1123 5673 1147 5721 i.
1167 5671 1309 5722 eruentus
1327 5669 1466 5720 Marcellus
1483 5683 1509 5734 p.
1529 5671 1586 5729 460,

257 5749 289 5797 32
306 5759 347 5809 sq.
371 5749 446 5798 Coni.
464 5749 480 5813 g
499 5750 539 5800 ro.
559 5775 585 5785 -
608 5748 635 5800 in
659 5762 691 5800 eo
708 5750 841 5812 prouincia
862 5746 960 5799 Gellius
982 5751 1010 5797 et
1029 5748 1136 5797 Nonius.
1162 5773 1188 5782 -
1214 5745 1255 5794 34.
1273 5745 1372 5808 abacto
1390 5748 1409 5796 P
1433 5772 1460 5782 -
1482 5745 1523 5796 33.
1541 5759 1589 5806 qno

256 5823 361 5872 inrum
382 5821 526 5876 nonanus
546 5835 625 5889 supra
647 5834 757 5875 versum
773 5821 891 5874 babetP
909 5848 938 5861 -
961 5820 1002 5872 34.
1021 5821 1119 5885 iconii
1135 5821 1169 5872 C:
1198 5819 1297 5882 inrpee'i
1312 5821 1392 5871 nonii
1407 5821 1428 5870 0
1446 5847 1473 5859 -
1489 5837 1589 5888 propn-

258 5896 401 5970 ganeo.
