3800 7350
528 1652 870 1739 ΟΒΑΤΙΟΝΙΙΜ
897 1651 1355 1739 ΡΗΙΙᾸΡΡΙΟΑΒΠΜ

598 1869 754 1943 ninus
774 1869 1023 1967 ounnrus
1043 1871 1285 1945 nrcnrns.

880 2076 1012 2085 —.-—-

743 2232 872 2290 NOTAE
895 2231 1137 2290 Exrttctrto.

280 2379 297 2415 v
315 2392 339 2411 =
363 2365 449 2417 codex
465 2364 609 2417 Vaticanus
626 2378 700 2417 num.
719 2364 798 2426 3224,
817 2365 862 2430 qui
879 2366 921 2416 est
937 2378 970 2415 eu
986 2364 1175 2417 vetustioribus
1191 2364 1296 2419 Italicis.
1322 2366 1432 2419 Librum
1441 2366 1499 2418 XIV
1514 2367 1542 2419 in
1557 2380 1609 2419 no·

361 2442 447 2491 strum
462 2452 543 2493 usum
559 2441 640 2504 gratis
657 2441 774 2493 excussit
791 2440 819 2492 E.
838 2441 1032 2491 insumamus.

363 2697 388 2759 l.
411 2692 441 2759 l.
465 2695 514 2770 Si,
537 2702 573 2758 ut
595 2715 636 2759 ex
658 2694 787 2771 litteris,
815 2716 897 2781 qnae
917 2697 1066 2761 recitatae
1088 2704 1179 2771 sunt,
1206 2703 1314 2781 patres
1335 2698 1518 2783 conscripti,
1541 2720 1609 2765 see·

279 2791 540 2855 leratissimorum
573 2791 713 2855 bostium
745 2793 919 2855 exercitum
949 2811 1076 2855 caesum
1104 2790 1274 2875 lusumque
1301 2794 1448 2875 cognovi,
1480 2793 1526 2857 sic
1558 2794 1609 2869 id,

280 2884 366 2969 qnod
389 2893 421 2948 et
441 2905 551 2949 omnes
573 2886 710 2949 maxime
731 2894 876 2969 optamus
898 2892 930 2949 et
953 2905 993 2948 ex
1015 2905 1053 2949 ea
1067 2886 1212 2960 victoria,
1234 2904 1317 2970 qnae
1338 2892 1426 2968 parta
1449 2894 1511 2964 est,
1533 2907 1610 2951 con·

281 2987 423 3043 secutum
445 2981 646 3055 arbitramur,
668 2981 706 3043 Ι).
728 2981 859 3044 Brutum
881 2999 1044 3063 egressum
1064 2981 1128 3042 iam
1149 2980 1270 3043 Mutina
1287 2999 1357 3042 esse
1372 2981 1609 3064 cognovissem:

280 3080 412 3157 proptor
432 3073 523 3136 cuins
544 3073 721 3158 pericnlum
743 3074 784 3137 ad
806 3093 881 3157 saga
909 3075 1059 3147 issemus,
1088 3082 1218 3157 propter
1238 3073 1382 3137 eiusdem
1405 3075 1539 3140 salutem
1560 3089 1635 3141 re·a

280 3166 441 3252 dcundum
471 3167 511 3231 ad
541 3167 711 3250 pristinum
741 3167 887 3231 vestitum
913 3169 983 3231 sine
1010 3168 1076 3231 nlla
1103 3167 1298 3232 dubitatione
1320 3187 1493 3232 censerem.
1528 3168 1612 3233 Ante

281 3280 358 3324 vero
382 3280 479 3343 quam
501 3262 544 3326 sit
566 3280 604 3325 ea
624 3281 692 3336 res,
715 3281 810 3345 quam
832 3262 1014 3325 aridissime
1036 3261 1146 3326 civitas
1161 3268 1341 3346 exspectat,
1363 3261 1473 3337 allata,
1494 3262 1611 3328 laetitia

281 3357 344 3420 frui
366 3356 443 3420 satis
467 3362 515 3419 est
536 3356 692 3419 maximae
713 3355 1050 3440 praeclarissimaeque
1072 3376 1215 3438 pugnam
1240 3356 1378 3419 reditum
1400 3355 1440 3418 ad
1461 3356 1611 3420 restitum

280 3449 442 3515 confectae
471 3449 621 3513 victoriae
648 3456 818 3513 reservate.
860 3448 1022 3513 Confectio
1052 3456 1157 3513 autem
1179 3450 1274 3512 buius
1295 3449 1371 3512 belli
1393 3456 1442 3513 est
1461 3452 1499 3514 Ι).
1521 3451 1611 3515 Bruti

279 3546 377 3610 salus.
421 3525 565 3619 bthuae
588 3550 694 3607 autem
717 3550 767 3606 est
787 3543 847 3606 ista
868 3544 1040 3617 sententia,
1062 3543 1151 3606 utin
1173 3542 1364 3607 bodiemnm
1379 3544 1463 3608 diem
1478 3545 1649 3613 restituero

279 3645 432 3713 mutetur,
462 3636 578 3701 deinde
609 3656 677 3701 cras
697 3637 799 3720 sagati
821 3636 1035 3720 prodeamus?
1065 3640 1130 3701 Nos
1152 3656 1228 3702 vero
1250 3657 1323 3701 cum
1344 3639 1443 3703 semel
1465 3639 1504 3704 ad
1527 3659 1610 3717 enm,

281 3753 375 3819 quem
398 3732 544 3816 cupimus
566 3739 791 3814 optamusque,
821 3730 969 3793 restitum
991 3731 1194 3809 redierimus,
1222 3731 1254 3795 id
1276 3752 1406 3816 agamus
1427 3740 1462 3797 nt
1483 3753 1556 3798 eum
1576 3734 1612 3798 in

280 3833 469 3911 perpetuum
490 3820 793 3915 retineamus‘Nam
814 3823 876 3888 hoc
892 3824 1021 3907 quidem
1044 3846 1116 3889 cum
1137 3833 1231 3909 turpe
1252 3836 1315 3903 est,
1337 3835 1403 3891 tum
1419 3847 1460 3891 ne
1475 3828 1524 3890 dis
1539 3827 1612 3912 qui·

281 3921 353 3985 dem
374 3918 606 3983 immortalibus
628 3924 764 4000 gratnm,
786 3919 825 3997 ab
849 3938 957 3982 eorum
980 3921 1061 3995 aris,
1083 3919 1123 3983 ad
1141 3939 1219 4004 quas
1242 3921 1340 4004 togati
1362 3920 1548 3995 audierimus,
1570 3920 1610 3984 ad

281 4034 357 4097 saga
378 4013 535 4078 sumenda
556 4011 731 4075 discedere.
768 4006 799 4074 3.
815 4013 921 4097 Atque
935 4011 1167 4088 animadverto,
1190 4021 1295 4097 patres
1310 4014 1492 4098 conscripti,
1514 4033 1648 4098 qnos-to

281 4110 354 4172 dam
375 4106 450 4171 bnic
470 4106 576 4172 farere
599 4107 792 4170 sententiae:
824 4126 959 4189 quorum
982 4127 1020 4170 ea
1041 4128 1131 4171 mens
1152 4107 1251 4191 idque
1273 4107 1441 4171 consilinm
1463 4113 1528 4182 est,
1559 4112 1610 4181 ut,

282 4224 352 4266 cnm
374 4201 502 4265 videant
523 4200 788 4284 gloriosissimum
810 4200 899 4263 illum
921 4202 959 4264 Ι).
981 4202 1079 4266 Bruto
1100 4201 1241 4266 futurarm
1263 4202 1365 4276 diem,
1388 4222 1451 4286 quo
1469 4200 1522 4265 die
1537 4220 1611 4285 pro·

282 4305 353 4382 pter
375 4297 442 4360 eius
464 4295 599 4359 salntem
622 4295 825 4370 redierimus,
856 4294 941 4358 hunc
963 4299 993 4359 ei
1015 4295 1149 4360 fructum
1172 4298 1294 4380 eripere
1316 4296 1461 4379 cupiant,
1483 4314 1524 4358 ne
1545 4314 1611 4359 me·

281 4391 402 4455 moriae
428 4388 671 4473 posteritatique
699 4388 852 4471 prodatur
879 4397 1011 4472 propter
1037 4390 1132 4453 unius
1154 4389 1233 4453 ciris
1260 4389 1436 4473 pericnlum
1458 4388 1611 4474 populum

282 4487 460 4548 Romanum
481 4482 522 4545 ad
545 4502 620 4569 saga
640 4484 721 4559 isse,
742 4490 873 4568 propter
893 4483 1037 4546 eiusdem
1059 4484 1192 4547 salutem
1213 4485 1334 4548 redisse
1349 4484 1389 4547 ad
1403 4490 1504 4565 togas.
1537 4482 1649 4554 Tol-sp

282 4579 337 4643 lite
365 4578 461 4642 hano:
488 4577 609 4640 nnllam
638 4585 703 4642 tam
731 4594 847 4659 pravae
877 4577 1053 4641 sententiae
1076 4597 1203 4642 causam
1225 4577 1401 4661 reperietis.
1435 4577 1502 4641 Vos
1524 4595 1611 4651 vero,

281 4680 389 4757 patres
412 4672 598 4754 conscripti,
621 4677 803 4736 conservate
825 4671 1044 4735 anctoritatem
1067 4679 1219 4747 vestram,
1240 4678 1367 4736 manete
1388 4671 1421 4733 in
1443 4671 1611 4746 sententia,

282 4773 387 4831 tenete
409 4773 514 4830 vestra
536 4766 697 4857 memoria,
719 4765 807 4850 qnod
830 4784 925 4848 saepe
942 4765 1138 4840 ostendistis,
1159 4765 1256 4829 buius
1270 4767 1366 4829 totins
1380 4764 1456 4828 belli
1469 4765 1503 4827 in
1517 4764 1611 4826 unius

282 4859 343 4923 riri
364 4858 528 4923 tortissimi
550 4866 582 4922 et
602 4859 733 4924 maximi
756 4860 821 4924 vita
842 4861 982 4943 positum
1005 4879 1074 4924 esse
1096 4859 1276 4924 discrimen.
1318 4860 1359 4922 11.
1373 4855 1404 4922 l.
1417 4859 1466 4922 sd
1480 4860 1518 4922 Ι).
1532 4859 1612 4922 Bru·

347 5141 371 5191 t.
389 5141 418 5192 St
433 5145 462 5191 ut
477 5141 502 5191 t:
528 5138 599 5190 Sicut
619 5138 705 5189 abta
730 5166 757 5176 -
784 5140 840 5190 scel.
864 5141 970 5192 bostium
991 5142 1129 5193 mesu
1147 5143 1231 5207 mum
1253 5153 1401 5204 emansores
1415 5140 1520 5204 morosi
1535 5139 1613 5191 adert

281 5215 380 5267 Nonius
395 5228 423 5280 p.
442 5215 499 5265 342.
519 5239 548 5252 -
566 5215 591 5265 2.
609 5216 630 5264 si
647 5216 673 5265 id
690 5217 700 5264 t
718 5242 745 5252 -
764 5215 789 5266 3.
808 5218 951 5279 optauimus
968 5230 984 5266 a
1002 5243 1029 5253 —
1048 5222 1072 5268 et
1088 5229 1142 5267 om.
1160 5217 1213 5267 mei
1231 5242 1258 5252 -
1277 5213 1302 5266 i.
1321 5215 1478 5266 arbitramur
1492 5227 1546 5265 om.
1560 5215 1568 5263 4
1582 5240 1609 5252 -

281 5292 368 5342 ears-si
384 5304 424 5342 av
443 5317 471 5329 -
489 5290 708 5355 coomssanb-
732 5292 757 5341 e.
775 5292 910 5341 ciulsv-
930 5292 955 5342 7.
973 5292 1025 5341 siti
1042 5294 1103 5356 post
1119 5289 1299 5343 otutohabet
1317 5319 1344 5328 -
1366 5289 1613 5353 quom--suttsest

282 5367 360 5416 om.t
376 5390 404 5402 -
423 5367 588 5417 Memmiae
604 5380 662 5415 v-
681 5367 777 5418 laetitio
792 5368 845 5430 siut
862 5366 921 5417 ab:
940 5367 1133 5418 loomiceriau
1148 5368 1197 5427 iv3
1215 5367 1399 5417 hettaeum
1414 5367 1434 5416 0
1451 5378 1513 5417 cum
1530 5362 1610 5415 codd.

281 5439 393 5489 Ferrarii
409 5465 442 5477 -
458 5440 629 5503 8.otseom.i
646 5467 674 5476 -
694 5442 718 5492 9.
731 5444 860 5493 conuictos
875 5445 926 5492 t-
945 5442 1131 5495 rererucreab
1148 5444 1206 5494 tort.
1221 5445 1311 5502 recte;
1329 5454 1432 5492 uiuere
1449 5442 1499 5490 t-
1518 5440 1612 5489 tt.to-

281 5514 409 5578 potit-
427 5514 468 5564 42.
486 5516 678 5580 reciperarunt
696 5544 724 5555 -
742 5517 923 5581 imperpetuum
939 5519 948 5568 4
964 5545 998 5556 -
1014 5519 1055 5569 43.
1074 5518 1112 5567 dis
1127 5530 1160 5567 v:
1178 5517 1226 5566 dits
1243 5517 1303 5566 0—
1323 5515 1363 5567 tt.
1381 5516 1506 5565 temerat
1523 5539 1551 5550 -
1568 5524 1612 5563 oo-

280 5589 386 5639 suedsm
402 5590 410 5638 4
428 5614 456 5626 -
482 5591 521 5642 ta.
540 5591 733 5642 ouiumduertite
748 5605 766 5641 v
785 5618 810 5630 -
831 5592 872 5643 to.
890 5597 927 5644 ert
943 5606 998 5644 om.
1016 5594 1051 5643 tv
1069 5619 1097 5629 -
1121 5592 1161 5642 47.
1178 5592 1244 5656 plor.
1262 5591 1333 5641 tttren
1348 5590 1398 5640 tv:
1416 5590 1487 5639 dlaon
1501 5587 1567 5653 plor.
1584 5587 1610 5646 i;

281 5664 343 5714 illud
358 5663 467 5728 plor.b;
485 5665 691 5717 illamama-
710 5666 803 5716 decimo
820 5667 829 5716 i
848 5694 874 5704 -
894 5668 1095 5718 t8.rsdterimue
1110 5666 1212 5717 abtv:
1228 5665 1542 5717 retesammoovestttun
1557 5660 1610 5722 4ος

281 5740 308 5789 in
324 5738 383 5790 cod.
396 5741 551 5791 liauritiano
568 5742 603 5791 ad
619 5746 703 5805 tapam
722 5741 922 5807 interpolatione
939 5741 1059 5792 additum
1076 5743 1126 5792 est.
1140 5767 1168 5778 -
1187 5741 1252 5791 tuac
1268 5739 1310 5790 ab
1320 5743 1369 5790 tv:
1387 5741 1453 5792 basse
1468 5745 1566 5792 tautmn
1576 5740 1612 5791 to

282 5839 309 5850 -
328 5813 369 5866 49.
385 5816 552 5880 potestatique
569 5818 580 5868 t
599 5844 626 5854 -
644 5817 685 5868 20.
705 5816 778 5868 luisse
794 5819 804 5866 4
822 5844 849 5854 -
867 5817 909 5868 24.
927 5817 1071 5881 supportatis
1087 5830 1104 5866 v
1123 5841 1150 5854 -
1170 5814 1210 5868 24.
1228 5816 1287 5879 sort.
1305 5816 1355 5866 oiri
1371 5829 1396 5867 v.
