3800 7350
654 1224 726 1288 cn.
748 1222 977 1287 xvir-xlx.
1005 1216 1051 1303 §s
1072 1215 1219 1283 ae-re.
1517 1196 1595 1264 lost

280 1393 308 1457 is
330 1401 435 1457 motus
456 1393 552 1457 luerit
573 1395 814 1478 municipiorum
836 1400 867 1457 et
889 1392 1080 1455 coloniarum
1103 1390 1259 1463 omnium,
1288 1408 1325 1452 ea
1349 1380 1477 1447 decreta
1498 1378 1602 1463 publi·

281 1507 449 1562 canorum,
482 1509 519 1550 ea
550 1488 773 1571 collegiorum,
807 1508 844 1552 ea
874 1486 1011 1571 denique
1041 1505 1190 1568 generum
1213 1484 1425 1567 ordinumque
1450 1473 1601 1545 omniun,

282 1601 363 1665 quae
384 1601 448 1645 non
471 1582 566 1645 modo
589 1602 647 1664 ego
670 1589 776 1666 optare
798 1601 970 1665 numquam
994 1580 1158 1653 auderem,
1191 1577 1244 1641 sed
1268 1578 1406 1660 cogitare
1435 1586 1504 1638 nun
1528 1584 1603 1671 [05-

281 1695 364 1748 sem,
398 1695 454 1739 ros
483 1686 588 1740 autem
618 1677 823 1759 sempiternas
853 1676 1053 1738 foedissimae
1075 1671 1278 1757 turpitudinis
1299 1678 1390 1734 notas
1413 1659 1602 1733 subterius?

281 1763 332 1829 la.
354 1770 403 1831 An
424 1789 500 1852 ego,
530 1772 609 1834 site
632 1777 662 1833 et
683 1770 849 1833 Gabinium
873 1769 956 1832 cruci
980 1766 1110 1831 suffixos
1132 1766 1287 1840 viderem,
1315 1765 1433 1829 maiore
1455 1760 1629 1826 afficerem

280 1860 399 1924 laetitia
428 1883 467 1925 er
497 1865 637 1947 corporis
660 1864 754 1927 vestri
777 1863 982 1937 laceratione,
1005 1882 1100 1947 quam
1121 1858 1242 1925 afficior
1263 1880 1303 1924 ex
1321 1858 1446 1923 samael
1466 1853 1600 1920 Nullum

280 1963 330 2020 est
349 1957 540 2040 supplicium
562 1958 752 2042 putandum,
787 1978 850 2041 quo
881 1957 965 2021 affici
994 1978 1067 2020 casu
1096 1956 1203 2039 aliquo
1233 1955 1328 2018 etiam
1356 1954 1433 2018 boni
1454 1951 1513 2016 riri
1534 1947 1601 2012 ior·

279 2056 391 2133 terque
419 2059 562 2134 possunt.
613 2054 716 2135 Atque
748 2051 810 2114 hoc
845 2052 974 2134 quidem
1004 2050 1099 2113 etiam
1131 2049 1183 2113 isti
1217 2050 1262 2112 tui
1293 2048 1402 2113 dicunt
1430 2040 1600 2129 voluptarii

281 2143 411 2206 Graeci:
443 2166 522 2228 quos
550 2146 671 2208 utinam
701 2147 744 2208 ita
771 2144 913 2219 audires,
945 2153 981 2207 ut
1008 2152 1098 2207 erant
1118 2142 1285 2228 audiendi:
1318 2161 1489 2226 numquam
1512 2145 1543 2202 te
1564 2137 1599 2198 iu

281 2244 328 2300 tot
343 2238 457 2320 flagitia
473 2238 709 2322 ingurgitasses.
751 2240 869 2300 Verum
891 2237 982 2301 audis
1004 2239 1036 2301 in
1058 2237 1280 2322 praesepibus,
1302 2237 1393 2300 audis
1416 2235 1448 2297 iu
1472 2230 1640 2313 stupris,w

279 2329 370 2393 audis
400 2332 432 2393 iu
463 2332 532 2394 cibo
563 2342 594 2395 et
626 2334 711 2396 vino.
755 2332 816 2395 Sed
845 2329 954 2395 dicunt
982 2332 1034 2395 isti
1064 2333 1142 2414 ipsi,
1177 2333 1231 2415 qui
1253 2331 1334 2394 mala
1356 2329 1483 2402 dolore,
1516 2326 1600 2389 bona

280 2425 443 2508 voluptate
465 2424 638 2501 deliniunt,
671 2427 861 2511 sapientem,
895 2426 990 2489 etiam
1020 2428 1045 2490 si
1075 2427 1107 2488 in
1136 2424 1310 2490 Phalaridis
1339 2432 1428 2487 tauro
1457 2422 1600 2485 inclusus

282 2521 441 2582 succensis
463 2521 586 2602 ignibus
610 2530 780 2595 torreatur,
814 2522 967 2583 dicturum
997 2528 1101 2583 tamen
1129 2539 1225 2583 suave
1247 2518 1326 2582 iilud
1348 2537 1417 2581 esse
1439 2534 1537 2600 seque
1560 2533 1600 2575 ne

282 2613 437 2677 tantulum
467 2613 594 2697 quidem
625 2616 826 2679 commoveri.
869 2616 1000 2677 Tantam
1022 2615 1145 2677 virtutis
1167 2613 1229 2678 vim
1260 2633 1330 2678 esse
1351 2612 1534 2682 voluerunt,
1569 2614 1602 2668 ut

282 2727 346 2770 non
373 2717 482 2791 posset
508 2727 577 2770 esse
604 2729 752 2791 umquam
783 2710 830 2771 vir
856 2708 959 2771 bonus
987 2728 1050 2771 non
1077 2709 1198 2771 beatus.
1242 2702 1292 2769 113.
1324 2707 1413 2783 Quae
1436 2711 1485 2769 est
1506 2702 1639 2785 igituro

282 2804 405 2887 poenal
429 2799 516 2884 quod
538 2801 748 2884 supplicium?
771 2803 802 2864 id
827 2822 894 2864 mea
910 2804 1081 2877 sententia,
1106 2802 1191 2885 quod
1207 2800 1348 2865 accidere
1363 2797 1482 2863 nemini
1497 2799 1604 2880 potest

282 2895 342 2959 nisi
359 2896 502 2969 nocenti,
524 2902 670 2977 suscepta
684 2894 784 2969 fraus,
807 2897 959 2980 impedita
974 2904 1005 2958 et
1019 2917 1169 2979 oppressa
1184 2916 1289 2970 mens,
1312 2896 1466 2958 bonorum
1481 2890 1604 2962 odium,

282 2997 356 3053 nota
378 2989 482 3051 inusta
504 2997 650 3062 senatus,
673 2990 800 3052 amissio
823 2990 994 3073 diguitatis.
1039 2992 1124 3052 lllll.
1147 2992 1211 3052 Nec
1235 2988 1312 3052 mihi
1328 2988 1381 3051 ille
1396 2988 1438 3050 hi.
1453 2978 1604 3066 Regulus.

282 3103 375 3168 quem
398 3081 679 3166 Karthaginienses
702 3084 832 3147 resectis
854 3084 1012 3168 palpebris
1041 3085 1193 3167 illigatum
1220 3087 1252 3148 in
1276 3082 1420 3146 machina
1440 3076 1602 3161 vigilando

282 3183 490 3250 necaverunt,
512 3177 670 3259 supplicio
692 3176 817 3240 videtur
838 3180 984 3252 allectus,
1007 3197 1065 3242 nec
1088 3178 1120 3240 C.
1143 3179 1276 3253 blarius,
1309 3196 1405 3261 quem
1427 3174 1516 3237 ltalia
1538 3183 1642 3235 ser-2⁰

282 3278 352 3333 vata
381 3269 420 3331 ab
451 3269 506 3334 illo
529 3270 705 3334 demersum
730 3271 761 3334 in
783 3272 1048 3336 Minturnensium
1070 3272 1253 3356 paludibus,
1286 3271 1391 3334 Africa
1419 3269 1542 3330 devicta
1563 3265 1601 3327 ab

282 3363 393 3428 eodem
423 3363 590 3446 expulsum
622 3372 653 3427 et
681 3364 866 3447 naufragum
895 3365 984 3428 vidit.
1034 3367 1191 3429 Fortunae
1221 3366 1304 3430 enim
1333 3365 1392 3429 ista
1425 3362 1487 3425 tela
1520 3365 1603 3433 sunt,

282 3480 344 3523 non
368 3458 498 3541 culpae;
531 3458 722 3541 supplicium
744 3467 848 3521 autem
870 3468 919 3522 est
939 3479 1043 3542 poena
1064 3461 1197 3542 peccati.
1239 3460 1351 3544 Neque
1372 3476 1446 3519 vero
1469 3474 1545 3536 ego,
1577 3454 1604 3516 si

283 3571 430 3636 umquam
453 3551 544 3615 vobis
567 3552 649 3614 mala
670 3572 831 3636 precarer,
854 3555 939 3636 quod
962 3573 1057 3636 saepe
1078 3552 1156 3628 ieci,
1171 3587 1212 3601 -
1228 3554 1261 3616 in
1284 3575 1349 3638 quo
1365 3552 1396 3616 di
1411 3545 1604 3616 immortales

283 3666 365 3711 meas
388 3666 497 3729 preces
520 3646 708 3709 audiverunt
722 3681 781 3720 —,
804 3646 948 3710 morbum
971 3656 1025 3711 aut
1045 3655 1176 3712 mortem
1193 3656 1247 3712 aut
1262 3648 1433 3713 cruciatum
1448 3660 1603 3727 precarer.
1615 3651 1645 3698 2⁵

283 3741 439 3827 Thyestea
468 3748 516 3804 est
543 3742 603 3804 ista
631 3741 807 3803 exsecratio
829 3747 941 3824 politae
965 3742 1049 3825 vulgi
1071 3743 1209 3818 animos,
1239 3763 1303 3806 non
1325 3739 1516 3827 sapientium
1540 3755 1605 3798 mo-

282 3835 400 3900 ventis:
422 3842 458 3898 ut
480 3844 514 3898 tu
541 3832 725 3916 «naufragio
748 3834 899 3918 expulsus
922 3837 1064 3918 uspiam»

874 3930 979 3992 «saxis
1001 3929 1085 3994 fixus
1107 3933 1243 4015 asperis,
1266 3932 1457 3995 evisceratus

409 4022 506 4087 latere
527 4022 719 4107 penderes»,
741 4030 776 4086 ut
798 4023 842 4085 ait
864 4024 935 4098 ille,
967 4045 1063 4088 «saxa
1085 4046 1236 4109 spargens
1259 4027 1349 4101 tabo,
1372 4026 1459 4089 sanie
1482 4031 1512 4088 et
1532 4044 1606 4087 san-

1035 4111 1130 4192 guine
1153 4119 1251 4173 atro.»
1611 4127 1642 4173 ao

346 4270 369 4317 l.
388 4266 524 4328 atquecoi.
544 4269 564 4313 G
585 4292 609 4300 -
630 4264 653 4313 3.
673 4267 810 4315 anamodo
827 4280 871 4330 eqo
889 4267 979 4316 VEl':
999 4281 1043 4330 eqo
1060 4283 1110 4316 noo
1126 4270 1199 4317 modo
1216 4270 1262 4318 SO
1282 4296 1308 4304 -
1328 4271 1351 4317 6.
1370 4282 1403 4318 ea
1417 4269 1503 4330 samoe
1519 4267 1552 4314 V:
1571 4280 1604 4315 ea:

280 4346 351 4407 tome
369 4344 428 4401 aF3
448 4357 480 4391 ee
496 4342 602 4400 infamia
619 4343 635 4390 S
650 4368 675 4376 -
697 4343 721 4391 Ἰ.
735 4343 819 4404 atiquo
836 4357 885 4403 quo
902 4344 978 4392 etiam
990 4344 1037 4392 El*
1052 4373 1079 4383 ‹-
1098 4345 1122 4393 9.
1140 4357 1278 4406 numquam
1290 4370 1326 4380 --
1336 4343 1513 4407 iaqurqitasses
1528 4341 1606 4390 atlert

282 4419 392 4482 Eutyeh.
406 4431 432 4481 p.
446 4418 492 4465 ⁴67
505 4415 578 4467 Lind.
590 4442 614 4451 -
634 4418 674 4466 it.
693 4422 716 4466 et
731 4419 788 4466 cino
801 4419 917 4468 Vl'Gll:
937 4424 960 4466 et
975 4420 1002 4467 in
1018 4419 1075 4467 vioe
1091 4419 1134 4468 ES
1149 4445 1175 4454 -
1194 4420 1242 4468 Sed
1253 4421 1337 4469 dicmt
1347 4446 1383 4456 -·
1394 4418 1518 4467 dictmm
1529 4415 1605 4465 atiert

283 4494 416 4546 Charisius
428 4493 447 4549 l,
460 4492 501 4548 ti,
512 4492 552 4540 ⁹8.
565 4517 591 4526 -
608 4492 646 4540 te.
659 4493 767 4542 tecturus
779 4506 831 4543 orn.
846 4494 981 4545 Charisius
993 4494 1020 4542 ct
1032 4492 1113 4543 habet
1123 4493 1248 4543 daturum
1259 4497 1319 4559 post
1329 4493 1462 4556 sapientem
1475 4519 1501 4526 —
1516 4490 1556 4540 ⁴3.
1568 4503 1605 4538 re·

282 4567 374 4630 parv:
393 4578 490 4626 seseque
504 4568 524 4616 C
540 4593 565 4600 —
586 4566 625 4616 li.
644 4567 695 4616 vim
711 4581 760 4616 esee
772 4568 805 4616 V:
825 4582 875 4618 erre
890 4570 940 4617 vim
958 4567 1018 4616 C-
1039 4569 1078 4616 ⁴5.
1092 4581 1142 4617 esee
1156 4567 1460 4632 wnquumV1uorquom
1476 4578 1527 4616 ease
1540 4566 1559 4615 C
1574 4591 1602 4602 -

283 4640 524 4705 iheremiotiooot}
538 4666 564 4676 -
579 4641 618 4689 ⁴7.
632 4643 775 4703 suspectui]
790 4670 815 4679 -
829 4643 944 4693 mearV:
962 4643 1259 4702 meneooscieotiaco;
1277 4640 1605 4692 modorosenam

283 4719 319 4769 tio
330 4719 399 4769 coni.
410 4716 480 4767 Bake
492 4715 550 4765 coll.
565 4714 596 4778 55
608 4716 648 4765 39.
659 4715 699 4767 tl.
713 4744 739 4752 —
753 4717 873 4768 bonorum
884 4718 919 4767 V:
938 4718 1059 4767 bonorum
1075 4719 1185 4767 comitem
1196 4716 1245 4768 CO
1259 4745 1286 4754 -
1306 4718 1346 4768 48,
1359 4722 1419 4768 noto
1434 4718 1518 4766 inusto
1528 4717 1605 4766 Faer-

284 4807 344 4844 nus:
357 4798 418 4842 noto
429 4792 564 4850 trutoV03
579 4805 629 4839 aon
642 4791 710 4842 tussa
720 4794 753 4853 E;
771 4799 832 4843 eota
842 4794 901 4842 iusti
918 4793 958 4842 FS
972 4819 998 4829 -
1013 4806 1030 4841 a
1040 4797 1128 4842 senatu
1138 4793 1263 4842 Faernus.
1272 4817 1299 4828 —
1309 4791 1373 4843 cod.
1386 4792 1409 4841 V
1420 4793 1446 4842 iu
1459 4804 1541 4854 marg.
1552 4791 1603 4840 hoe

284 4871 360 4918 vetus
380 4866 498 4918 scholion
522 4866 616 4916 babet:
639 4869 747 4933 ltaqutm
768 4871 821 4919 dam
842 4870 967 4919 Romanus
982 4872 1091 4917 treeeota
1107 4868 1179 4916 ordio
1194 4869 1349 4930 captiuorum
1365 4867 1605 4932 &coeanensium

283 4944 346 5005 oepit
361 4948 385 4993 et
401 4943 453 5004 ipse
468 4947 555 5003 captus
571 4946 606 4992 est
622 4957 639 4992 a
656 4943 869 5002 Lacedaemoniis,
887 4943 930 5005 qui
947 4942 1073 4992 curtium
1089 4942 1331 5006 Cortbopintensibur
1345 4941 1464 5006 [mart.
1487 4942 1606 5006 Requtmu

283 5020 370 5069 iurare
385 5023 517 5081 coeperunt
532 5022 560 5066 ut
578 5019 681 5068 amum
694 5021 893 5082 moflrbcer‘eter
909 5023 932 5067 et
948 5018 978 5066 de
994 5018 1122 5066 reddendis
1137 5018 1242 5080 captivis
1257 5024 1349 5082 speret¹
1372 5019 1469 5068 luroott
1483 5031 1509 5067 se
1524 5030 1605 5067 rerer·

283 5107 384 5151 mum,
400 5094 446 5143 tuit
461 5098 485 5142 et
500 5108 531 5144 ae
547 5095 709 5144 redderentur
725 5096 811 5145 morit.
834 5097 950 5146 lievenu
966 5094 1012 5143 troc
1022 5094 1136 5143 &malo
1152 5095 1255 5155 effectus
1268 5098 1303 5144 eet
1318 5093 1423 5156 tabeque
1437 5093 1606 5157 lubinenses

283 5170 389 5228 hoico,
407 5169 490 5230 quotis
505 5170 553 5232 seit
568 5171 595 5219 ia
611 5173 684 5220 curia
701 5173 823 5221 Romana.
843 5197 870 5206 —
889 5170 928 5219 ⁴9.
947 5169 1156 5232 cartthinienser
1173 5168 1208 5224 V;
1226 5168 1433 5233 Karthaqioenrer
1449 5171 1483 5228 Gi
1501 5169 1605 5219 cartha-

283 5245 393 5309 pr'aenses
410 5245 469 5296 VS:
493 5244 678 5306 cortopioeaaes
695 5243 714 5292 E
733 5270 759 5278 -
784 5244 916 5306 tntipotom
933 5244 952 5294 E
973 5272 999 5281 -
1018 5243 1059 5292 22.
1076 5242 1241 5306 nousrapr'sm
1258 5244 1277 5292 Ε
1295 5244 1355 5301 loon
1373 5247 1402 5306 G]
1421 5271 1448 5280 -
1466 5245 1508 5295 23.
1523 5259 1606 5309 poeno

284 5321 353 5370 Rake
375 5319 409 5370 ad
430 5320 479 5370 Cic.
498 5321 528 5369 de
543 5320 617 5383 Lepq.
636 5333 662 5382 p.
681 5317 729 5369 bil
751 5319 928 5370 inducendum
955 5322 1037 5384 putat.
1061 5344 1088 5352 -
1115 5318 1155 5368 25.
1173 5319 1313 5367 unctulum
1331 5319 1455 5381 precabor
1476 5322 1554 5371 liele.
1576 5348 1602 5355 -

284 5395 325 5445 26.
343 5401 377 5445 ert
393 5396 442 5445 islo
457 5396 595 5446 memorio
608 5395 641 5442 V:
661 5394 708 5443 isto
725 5408 777 5444 cca.
795 5399 830 5444 ert
848 5395 898 5444 CO
913 5420 940 5430 -
959 5395 1106 5456 sapientium
1122 5393 1229 5443 VEl'G
1240 5395 1271 5444 S:
1289 5397 1428 5457 sapientum
1443 5397 1531 5448 bio-
1550 5410 1605 5446 me·

284 5468 497 5521 armassemus.
519 5497 545 5505 -
569 5471 609 5518 27.
628 5475 655 5517 ut
678 5474 705 5518 te
716 5495 752 5505 --
763 5471 870 5532 rapiam]
894 5469 976 5520 «haec
993 5468 1074 5519 verba
1092 5469 1213 5519 Ciceroni
1234 5470 1371 5534 rescripsit
1385 5470 1531 5532 Bentleius,
1552 5472 1605 5522 En·

286 5546 362 5596 utana
380 5546 454 5609 poesi
472 5547 496 5595 in
514 5545 636 5602 brevius,
658 5546 688 5593 ut
703 5544 819 5606 ridetur,
843 5544 877 5594 ab
898 5543 940 5594 illo
958 5546 1116 5594 contracta.»
1135 5544 1243 5593 Brasaca
1261 5544 1357 5608 rraqtc.
1375 5546 1430 5596 Lot.
1449 5547 1498 5596 liet.
1517 5559 1543 5610 p.
1562 5544 1603 5596 sa.

287 5620 325 5671 Ct.
344 5621 399 5671 Cic.
418 5621 495 5670 Tuse.
513 5623 538 5679 l,
557 5620 572 5684 5
589 5620 649 5670 ⁴⁰7:
672 5625 819 5669 carceratur
831 5659 837 5669 .
851 5657 856 5669 .
870 5621 938 5682 apud
961 5621 1068 5670 Enniam
1085 5619 1194 5680 mester
1209 5624 1238 5669 nt
1252 5620 1388 5683 nemroqio
1405 5625 1491 5683 pereat
1506 5622 1603 5672 Atreus.

288 5698 367 5748 Recte
385 5699 421 5746 ait
437 5697 558 5747 Garatoni
575 5710 617 5743 vv,
636 5695 721 5758 onufr.
740 5695 858 5757 capulans
879 5697 978 5758 uspiam
994 5695 1097 5759 poetica
1114 5693 1198 5744 videri
1214 5697 1241 5745 et
1258 5695 1284 5745 iu
1301 5696 1376 5746 Ennii
1392 5695 1507 5757 'l'byestc
1524 5708 1606 5759 supe-

288 5773 357 5822 riore
374 5770 462 5834 aliquo
479 5784 557 5821 versu
574 5770 624 5833 legi
643 5771 768 5835 potuisse.
791 5772 847 5830 Quo
865 5770 968 5821 accedit
985 5769 1056 5833 qood
1073 5772 1148 5820 vetus
1165 5768 1207 5821 ille
1224 5768 1379 5821 scholiastes
1396 5769 1467 5820 haud
1484 5769 1605 5820 indoctus

288 5848 315 5897 in
331 5845 391 5897 cod.
404 5847 461 5896 vat.
475 5848 535 5896 ante
553 5848 607 5910 ipsa
626 5844 667 5895 ilia
684 5845 837 5909 adscripsit:
856 5859 941 5896 verao
955 5845 1040 5895 Enati.
1053 5870 1080 5880 -
1099 5846 1140 5896 29.
1155 5847 1274 5909 penderes
1290 5847 1396 5908 Cicero,
1414 5843 1497 5894 rerba
1509 5847 1604 5909 poetae

289 5923 398 5981 orationi
414 5936 478 5973 suae
495 5922 714 5972 accommodans:
729 5922 839 5985 pendens
855 5921 965 5982 Ennius,
983 5934 1009 5971 v.
1027 5921 1103 5999 Vuae.
1122 5920 1140 5972 l.
1159 5935 1183 5973 e.
1203 5947 1230 5962 -
1249 5926 1273 5975 et
1289 5922 1324 5971 V:
1343 5932 1397 5973 om.
1415 5920 1446 5974 C.
