3800 7350
671 1220 745 1287 cn.
767 1223 909 1288 rx-n
938 1220 996 1307 §t-
1017 1218 1164 1288 le-ee.
1520 1216 1584 1286 ros

258 1401 322 1459 stra
343 1400 564 1468 monumenta,
591 1392 690 1456 nostri
712 1392 881 1475 triumphi:
916 1412 998 1476 quae
1021 1411 1155 1476 quorum
1177 1393 1310 1476 ingeniis
1333 1393 1523 1468 efferuntur,
1545 1393 1585 1455 ab

258 1488 300 1551 iis
328 1488 438 1574 populi
467 1488 599 1551 Romani
629 1487 712 1551 fama
739 1487 924 1550 celebratur.
973 1482 1024 1549 24.
1048 1486 1145 1548 Carus
1173 1485 1233 1550 fuit
1257 1486 1406 1552 Africano
1429 1486 1585 1570 superiori

259 1590 369 1646 noster
388 1582 530 1655 Ennius3
552 1581 660 1663 itaque
682 1582 776 1644 etiam
802 1580 835 1641 in
858 1579 1025 1661 sepulchro
1041 1579 1225 1662 Scipionum
1239 1581 1410 1663 putatoris
1426 1600 1496 1645 esse
1510 1599 1586 1643 con·

197 1717 199 1721 -
258 1675 388 1739 stitutus
409 1695 450 1738 ex
472 1695 636 1738 marmore.
671 1676 713 1738 At
741 1674 783 1737 iis
805 1673 951 1737 laudibus
974 1680 1059 1736 certe
1081 1692 1146 1735 aon
1169 1673 1273 1737 solum
1294 1675 1378 1757 ipse,
1399 1675 1455 1758 qui
1477 1672 1587 1738 lauda·

257 1777 326 1843 tur,
349 1769 405 1832 sed
428 1770 521 1833 etiam
543 1768 654 1852 populi
676 1768 809 1830 Romani
831 1787 947 1830 nomen
963 1774 1101 1830 ornatur.
1136 1768 1172 1830 ln
1195 1768 1318 1831 caelum
1338 1767 1435 1832 buius
1449 1775 1610 1851 proavust

258 1862 336 1925 Cato
368 1860 504 1925 tollitur:
538 1881 670 1943 maguus
699 1860 802 1923 honos
830 1860 943 1943 populi
970 1859 1103 1924 Romani
1124 1861 1220 1924 rebus
1240 1861 1433 1945 adiungitur.
1469 1861 1587 1925 Omnes

258 1956 398 2039 denique
419 1955 465 2017 illi
485 1954 633 2028 Maximi,
658 1954 814 2028 Marcelli,
837 1955 938 2018 Fulvii
954 1974 1019 2017 non
1033 1955 1102 2016 sine
1116 1956 1275 2018 communi
1290 1955 1430 2018 omnium
1444 1963 1587 2018 nostram

257 2048 353 2112 laude
375 2048 572 2112 decorantur.
616 2049 657 2110 X.
678 2048 762 2130 Ergo
776 2047 890 2122 illum,
912 2048 974 2132 qui·
990 2048 1068 2110 baec
1087 2047 1218 2123 lecerat,
1240 2050 1401 2112 Rudinum
1414 2048 1587 2124 bominem,

259 2143 394 2207 maiores
416 2143 515 2206 nostri
538 2142 570 2204 in
593 2142 750 2205 civitatem
773 2148 978 2225 receperunt:
1007 2161 1066 2204 nos
1091 2141 1176 2204 bunc
1197 2142 1449 2216 Heracliensem,
1480 2141 1588 2205 multis

258 2236 436 2301 civitatibus
459 2237 649 2319 expetitum,
670 2237 704 2299 in
726 2237 783 2298 bac
808 2244 911 2299 autem
932 2236 1057 2319 legibus
1079 2236 1301 2311 constitutum,
1323 2236 1364 2300 de
1385 2243 1495 2300 nostra
1512 2236 1625 2300 civi-o

257 2339 324 2396 late
345 2329 532 2395 eiiciemusi

343 2420 395 2487 23.
417 2425 496 2509 Nam
519 2423 638 2507 siquis
660 2424 813 2487 minorem
836 2423 955 2506 gloriae
976 2422 1111 2487 fructum
1133 2431 1225 2507 putat
1247 2445 1287 2488 ex
1303 2425 1430 2492 Graecis
1444 2425 1588 2491 versibus

258 2518 379 2604 percipi
409 2537 503 2602 quam
539 2537 580 2580 ex
612 2517 749 2590 latinis,
782 2518 985 2581 vehementer
1017 2526 1116 2592 errat,
1151 2523 1318 2601 propterea
1349 2522 1438 2605 quod
1469 2520 1589 2584 Graeca

257 2613 407 2695 leguntur
435 2611 470 2672 in
499 2610 646 2674 omnibus
675 2608 742 2673 fere
764 2610 927 2693 gentibus,
958 2610 1072 2673 Latina
1093 2610 1160 2674 suis
1180 2611 1315 2687 finibus,
1348 2614 1472 2697 exiguis
1493 2632 1588 2685 saue,

257 2705 469 2768 continentur.
507 2703 612 2779 Quare
641 2704 667 2766 si
696 2723 748 2766 res
771 2724 843 2778 eae,
874 2724 953 2788 quas
975 2703 1149 2786 gessimus,
1177 2705 1262 2768 orbis
1283 2713 1385 2770 terrae
1407 2705 1626 2790 regionibuslll

258 2797 470 2873 definiuntur,
492 2816 609 2880 cupere
631 2796 800 2871 debemus,
826 2817 891 2881 quo
914 2817 1063 2860 manuum
1086 2806 1263 2861 nostrarum
1284 2799 1348 2863 tela
1369 2800 1589 2883 pervenerint»

258 2892 372 2956 eodem
393 2891 525 2975 gloriam
545 2889 724 2974 famamque
739 2898 922 2975 penetrare,
947 2891 1033 2974 quod
1050 2911 1122 2954 cum
1137 2892 1215 2975 ipsis
1232 2894 1374 2977 populis,
1396 2894 1436 2958 de
1452 2912 1588 2977 quorum

258 2986 354 3049 rebus
375 2985 539 3058 scribitur,
560 2983 640 3047 baec
656 2983 761 3065 ampla
776 2991 866 3057 sunt,
890 2992 957 3047 tum
973 2983 1014 3047 iis
1030 2992 1132 3060 certe,
1156 2987 1210 3069 qui
1226 2988 1265 3050 de
1280 2988 1344 3052 vita
1357 2987 1478 3070 gloriae
1492 3004 1589 3049 cause

258 3079 425 3154 dimicant,
456 3078 516 3142 boc
547 3079 719 3141 maximum
748 3084 780 3140 et
808 3076 1021 3161 periculorum
1052 3077 1289 3144 incitamentum
1312 3087 1361 3144 est
1382 3088 1414 3145 et
1433 3081 1588 3145 laborum.

257 3170 310 3237 44.
333 3173 436 3250 Quam
460 3172 576 3235 multos
599 3172 767 3254 scriptores
790 3192 893 3234 rerum
917 3191 1043 3235 suarum
1065 3192 1197 3256 magnus
1218 3174 1272 3237 ille
1288 3174 1468 3238 Alexander
1481 3191 1588 3236 secum
1596 3185 1626 3233 ao

257 3267 408 3331 babuisse
438 3266 567 3331 diciiurl
611 3268 717 3350 Atque
746 3266 774 3329 is
802 3274 924 3340 tamen,
956 3286 1027 3328 cnm
1049 3267 1081 3329 in
1105 3268 1198 3350 Sigeo
1222 3268 1261 3331 ad
1282 3267 1414 3331 Achillis
1435 3267 1588 3331 tumulum

258 3361 447 3436 adstitisset,
472 3360 519 3423 40
541 3360 720 3423 fortunate»
744 3361 849 3442 inquit
873 3359 1091 3435 «adolescens,
1115 3363 1172 3446 qui
1189 3370 1262 3425 tuae
1277 3362 1402 3427 uirtutis
1416 3360 1589 3424 Homerum

257 3474 445 3542 praeconem
467 3454 671 3519 invenerislu
707 3456 748 3517 Et
769 3472 864 3516 vere:
887 3473 959 3516 nam
982 3454 1043 3517 nisi
1065 3455 1139 3518 llias
1159 3455 1213 3519 illa
1228 3457 1419 3532 exstitisset,
1440 3455 1524 3517 idem
1539 3460 1590 3517 tu·

258 3549 373 3623 mulus,
397 3549 454 3633 qui
469 3568 585 3632 corpus
603 3549 672 3611 eius
687 3555 888 3622 contexerat,
909 3567 1026 3611 nomen
1041 3549 1136 3612 etiam
1152 3549 1318 3613 obruisset
1353 3548 1459 3626 Quint
1481 3554 1591 3612 noster

258 3643 312 3708 bic
332 3642 484 3726 Magnus,
516 3644 666 3727 quicum
688 3643 801 3706 virtute
822 3639 981 3705 fortunam
1003 3642 1205 3726 adaequavit,
1238 3663 1343 3708 nonne
1365 3642 1626 3728 Theophanemtt

258 3737 501 3822 Mytilenaeum,
523 3738 708 3820 scriptorem
730 3757 835 3800 rerum
857 3754 1004 3810 suarum,
1026 3736 1059 3798 in
1082 3737 1228 3800 contione
1243 3738 1375 3802 militum
1391 3737 1516 3800 civitate
1531 3735 1588 3797 do·

257 3831 364 3906 navit,
388 3839 419 3895 et
440 3831 541 3894 nostri
564 3830 611 3893 illi
633 3830 729 3893 fortes
751 3830 828 3904 viri,
851 3827 907 3892 sed
929 3829 1038 3892 rustici
1057 3849 1094 3893 ac
1116 3829 1248 3905 milites,
1270 3830 1437 3895 dulcedine
1452 3828 1587 3913 pradum

258 3925 377 4008 gloriae
399 3924 567 3997 commoti,
595 3925 687 4006 quasi
709 3923 879 4006 participes
902 3924 1043 3987 eiusdem
1066 3924 1186 3998 laudis,
1216 3943 1330 4007 magno
1351 3924 1430 3987 illud
1452 3922 1588 3986 clamore

208 4007 241 4092 Γ
258 4018 535 4102 approbaverunt?
568 4012 620 4079 25.
643 4017 770 4100 ltaque,
792 4015 904 4091 credo,
925 4018 952 4079 si
967 4018 1046 4081 civis
1062 4019 1223 4080 Romanus
1237 4017 1370 4082 Archias
1385 4017 1508 4100 legibus
1524 4034 1588 4079 non
1645 4012 1677 4094 7

259 4120 359 4186 esset,
382 4117 417 4174 ut
438 4111 478 4174 ab
500 4110 609 4194 alique
632 4111 822 4194 imperatore
846 4108 973 4174 civitate
995 4110 1182 4186 donaretur,
1207 4109 1358 4196 perlicere
1379 4130 1445 4174 non
1467 4109 1625 4194 potuitlto

260 4205 362 4280 Sulla,
385 4225 456 4268 cum
478 4203 635 4288 Hispanos
659 4212 690 4267 et
711 4204 818 4267 Gallos
841 4203 990 4280 donaret,
1013 4203 1124 4279 eredo,
1146 4205 1231 4268 buue
1252 4212 1409 4289 petentem
1424 4204 1587 4290 repudias-

249 4299 325 4370 ,setl
354 4318 450 4382 quem
480 4316 540 4360 uos
568 4297 602 4359 in
629 4297 779 4361 contione
808 4297 962 4371 vidimus,
995 4319 1067 4361 cum
1090 4299 1120 4361 ei
1145 4300 1285 4364 libellum
1307 4299 1407 4363 malus
1429 4305 1524 4382 poiita
1547 4300 1586 4362 de

256 4392 377 4478 populo
393 4392 596 4467 subiecisset,
619 4393 706 4477 quod
722 4393 913 4476 epigramm
928 4393 962 4455 iu
976 4412 1048 4456 eum
1062 4393 1190 4458 fecisset
1207 4401 1329 4459 tantum
1344 4392 1440 4458 modo
1455 4393 1590 4477 alteruis

325 4717 348 4767 l.
367 4729 432 4778 quoe
449 4716 498 4767 Gli
515 4716 552 4780 (in
570 4717 591 4766 G
607 4729 742 4781 superscr.
757 4714 813 4766 «vel
831 4715 930 4779 culed:
950 4727 997 4779 que
1014 4717 1047 4774 P;
1066 4714 1127 4777 quio
1137 4715 1173 4773 A;
1192 4726 1271 4776 quare
1288 4725 1349 4764 cum
1367 4713 1411 4765 ed.
1428 4712 1519 4765 Aldina
1537 4714 1586 4766 LO
1683 4697 1693 4713 ’

259 4819 284 4828 -
304 4795 411 4857 legem
426 4791 530 4857 (iopen')
546 4794 567 4841 G
586 4819 613 4828 -
632 4792 770 4855 efferuntur
786 4791 930 4854 Madvigius
945 4793 973 4841 et
990 4789 1142 4841 Wunderus
1162 4789 1236 4851 (Mus.
1256 4788 1583 4854 aneu.111,ep.275.):

257 4869 318 4920 boec
331 4869 449 4934 44444444
465 4869 506 4930 (er
518 4868 665 4931 antiquiore
677 4869 807 4932 scriptura
819 4866 970 4930 ecferuntur)
983 4865 1120 4916 GEALO
1133 4890 1160 4899 -
1179 4863 1211 4913 44
1222 4863 1291 4913 bisti
1305 4889 1332 4900 —
1350 4863 1375 4914 4,
1387 4865 1542 4928 4444444444
1556 4892 1582 4902 -

257 4944 282 4997 l.
301 4958 315 4996 4
329 4955 465 4994 memore.
483 4943 514 4992 At
529 4943 561 4992 tir
577 4942 674 4994 Honor.
687 4940 853 4993 Fascitellus:
871 4945 895 4990 et
904 4941 1067 4990 mammetis
1078 4942 1171 4999 GEA3
1190 4952 1204 4989 4
1214 4939 1377 4990 marmoratis
1391 4941 1419 4991 P.
1438 4942 1488 4991 l’ro
1499 4954 1513 4992 4
1524 4954 1586 4991 cnm

255 5018 357 5071 Klotzio
373 5018 468 5083 scripsi
484 5031 517 5068 ee
533 5016 591 5068 coll.
606 5016 734 5068 Wesenh.
752 5016 786 5067 ad
803 5029 841 5065 or.
856 5028 882 5079 p.
895 5016 980 5066 Sestio
997 5029 1024 5079 p.
1037 5015 1078 5066 32.
1097 5016 1139 5077 (44
1154 5027 1296 5065 mamere:
1313 5015 1384 5064 cuius
1395 5016 1586 5067 Mommsenius

257 5096 285 5144 et
296 5091 433 5153 Halmius)
447 5120 474 5129 -
487 5094 539 5155 ipse
550 5093 593 5156 qui
611 5093 732 5142 44444444
743 5093 791 5143 GE
800 5094 831 5142 P:
850 5091 898 5153 ipsi
908 5091 1046 5140 4444444444
1055 5091 1076 5139 A
1085 5104 1091 5150 3
1109 5090 1157 5152 ipsi
1168 5090 1211 5152 qui
1221 5089 1359 5140 4444444444·
1371 5090 1419 5141 LO
1433 5118 1461 5127 -
1480 5090 1504 5140 6.
1516 5089 1589 5141 rebus

258 5180 313 5219 om.
332 5169 352 5217 Ρ
370 5192 397 5202 -
416 5167 441 5218 8.
460 5167 528 5231 Ergo
539 5193 553 5204 -
561 5193 576 5204 -
586 5166 709 5216 bominem
725 5165 807 5216 babet
818 5167 835 5215 S
847 5192 874 5202 -
890 5167 1014 5216 4444444444
1026 5167 1043 5215 S
1055 5167 1082 5215 et
1093 5167 1152 5216 Ant.
1165 5166 1339 5228 Augustinus:
1358 5166 1508 5216 redemtum
1519 5167 1585 5226 GA;

257 5245 347 5294 eudem
360 5243 431 5302 tuE;
449 5243 674 5300 mosomum&
688 5242 867 5291 Rudiumcum
881 5239 1057 5292 edAldinaL
1074 5270 1097 5278 -
1111 5243 1135 5292 a.
1148 5242 1330 5293 4444444444,-
1344 5243 1583 5294 4444444446-

259 5318 299 5371 44.
311 5318 464 5383 4444144446
476 5344 503 5354 -
523 5318 563 5368 le.
576 5317 684 5367 eontinet
699 5316 719 5366 E
739 5343 765 5353 -
785 5329 829 5366 444
845 5317 879 5367 G:
898 5330 949 5367 esse
966 5318 1000 5374 Ε;
1018 5319 1095 5369 4444
1110 5345 1136 5354 -
1156 5318 1197 5369 46.
1216 5332 1264 5382 quse
1281 5316 1359 5368 codd.
1373 5318 1480 5381 Legem.
1499 5330 1545 5369 sex
1560 5321 1587 5369 et

258 5391 414 5444 Lambinus:
434 5404 483 5453 quo
493 5393 575 5443 minue
587 5393 680 5451 GEA;
699 5405 748 5454 quo
759 5392 854 5442 emim
864 5390 1026 5445 Gulielmius.
1042 5420 1068 5429 -
1083 5393 1123 5442 47.
1136 5394 1239 5444 moden
1250 5395 1271 5442 G
1283 5419 1312 5430 -
1326 5392 1367 5444 48.
1385 5398 1438 5443 tren
1448 5393 1486 5442 bis
1496 5395 1545 5444 GA
1557 5419 1584 5429 —

256 5469 299 5520 40.
317 5481 424 5532 mogiane
435 5467 488 5530 (sic)
505 5468 526 5519 E
540 5496 567 5504 -
585 5467 627 5518 44.
640 5468 731 5532 Sipoeo
746 5468 766 5516 L
781 5495 808 5504 -
827 5467 922 5517 achillis
940 5469 977 5518 .l.
991 5468 1144 5518 conulent:
1158 5496 1185 5504 -
1204 5468 1245 5519 43.
1258 5469 1391 5519 inuenerat
1402 5467 1481 5519 GEP
1494 5494 1520 5501 -
1538 5466 1588 5517 uisi

256 5543 317 5594 44444
331 5542 377 5592 illo
386 5542 516 5593 4444444444
532 5542 679 5606 Naugerius
696 5543 721 5592 in
739 5541 782 5593 ed.
799 5543 947 5593 victoriane
957 5557 962 5591 :
980 5543 1029 5592 nisi
1044 5542 1081 5590 itti
1097 5555 1142 5591 ors
1151 5542 1197 5592 ille
1207 5542 1339 5593 midissel
1349 5543 1411 5601 GP;
1429 5542 1478 5591 oiri
1488 5555 1532 5591 urs
1541 5541 1587 5591 itte

256 5616 387 5669 exstitisset
398 5619 431 5675 E;
449 5618 498 5667 nisi
513 5617 551 5667 itti
567 5631 612 5668 ors
628 5619 759 5668 4444444444
769 5620 788 5669 A
798 5633 804 5675 ;
822 5619 870 5667 uisi
887 5619 945 5667 44444
956 5619 1087 5668 minoret
1096 5617 1142 5666 4444
1153 5630 1214 5668 cum
1226 5620 1254 5668 P.
1267 5619 1383 5669 Manutio
1394 5618 1413 5667 1.
1426 5643 1453 5652 -
1467 5615 1508 5667 44.
1522 5617 1587 5678 Ouid

256 5697 340 5742 noster
354 5692 394 5742 bic
409 5693 519 5757 Mopsus
534 5692 616 5743 babet
633 5694 650 5742 S
669 5719 696 5728 -
714 5693 754 5744 45.
773 5693 910 5756 fortunam]
927 5693 993 5756 (orte
1008 5693 1028 5743 E
1047 5719 1073 5727 -
1096 5692 1138 5742 46.
1156 5692 1333 5754 Mytilenaeum
1350 5705 1412 5744 nos:
1435 5692 1586 5742 mitileneus

258 5767 321 5825 GE;
338 5767 488 5818 Mitilenium
504 5770 541 5828 A;
560 5769 737 5830 Mitylenaeum
753 5769 802 5818 lo
821 5794 849 5806 -
868 5769 981 5818 contione
997 5769 1033 5818 G:
1052 5767 1293 5819 eoocioerAbo
1309 5795 1343 5804 -
1358 5768 1399 5819 49.
1414 5765 1588 5830 approbarunt

257 5841 324 5892 4.-
344 5841 385 5892 30.
404 5842 546 5895 44444444)
565 5869 593 5879 -
612 5843 652 5894 34.
672 5844 815 5895 4444444444
832 5842 999 5895 (4444444.-
1017 5841 1059 5892 34.
1076 5841 1255 5893 4444444464
1276 5869 1302 5879 -
1320 5841 1361 5894 33.
1379 5843 1587 5910 4444444444--

256 5915 367 5969 44444444
384 5913 467 5969 babet
482 5919 509 5969 S.
