3800 7350
309 1214 391 1282 laia
737 1219 889 1282 ORATIO
911 1219 1135 1283 PHILIPPICA
1156 1220 1208 1283 lv.

309 1399 393 1454 certe
416 1391 551 1472 ceperit,
573 1396 609 1450 ut
630 1390 802 1451 exercitum
824 1389 974 1452 invictum
998 1410 1039 1451 ex
1059 1392 1196 1472 paternis
1218 1389 1368 1451 militibus
1386 1386 1558 1451 conliserat
1572 1387 1642 1448 An·

309 1485 452 1568 ioniique
473 1484 609 1546 furorem
632 1483 857 1547 crudelissimis
879 1483 1021 1545 consiliis
1043 1484 1205 1546 incitatum
1222 1503 1239 1545 a
1255 1484 1394 1564 pernicie
1417 1485 1461 1546 rei
1486 1482 1641 1566 publicae

308 1586 472 1640 averteret.
515 1579 553 1639 II.
576 1574 606 1640 l.
630 1578 709 1653 Quis
732 1585 780 1640 est
802 1577 885 1639 enim
906 1579 959 1660 qui
984 1577 1044 1639 boc
1060 1596 1123 1639 uon
1139 1577 1310 1659 intelligat,
1334 1577 1392 1638 nisi
1409 1577 1526 1641 Caesar
1542 1594 1641 1638 exer·

308 1673 402 1735 eitum
424 1673 613 1755 paravisset,
635 1693 700 1752 non
722 1673 790 1735 sine
806 1672 901 1734 exitio
924 1679 1033 1734 nostro
1054 1671 1191 1733 futurum
1207 1670 1335 1733 Antonii
1358 1670 1493 1734 reditum
1508 1668 1640 1731 luisse?

283 1766 355 1827 ilia
376 1765 460 1828 enim
483 1786 517 1827 se
539 1766 710 1849 recipiebat
731 1765 845 1829 ardens
867 1766 940 1828 odio
958 1765 1069 1838 vestri,
1092 1774 1241 1828 cruentus
1263 1766 1417 1848 sanguine
1439 1764 1558 1826 civium
1574 1764 1640 1824 Ro·

307 1879 486 1932 manorum,
509 1878 589 1942 quos
612 1860 764 1931 Suessae,
788 1879 866 1942 quos
882 1857 1041 1921 Brundisii
1065 1858 1240 1932 occiderat,
1263 1866 1299 1920 ut
1320 1858 1398 1921 nibil
1420 1859 1482 1920 nisi
1498 1857 1539 1919 de
1562 1875 1641 1938 per·

306 1951 387 2013 niele
409 1952 516 2035 populi
539 1954 673 2015 Romani
695 1954 856 2035 cogitaret.
892 1952 986 2027 Quod
1003 1959 1106 2015 autem
1122 1952 1314 2036 praesidium
1330 1959 1397 2014 erat
1410 1951 1522 2014 salutis
1537 1949 1640 2011 liber·

305 2044 443 2126 latisque
467 2053 604 2120 vestrae,
627 2047 653 2108 si
677 2045 709 2108 C.
727 2046 867 2110 Caesaris
888 2046 1131 2110 fortissimorum
1147 2048 1194 2109 sui
1212 2048 1308 2129 patris
1325 2047 1459 2109 militum
1473 2046 1640 2107 exercitus

306 2156 368 2199 non
391 2136 527 2200 suisset?
560 2140 650 2202 cuius
673 2140 711 2201 de
734 2140 880 2202 laudibus
903 2148 935 2203 et
955 2140 1146 2214 honoribus,
1169 2141 1224 2223 qui
1249 2141 1277 2202 ei
1300 2160 1357 2223 pro
1380 2139 1496 2202 divinis
1519 2145 1553 2201 et
1575 2138 1639 2200 im·

270 2230 489 2294 inmortalibus
511 2233 632 2295 meritis
655 2233 751 2295 divini
775 2234 1031 2316 immortalesque
1054 2232 1223 2306 debentur,
1246 2233 1322 2295 mibi
1339 2240 1465 2296 senalus
1481 2252 1638 2296 assensus

304 2323 401 2404 paulo
429 2333 502 2386 ante
524 2324 662 2388 decrerit
691 2335 725 2388 ut
754 2329 855 2410 primo
886 2346 1016 2410 quoque
1045 2336 1186 2410 tempore
1207 2327 1385 2389 referretur.
1428 2324 1458 2389 5.
1481 2325 1555 2401 Quo
1578 2326 1639 2387 de·

305 2424 391 2479 creto
414 2418 486 2501 quis
508 2439 571 2482 non
600 2419 753 2503 perspicit
780 2420 902 2483 hostem
926 2442 996 2484 esse
1018 2423 1189 2485 Antonium
1213 2422 1406 2485 iudicatum?
1429 2440 1524 2503 quem
1546 2419 1637 2481 enim

306 2532 471 2595 possumus
493 2512 652 2596 appellare
676 2534 765 2587 eum,
787 2523 895 2576 contra
918 2536 1012 2598 quem
1031 2517 1085 2599 qui
1108 2516 1264 2578 exereitus
1283 2516 1418 2588 ducunt,
1441 2514 1479 2576 iis
1502 2521 1636 2577 senatus

305 2606 473 2669 arbitratur
502 2606 678 2689 singulares
706 2608 918 2691 exquirendos
950 2609 1108 2672 bonores?
1142 2608 1249 2685 Quid?
1282 2608 1365 2690 legio
1387 2609 1514 2682 Martia,
1549 2627 1635 2691 quae

268 2699 382 2762 ramibi
411 2700 535 2764 videtur
564 2700 716 2765 dirinitus
737 2702 776 2765 ab
799 2722 836 2764 so
860 2703 918 2764 deo
943 2703 1076 2765 traxisse
1099 2724 1231 2777 nomen,
1264 2724 1282 2765 a
1305 2723 1369 2786 quo
1392 2703 1547 2785 populum
1570 2704 1637 2764 Ro·

305 2814 430 2856 manum
453 2803 635 2878 generatum
657 2795 852 2879 accepimus,
876 2817 939 2858 non
962 2797 1030 2878 ipsa
1052 2797 1117 2858 suis
1133 2796 1267 2859 decretis
1290 2798 1376 2878 prius
1392 2817 1486 2880 quam
1502 2804 1635 2859 senatus

304 2888 426 2951 bostem
448 2890 598 2952 iudicavit
618 2891 818 2953 Antonium?
850 2892 928 2951 Nam
952 2892 979 2951 si
1001 2890 1054 2952 ille
1077 2911 1140 2952 non
1163 2889 1280 2963 bostis,
1301 2890 1374 2962 bos,
1400 2889 1454 2971 qui
1468 2889 1635 2951 consulem

305 2982 517 3065 reliquerunt,
545 2983 653 3046 hostes
683 3004 813 3046 neeesse
845 2993 892 3046 est
914 2983 1099 3046 iudicemus.
1135 2982 1297 3045 Praeclare
1320 2991 1351 3045 et
1370 2983 1458 3057 Ioco,
1482 2982 1635 3058 Quirites,

306 3074 528 3138 reclamatione
550 3084 653 3139 vestra
674 3076 790 3140 iactum
805 3075 1050 3158 pulcherrimum
1066 3076 1254 3139 Martialium
1275 3078 1553 3159 comprobavistis:
1575 3076 1634 3160 qui

268 3189 340 3238 rose
370 3170 409 3232 ad
439 3179 566 3233 senatus
596 3171 829 3244 auctoritatem,
856 3169 893 3233 ad
925 3172 1101 3233 libertatem
1123 3178 1273 3243 vestram,
1302 3171 1340 3232 ad
1365 3172 1542 3234 universam
1565 3192 1634 3233 rem

308 3265 464 3347 publicam
495 3264 713 3338 contulerunt,
743 3264 868 3327 hostem
896 3264 984 3327 illum
1016 3273 1046 3327 et
1071 3264 1225 3325 latronem
1248 3273 1279 3326 et
1301 3263 1488 3345 parricidam
1510 3266 1635 3347 patriae

306 3359 513 3443 reliquerunt.
547 3356 576 3419 6.
595 3360 659 3420 Nec
682 3357 784 3420 solum
808 3358 839 3420 id
862 3358 1002 3421 animose
1025 3366 1056 3421 et
1078 3358 1217 3430 sortiter,
1240 3357 1295 3419 sed
1318 3357 1514 3420 considerate
1536 3359 1634 3421 etiam

307 3453 530 3538 sapienterque
552 3453 703 3516 iecerunt
739 3430 838 3516 Alba⁸e
868 3453 1094 3525 constiterunt,
1122 3452 1155 3512 in
1178 3451 1256 3513 urbe
1279 3461 1471 3534 opportuna,
1500 3452 1635 3527 munita,

306 3546 498 3630 propinqua,
523 3545 765 3609 fortissimorum
781 3548 936 3619 virorum,
960 3543 1214 3608 fidelissimorum
1238 3546 1353 3607 sirium
1376 3545 1634 3628 atquepoptimo·

266 3660 386 3708 aarum.
422 3639 525 3703 Huius
547 3640 675 3703 Martiae
696 3640 831 3722 legionis
853 3639 936 3722 legio
954 3646 1064 3724 quarta
1087 3640 1207 3703 imitata
1222 3638 1368 3702 virtutem
1384 3638 1464 3702 duce
1479 3639 1513 3700 L.
1528 3639 1636 3722 Egna-

306 3733 421 3808 tuleio,
444 3755 539 3819 quem
562 3741 690 3798 senatus
712 3735 824 3797 merito
847 3735 943 3819 paulo
966 3741 1039 3797 ante
1060 3733 1215 3807 laudarit,
1239 3732 1272 3795 C.
1293 3733 1435 3796 Caesaris
1457 3734 1633 3797 exereitum

304 3835 471 3911 persecuta
493 3835 549 3891 est.

390 3922 444 3984 ΙΙΙ.
468 3922 556 3997 Quae
580 3928 760 4007 exspectas,
791 3927 832 3988 Μ.
847 3923 981 3997 Antoni,
1009 3923 1124 3985 iudicia
1153 3922 1313 4004 graviora?
1342 3922 1456 3985 Caesar
1476 3920 1576 3983 fertur
1599 3921 1633 3981 in

306 4017 446 4093 caelum,
475 4017 529 4101 qui
553 4027 659 4080 contra
682 4025 712 4080 te
736 4020 909 4081 exercitum
933 4017 1135 4100 comparavit.
1172 4018 1353 4079 Laudautur
1375 4015 1634 4099 exquisitissimis

268 4132 296 4177 ao
307 4111 408 4174 verbis
438 4113 596 4196 legiones,
626 4132 709 4197 quae
738 4120 768 4175 te
797 4112 1011 4195 reliquerunt,
1043 4132 1124 4194 quae
1146 4131 1164 4172 a
1187 4121 1217 4172 te
1239 4112 1407 4174 arcessitae
1430 4116 1518 4183 sunt,
1549 4129 1634 4191 quae

307 4212 428 4280 essent,
451 4204 477 4268 si
502 4211 532 4268 te
555 4206 717 4270 consulem
732 4227 826 4291 quarn
848 4206 972 4269 hostem
988 4204 1170 4278 maluisses,
1193 4213 1275 4268 tuae.
1308 4204 1448 4280 Quarum
1470 4204 1634 4285 legionum

370 4487 394 4536 4.
412 4486 486 4536 ceteri
502 4485 594 4547 reperit
605 4484 627 4533 V
640 4511 667 4520 -
683 4483 798 4545 paternis
807 4482 844 4531 V:
864 4483 1006 4544 hispanisl)
1022 4509 1047 4519 -
1067 4484 1212 4532 conduceret
1223 4483 1244 4532 D
1259 4506 1286 4517 —
1306 4483 1440 4543 octonique
1453 4481 1475 4527 V
1489 4509 1515 4517 -
1533 4483 1558 4531 4.
1571 4495 1634 4530 coo-

304 4563 435 4611 siliisom.
455 4562 521 4609 V-
547 4559 570 4608 3.
589 4559 718 4621 intellapot
735 4558 756 4605 V
776 4584 802 4592 -
829 4556 852 4608 i.
871 4558 959 4606 antoni
976 4557 997 4604 V
1016 4583 1042 4591 -
1062 4560 1086 4607 5.
1105 4559 1146 4606 odi
1163 4560 1218 4606 t'-
1244 4559 1414 4606 aomanorum
1430 4557 1467 4604 V:
1487 4569 1540 4605 om.
1561 4558 1581 4605 b
1602 4582 1630 4590 -

305 4637 329 4685 6.
347 4641 441 4685 suessos
457 4637 492 4693 V;
511 4647 590 4684 siesse
606 4646 660 4695 ag;
679 4631 803 4687 socsecb:
822 4631 896 4693 fabre
913 4635 923 4680 t
941 4660 968 4668 -
988 4632 1099 4681 brundisi
1116 4633 1197 4695 abg:
1219 4631 1345 4681 bmndbio
1357 4634 1378 4679 V
1391 4658 1418 4667 -
1438 4632 1461 4679 7.
1478 4631 1564 4692 populi
1582 4633 1633 4679 llo-

303 4712 420 4762 nrooiV:
438 4713 476 4760 rei
490 4724 515 4771 p.
530 4710 610 4759 D0-
627 4707 853 4770 praeserere:
872 4712 927 4756 orat
941 4720 1025 4768 praes.
1038 4707 1143 4770 bgt-
1158 4707 1181 4756 8.
1196 4708 1222 4757 C.
1235 4721 1289 4758 om.
1303 4709 1343 4756 Vt
1358 4734 1384 4742 -
1403 4707 1443 4755 sui
1459 4706 1523 4754 Vb:
1542 4707 1631 4766 suique

305 4803 318 4835 a
330 4801 345 4849 g
355 4790 381 4844 t;
399 4787 437 4834 sai
449 4783 592 4834 delendum
604 4784 706 4833 censuit
717 4782 826 4840 Lamb.;
845 4783 903 4832 sic.
917 4782 1020 4840 Caesar,
1037 4782 1058 4829 si
1074 4782 1133 4842 [orl.
1148 4784 1200 4830 cet.
1214 4783 1282 4831 conl.
1297 4783 1420 4832 Fuimus.
1441 4779 1521 4830 «Male
1540 4779 1634 4829 babuit

305 4862 425 4911 librarios
443 4858 539 4924 duplex
557 4857 598 4910 ille
611 4859 750 4923 genitivus.
769 4859 827 4908 Est:
846 4859 868 4907 sl
881 4860 909 4908 C.
924 4858 1045 4907 Caesaris
1065 4857 1205 4912 exercitus,
1224 4860 1349 4906 constans
1360 4869 1391 4905 ex
1410 4854 1506 4905 lortiss.
1525 4855 1566 4904 sui
1584 4868 1632 4917 pa-

305 4939 349 4987 tris
362 4935 496 4995 militibus,
509 4948 560 4984 non
572 4933 605 4983 l.»
624 4933 724 4983 Onrssr.
744 4933 782 4983 CI.
796 4933 918 4995 Madvigii
933 4933 1030 4996 Opusc.
1044 4933 1074 4991 ll,
1089 4945 1114 4995 p.
1130 4931 1163 4981 48
1175 4934 1228 4980 004.
1242 4932 1304 4980 4.-
1324 4932 1347 4980 9.
1361 4931 1421 4980 inm.
1436 4930 1514 4978 Vt—
1530 4929 1569 4978 40.
1583 4931 1633 4977 ad-

302 5011 479 5060 sensitiva·
495 5010 534 5059 44.
545 5009 654 5071 somnos
670 5006 727 5057 b-
747 5009 787 5059 44.
806 5009 906 5069 respicit
923 5006 944 5055 V
957 5020 983 5042 ’-
1002 5008 1093 5056 bostem
1109 5019 1159 5056 essa
1169 5006 1226 5055 Ant.
1241 5007 1311 5055 mei:
1328 5007 1384 5055 Ant.
1398 5006 1490 5053 bostem
1506 5004 1587 5053 osseo
1603 5031 1629 5038 -

302 5088 441 5137 iudicatam
457 5097 510 5133 om.
523 5085 558 5132 al
571 5108 598 5119 -
618 5083 658 5133 43.
674 5084 814 5145 possimus
829 5083 957 5145 appellare
974 5082 1011 5136 V:
1030 5096 1090 5144 opp.
1106 5093 1236 5142 possumis:
1257 5080 1309 5129 bo
1328 5105 1356 5116 -
1377 5080 1420 5140 qui
1437 5091 1490 5128 om.
1510 5078 1527 5126 b
1548 5104 1573 5115 -
1594 5078 1633 5126 bis

303 5175 343 5224 ag
358 5187 384 5197 -
399 5159 440 5210 44.
452 5159 505 5222 lopo
517 5157 552 5216 V:
569 5158 644 5207 404044
660 5158 724 5222 iaqio
741 5160 752 5208 t
765 5185 791 5195 -
811 5160 850 5208 ⁴5.
864 5157 1013 5208 tracirsetV
1028 5183 1054 5191 -
1070 5155 1157 5217 populi
1173 5155 1274 5203 ronroni
1290 5154 1353 5202 V-
1374 5155 1413 5204 46.
1431 5167 1482 5202 noo
1493 5154 1528 5200 V:
1547 5166 1630 5203 nonne

304 5238 325 5286 D
340 5261 366 5272 -
386 5236 442 5298 ipso
456 5235 496 5283 air
512 5232 534 5280 V
552 5257 578 5267 -
598 5232 639 5281 44.
658 5231 679 5281 ri
695 5232 736 5281 ille
753 5232 788 5281 V:
806 5233 847 5282 ills
863 5232 884 5280 si
900 5233 921 5282 D
941 5256 968 5266 -
987 5230 1030 5279 bor
1047 5244 1101 5281 om.
1114 5231 1151 5290 D:
1169 5242 1210 5279 eos
1226 5230 1294 5279 coni.
1313 5229 1439 5287 Schuetz:
1458 5230 1485 5277 at
1501 5229 1545 5277 bor
1560 5226 1631 5277 bene

303 5326 332 5361 se
351 5310 440 5370 habet,
459 5321 521 5359 cum
537 5320 684 5372 pronomen
701 5307 742 5356 itte
756 5321 788 5356 ex
799 5307 914 5357 adverso
933 5306 1048 5369 posttum
1059 5305 1100 5354 sit.
1114 5330 1142 5340 -
1160 5305 1258 5354 consata
1274 5305 1336 5352 V·
1356 5305 1395 5354 48.
1408 5305 1482 5354 bostis
1499 5303 1537 5354 ab
1550 5328 1578 5338 -
1597 5308 1632 5352 erl

303 5386 454 5448 quidiscmus
470 5384 490 5432 V
504 5411 531 5420 -
547 5383 684 5445 praeclaro
700 5395 717 5444 g
736 5409 763 5419 -
781 5383 834 5431 loco
850 5383 887 5429 V:
907 5381 986 5430 maore
1002 5378 1077 5436 abl:
1095 5380 1220 5429 loculento
1236 5393 1293 5442 g-
1313 5379 1420 5439 (liariter
1436 5381 1474 5428 V:
1493 5393 1547 5429 om.
1566 5380 1628 5429 D-

305 5460 344 5508 tn.
362 5457 558 5519 conprobonislir
574 5457 664 5519 ng:
682 5457 861 5518 comprobasti:
876 5458 940 5506 alo
954 5483 980 5494 -
1000 5457 1041 5506 44.
1059 5457 1229 5506 considerem:
1245 5458 1256 5504 4
1273 5481 1297 5492 -
1318 5456 1359 5505 43.
1377 5455 1550 5516 rspioterquoe
1566 5452 1587 5500 V
1602 5477 1629 5486 -

304 5533 461 5594 oporteant)
476 5558 502 5566 -
521 5532 561 5582 44,
578 5533 777 5594 murinorum
788 5543 841 5580 om.
855 5532 894 5591 V¹,
914 5544 950 5581 m.
961 5532 976 5580 4
988 5531 1014 5580 40
1026 5544 1109 5595 marg.
1124 5528 1205 5580 habet
1219 5545 1225 5588 ;
1243 5529 1302 5579 tort.
1315 5529 1507 5590 fortasimorum
1517 5529 1632 5576 oisonem

304 5610 443 5670 ciuiumque
459 5608 623 5668 optimorum,
646 5619 708 5656 cum
726 5606 783 5656 lieri
799 5608 884 5670 possit
900 5609 930 5657 ut
945 5605 1020 5657 locus
1037 5619 1070 5655 ex
1087 5619 1125 5655 or.
1146 5607 1193 5665 lli,
1212 5605 1227 5668 S
1244 5605 1260 5652 6
1254 5603 1319 5681 -404,
1338 5605 1418 5653 etiam
1436 5605 1481 5664 lli,
1500 5603 1515 5666 5
1532 5602 1571 5662 39)
1589 5602 1632 5648 in-

305 5691 449 5757 terpolalus
465 5693 507 5741 sit.
527 5716 554 5726 -
573 5691 613 5741 444.
631 5691 741 5740 Martios
757 5695 911 5753 suspectum
930 5693 987 5740 erat
1003 5691 1126 5740 Manutio.
1142 5716 1168 5724 -
1188 5689 1234 5752 leq.
1248 5690 1302 5737 llll.
1321 5688 1383 5734 V·
1402 5688 1519 5736 calaum
1535 5687 1553 5735 b
1570 5689 1632 5751 post

305 5769 369 5830 la'qn.
388 5767 477 5816 habet.
499 5792 525 5800 —
550 5766 697 5830 lcpnoiutrio
714 5766 748 5824 V;
772 5765 910 5828 epnatutrio
928 5767 990 5828 (om.
1009 5765 1048 5826 4.)
1065 5763 1097 5823 b;
1122 5766 1222 5827 opsono
1238 5766 1298 5825 agi
1316 5787 1343 5799 ·-
1365 5763 1407 5811 44.
1424 5767 1555 5824 prosecuta
1574 5764 1581 5810 i
1600 5787 1628 5799 -

306 5843 347 5891 ao.
365 5843 497 5892 arcessitos
514 5841 576 5891 Vb:
603 5843 738 5891 accersitos
754 5845 829 5904 agt;
856 5841 952 5891 accitam
968 5839 1052 5892 Colot.
1073 5866 1100 5877 -
1119 5852 1186 5901 quoa
1200 5844 1259 5890 tuos
1275 5841 1351 5888 moal
1367 5850 1384 5900 g
1402 5862 1429 5873 —
1449 5836 1489 5886 34.
1507 5836 1592 5886 consid
1610 5838 1630 5886 V

309 5942 336 5951 -
354 5916 470 5968 cesluim
486 5917 556 5969 ricae
572 5917 607 5980 V:
627 5921 685 5966 taos
700 5928 753 5965 om.
772 5928 797 5978 g.
