3800 7350
300 1223 384 1304 ests
726 1234 880 1301 onemo
901 1225 1201 1301 ruuurrcrvt

300 1415 430 1495 potero,
452 1407 559 1474 labore
582 1405 653 1490 ptus
675 1424 777 1490 paene
800 1424 896 1490 quem
917 1412 1030 1491 potero
1052 1403 1217 1467 excubabo
1235 1399 1438 1487 vigilaboque
1452 1421 1512 1488 pro
1528 1400 1633 1465 vobis.

299 1502 426 1568 Etenim
450 1501 522 1585 quis
545 1506 594 1564 est
614 1500 707 1575 ciris,
729 1498 915 1583 praesertim
936 1497 999 1561 hoc
1021 1497 1137 1581 gradu,
1160 1515 1225 1580 quo
1247 1517 1298 1560 mo
1313 1516 1371 1560 voe
1386 1516 1456 1562 esse
1471 1494 1634 1570 voluistis,

300 1599 365 1661 tam
386 1594 501 1659 oblitus
521 1592 668 1657 beneficii
690 1592 804 1668 vestri,
832 1600 897 1657 tem
917 1593 1084 1656 immemor
1105 1592 1243 1674 patriae,
1265 1597 1330 1654 tem
1352 1590 1504 1654 inimicus
1528 1588 1636 1673 digni·

300 1689 373 1754 tetis
395 1708 485 1764 suec,
508 1703 604 1773 quem
624 1706 691 1751 uon
713 1687 847 1761 excitet,
877 1707 942 1749 non
964 1686 1138 1749 inflammet
1158 1689 1264 1749 tantm
1286 1691 1392 1749 vester
1411 1684 1473 1748 iste
1495 1701 1636 1749 consen·

278 1783 377 1846 censi
405 1770 520 1845 Multus
542 1797 738 1865 magnosque
758 1780 855 1844 hebui
878 1779 991 1844 consul
1013 1778 1192 1855 contiones,
1214 1778 1321 1843 multis
1342 1777 1489 1843 intertui:
1511 1776 1637 1843 nullam

300 1887 449 1958 umquem
471 1874 538 1940 vici
561 1879 699 1952 tnnnm,
728 1879 846 1959 quentc
866 1893 953 1937 nuno
974 1879 1113 1937 uestrum
1137 1877 1195 1936 eet.
1238 1872 1341 1937 Unum
1363 1872 1488 1937 sentitis
1510 1889 1637 1946 omnes,

298 1977 397 2032 unum
426 1966 573 2044 studetis,
602 1968 644 2032 Μ.
665 1967 798 2033 Antonii
826 1976 957 2033 moetus
978 1975 1120 2031 avertere
1143 1985 1163 2030 e
1183 1986 1218 2030 re
1239 1965 1386 2050 publice,
1413 1964 1557 2030 furorem
1578 1983 1638 2028 ex·

299 2061 479 2144 stinguere,
501 2063 681 2146 opprimere
702 2062 878 2126 audacium.
910 2063 998 2126 Idem
1013 2061 1125 2125 uolunt
1146 2079 1257 2124 omnes
1278 2060 1426 2135 ordines,
1448 2059 1565 2124 eodem
1585 2057 1638 2121 in·

301 2151 454 2221 cumbunt
481 2155 671 2240 municipia,
698 2155 859 2231 coloniae,
886 2165 998 2220 cuncte
1031 2154 1129 2218 ltalia.
1166 2155 1277 2239 Itaque
1304 2160 1448 2219 senatum
1469 2154 1554 2216 bene
1575 2170 1637 2216 sus

264 2265 292 2314 so
301 2255 414 2333 sponte
442 2246 566 2314 firmum
594 2247 764 2314 firmiorem
793 2257 898 2313 vestre
926 2250 1114 2314 auctoritate
1135 2248 1265 2314 fecistis.
1309 2244 1359 2311 te.
1380 2249 1476 2311 Venit
1496 2252 1637 2330 tempus,

302 2341 457 2417 Quirites,
480 2342 581 2407 serius
603 2343 749 2419 omuino,
772 2364 866 2427 quam
890 2343 1021 2426 dignum
1042 2343 1161 2427 populo
1182 2346 1323 2407 Romano
1345 2341 1424 2419 fuit,
1446 2340 1502 2407 sed
1526 2349 1637 2404 temen

299 2434 346 2499 ite
366 2442 542 2511 maturum,
563 2443 600 2501 ut
620 2433 740 2501 differri
762 2436 825 2501 iem
846 2438 926 2501 horn
947 2457 1012 2499 non
1034 2437 1143 2521 possit
1181 2437 1255 2500 Fuit
1274 2436 1389 2520 aliquis
1411 2434 1516 2501 sutelis
1531 2455 1637 2510 meus,

300 2532 337 2591 nt
357 2528 403 2592 itu
423 2527 543 2605 dicem,
566 2549 660 2613 quem
683 2530 826 2607 tulimus,
850 2550 980 2615 quoquo
1003 2530 1098 2594 modo
1123 2528 1273 2593 terendus
1294 2530 1374 2593 fuit:
1404 2529 1538 2592 nuncsi
1561 2528 1637 2613 quis

302 2622 375 2697 erit,
398 2623 459 2687 erit
479 2621 686 2687 voluntarius.
722 2624 878 2709 Populum
899 2625 1076 2687 Romanum
1099 2624 1219 2687 servire
1240 2623 1288 2688 ies
1310 2643 1376 2687 uon
1398 2632 1460 2687 est:
1483 2639 1580 2706 quem
1604 2620 1639 2684 di

265 2715 493 2781 seimmortclss
515 2716 661 2782 omnibus
683 2719 829 2801 gentibus
850 2717 1006 2802 imperare
1027 2717 1205 2782 voluerunt
1249 2711 1312 2782 Ites
1333 2718 1367 2781 in
1389 2724 1567 2782 extremum
1589 2721 1641 2779 eet

301 2806 437 2872 adducto
458 2807 646 2873 discrimen:
669 2811 708 2874 de
730 2811 876 2876 libertate
898 2811 1088 2875 decernitur.
1124 2814 1187 2876 Aut
1207 2811 1342 2876 vincetis
1363 2816 1503 2896 oportet,
1527 2809 1641 2885 Qniri-

302 2901 364 2976 ter,
393 2900 479 2986 quod
508 2902 652 2987 proiecto
682 2911 714 2968 et
741 2906 858 2990 pietate
887 2911 993 2969 vestre
1022 2911 1054 2969 et
1082 2913 1169 2969 tenta
1190 2905 1362 2970 concordis
1383 2902 1641 2988 consequemini,

302 3002 356 3058 aut
383 2995 510 3078 quidvis
537 2996 643 3081 potius
672 3016 766 3082 quem
788 2998 941 3063 serviatis.
987 2998 1077 3062 Aliae
1099 2999 1244 3063 ustiones
1266 2999 1447 3065 servitutem
1469 2995 1536 3080 pati
1558 3013 1640 3080 pos·

302 3095 390 3165 sunt,
412 3088 522 3175 populi
543 3091 676 3156 Romani
697 3100 748 3158 est
766 3094 897 3178 propris
917 3093 1056 3157 libertas.

367 3394 393 3445 t.
408 3393 509 3457 persev
527 3420 553 3431 -
575 3407 624 3459 pro
645 3395 715 3447 ecoe
730 3390 762 3446 V¹
781 3422 808 3432 -
833 3396 857 3447 6.
875 3397 1005 3459 mosen]
1030 3396 1074 3447 hio
1096 3409 1189 3448 rursus
1212 3397 1363 3461 pergenti)
1384 3425 1409 3436 -
1427 3398 1481 3450 utet
1496 3395 1580 3450 tmesi
1596 3399 1639 3459 νς

302 3467 716 3536 Μαυι-ἰυωιωιμ-
744 3472 1243 3523 t.mererueetoetv—ooeososi:
1268 3472 1641 3534 eoeotorv;eoeoteee1)0

305 3560 333 3584 -‘·
351 3546 575 3611 mtepemmet.
592 3573 626 3585 -
643 3546 668 3597 9.
686 3546 744 3598 bene
760 3550 863 3598 emat
882 3573 907 3585 -
929 3549 969 3599 to.
987 3552 1074 3597 meo
1089 3548 1306 3612 cuotflnutorem
1322 3552 1373 3599 t-
1392 3550 1433 3598 tt.
1452 3550 1524 3611 oue.
1543 3550 1639 3600 om.D

305 3648 334 3690 7-
352 3622 500 3689 dipsmre
512 3634 540 3686 p.
557 3622 643 3686 peccet
658 3626 742 3673 tomes
758 3624 780 3672 D
798 3647 825 3658 -
846 3622 885 3672 ⁴2.
903 3622 994 3672 horem
1012 3624 1095 3673 Oxou.
1113 3636 1139 3686 v,
1159 3625 1189 3673 ut
1205 3624 1274 3673 coni.
1293 3623 1428 3674 Graevius.
1443 3650 1470 3660 -
1490 3623 1532 3674 43.
1549 3624 1639 3687 quan]

302 3694 651 3761 §.u-ecpepuoro.
672 3699 798 3750 Muretus.
818 3724 845 3734 -
871 3698 1031 3762 pcomv-
1053 3698 1132 3748 etv:
1157 3699 1277 3749 dito-
1302 3698 1543 3764 tepentibueom.
1562 3699 1586 3750 D
1606 3723 1637 3735 -

303 3772 344 3824 tt.
362 3766 472 3824 assuete
487 3773 548 3825 rttsc.
566 3776 629 3825 estt
646 3799 672 3810 -
697 3773 737 3824 tt.
754 3773 904 3838 protectore
921 3785 974 3825 om.
994 3774 1005 3822 t
1024 3797 1051 3808 -
1074 3773 1255 3836 commences
1275 3774 1332 3823 ui:
1358 3772 1547 3836 eoeseqocmtet
1562 3773 1588 3823 V
1606 3799 1636 3809 -

304 3862 494 3963 Ιὶμὲϋν
512 3893 540 3905 -
564 3868 605 3921 tt.
622 3881 648 3922 er
665 3866 710 3930 νίς
727 3880 768 3920 res
783 3871 818 3920 est
835 3867 857 3919 D
877 3892 906 3906 -
930 3867 967 3918 tt.
986 3865 1068 3918 turm.
1087 3865 1221 3920 Crcsrours
1237 3865 1419 3919 rmumrrcme
1434 3846 1490 3919 iri.
1509 3879 1535 3918 rr
1557 3879 1637 3918 ειη.

303 3962 362 4012 riser
377 3961 434 4014 sn.
453 3973 497 4013 ru.
514 3961 547 4010 V.
