3800 7350
299 1138 384 1206 titt
643 1141 686 1202 ΙΝ
709 1137 742 1203 G.
765 1137 992 1202 SALUSTIUM
1012 1134 1275 1201 DECLAMATIO

300 1330 419 1375 nocens
442 1329 531 1383 esse,
554 1307 610 1371 sed
631 1307 752 1390 iudices
773 1308 933 1392 peierasse
953 1307 1217 1370 existimarentur.
1253 1299 1304 1366 lb.
1319 1302 1460 1367 Primum
1477 1300 1654 1364 honorem

302 1408 336 1470 in
352 1410 523 1488 quaestura
536 1400 669 1483 adeptus
684 1408 809 1465 secutus
826 1410 874 1465 est
886 1401 972 1464 hunc
986 1400 1093 1464 locum
1108 1407 1140 1464 et
1152 1400 1238 1463 hune
1254 1398 1396 1463 ordinem
1413 1397 1654 1480 †despectns,

304 1501 393 1564 cuius
415 1497 520 1561 aditus
542 1496 602 1559 sibi
626 1516 768 1579 quoque,
792 1497 1008 1559 sordidissimo
1022 1494 1160 1570 homini,
1181 1493 1345 1579 patuisset.
1381 1493 1498 1576 ltaque
1523 1490 1653 1553 timens

303 1614 344 1657 ne
371 1593 510 1655 facinora
536 1592 604 1654 eius
633 1590 711 1653 clam
740 1610 797 1654 vos
828 1595 949 1665 essent,
982 1608 1052 1652 cum
1085 1588 1231 1651 omnibus
1260 1586 1410 1650 matribus
1438 1582 1652 1648 familiarum

283 1685 416 1751 avesuis
438 1684 608 1768 opprobrio
630 1691 728 1759 esset,
751 1683 914 1748 confessus
938 1691 987 1747 est
1001 1682 1090 1745 vobis
1106 1681 1307 1746 audientibus
1322 1679 1515 1743 adulterium
1531 1695 1651 1760 neque

305 1779 430 1842 erubuit
451 1798 507 1841 ora
527 1785 639 1841 vestra.
682 1778 734 1840 Vl.
757 1778 883 1841 Vixeris
905 1777 1053 1850 utlibet,
1081 1776 1214 1850 Salusti,
1243 1774 1345 1857 egeris
1368 1793 1450 1858 quae
1475 1770 1648 1837 volueris:

305 1873 381 1938 satis
404 1872 446 1934 sit
466 1892 565 1934 unum
587 1879 618 1934 te
639 1879 765 1934 tuorum
788 1870 942 1933 scelerum
965 1890 1035 1933 esse
1051 1871 1231 1944 conscium;
1254 1869 1320 1931 noli
1335 1869 1429 1932 nobis
1444 1868 1646 1952 languorem

305 1975 338 2030 et
365 1984 510 2049 soporem
538 1966 669 2028 nimium
700 1964 900 2048 exprobrare.
944 1965 1059 2027 Sumus
1088 1963 1255 2045 diligentes
1284 1963 1317 2026 in
1338 1962 1457 2025 tuenda
1479 1959 1645 2045 pudicitia

304 2080 440 2122 uxorum
462 2064 654 2133 nostrarum,
677 2058 732 2119 sed
756 2057 800 2120 ita
822 2058 996 2141 experrecti
1017 2078 1082 2120 non
1104 2078 1230 2132 sumus,
1252 2063 1287 2118 ut
1307 2075 1326 2118 a
1347 2063 1378 2119 te
1397 2074 1511 2119 cavere
1534 2054 1645 2138 possi-

268 2164 394 2217 tomus:
426 2151 558 2216 audacia
585 2160 638 2215 tua
660 2151 758 2215 vineit
786 2150 890 2214 studia
919 2158 1037 2214 nostra.
1081 2146 1131 2212 ld.
1147 2149 1279 2232 Ecquod
1301 2147 1386 2212 hunc
1407 2169 1542 2213 movere
1564 2168 1645 2232 pos·

306 2250 362 2324 sit,
384 2256 490 2332 patres
520 2245 706 2327 conscripti,
736 2244 853 2308 laetum
879 2244 990 2308 auditu
1012 2252 1123 2328 turpe,
1154 2263 1250 2328 quem
1272 2264 1336 2306 non
1357 2244 1506 2328 puduerit
1528 2242 1642 2326 palam

305 2342 396 2406 vobis
425 2339 625 2404 audientibus
654 2337 841 2401 adulterium
871 2334 1038 2401 confiteri?
1077 2337 1170 2413 Quod
1202 2338 1229 2400 si
1251 2338 1309 2401 tibi
1330 2358 1387 2420 per
1407 2360 1458 2402 me
1480 2335 1567 2400 nibil
1589 2357 1642 2400 re-

305 2434 465 2519 spondere
496 2433 684 2506 voluissem,
712 2429 768 2494 sed
791 2430 869 2494 illud
892 2432 1072 2495 censorium
1095 2431 1258 2515 eloquium
1279 2430 1373 2514 Appii
1396 2430 1520 2495 Claudii
1544 2437 1579 2494 et
1601 2431 1640 2492 L.

305 2530 445 2604 Pisonis,
476 2526 748 2609 integerrimorum
781 2525 939 2599 virorum,
970 2546 1034 2609 quo
1064 2546 1141 2589 usus
1171 2532 1219 2588 est
1245 2526 1381 2608 quisque
1411 2544 1542 2601 eorum,
1577 2543 1640 2608 pro

268 2627 296 2673 ⁴5
305 2623 375 2706 lege
397 2621 502 2704 palam
523 2620 678 2683 universis
699 2617 881 2692 recitarem,
903 2639 1011 2682 nonne
1033 2618 1089 2683 tibi
1105 2619 1230 2683 viderer
1252 2626 1395 2683 aeternas
1417 2620 1547 2685 inurere
1570 2639 1641 2682 ma-

305 2716 410 2789 culas,
433 2735 512 2799 quas
534 2713 657 2797 reliqua
678 2712 742 2775 vita
764 2719 818 2774 tua
841 2712 947 2775 eluere
971 2733 1033 2776 non
1056 2716 1186 2795 posset?
1216 2714 1326 2796 Neque
1348 2714 1534 2795 pastillum
1555 2713 1641 2776 dile·

305 2819 388 2874 ctum
411 2815 540 2871 senatus
562 2807 696 2870 vidimus
719 2814 767 2869 te:
790 2807 851 2869 nisi
873 2805 955 2869 forte
978 2807 1010 2869 in
1027 2827 1065 2870 ea
1080 2815 1110 2869 te
1126 2814 1229 2871 castra
1244 2806 1425 2881 coniecisti,
1447 2830 1512 2892 quo
1529 2808 1639 2871 omnis

305 2904 430 2967 sentina
451 2902 498 2964 rei
520 2900 667 2983 publicae
691 2895 896 2962 confluxerat.
933 2896 984 2964 t7.
999 2901 1040 2963 At
1060 2901 1144 2964 idem
1168 2901 1341 2974 Salustius,
1363 2901 1419 2985 qui
1441 2901 1475 2964 in
1496 2922 1577 2986 pace
1594 2920 1641 2963 ne

305 3003 433 3060 senator
454 2995 584 3079 quidem
606 3000 779 3067 manserat,
802 3001 1009 3077 posteaquam
1031 3016 1082 3058 res
1105 2995 1231 3078 publiea
1252 2996 1347 3058 armis
1362 3015 1512 3079 oppressa
1532 3003 1582 3060 est
1604 3002 1641 3058 et

267 3109 296 3159 so
305 3090 390 3153 idem
405 3088 428 3169 i
442 3089 593 3161 victores,
616 3087 672 3170 qui
688 3087 813 3150 exsules
829 3086 973 3162 reduxit,
996 3090 1028 3151 in
1051 3097 1194 3153 senatum
1217 3098 1290 3173 post
1305 3097 1505 3175 quaesturam
1521 3097 1572 3154 est
1585 3110 1640 3152 re·

305 3185 434 3247 ductus:
464 3203 558 3265 quem
584 3181 738 3244 honorem
767 3184 810 3244 ita
840 3182 951 3263 gessit,
979 3189 1016 3244 ut
1038 3182 1118 3244 nibil
1140 3184 1173 3246 in
1196 3204 1234 3246 eo
1256 3205 1319 3248 non
1342 3184 1454 3248 venale
1475 3182 1639 3258 babuerit,

305 3277 396 3341 cuius
421 3275 538 3359 aliquis
567 3283 691 3358 emptor
719 3274 825 3338 fuerit.
868 3276 915 3337 lta
942 3277 1020 3358 egit,
1049 3284 1086 3339 ut
1113 3276 1192 3340 nihil
1220 3297 1284 3340 non
1306 3297 1441 3362 aequum
1463 3296 1500 3341 ac
1521 3296 1639 3340 verum

306 3369 449 3445 duxerit,
482 3367 568 3451 quod
598 3368 658 3449 ipsi
687 3368 789 3432 lacere
813 3368 1025 3444 collibuisset,
1056 3389 1163 3453 neque
1185 3369 1279 3434 aliter
1299 3371 1427 3435 vexarit
1447 3390 1484 3434 ac
1505 3370 1637 3444 debuit,

306 3464 334 3528 si
362 3464 435 3547 quis
464 3462 599 3545 praedae
629 3461 700 3524 loeo
730 3461 945 3544 magistratum
974 3462 1158 3545 accepisset.
1207 3459 1258 3525 l8.
1288 3466 1417 3529 Peracta
1447 3464 1637 3549 quaestura,

267 3564 513 3640 seposteaquam
540 3575 654 3638 magna
684 3555 817 3639 pignora
840 3556 886 3619 eis
908 3555 1056 3631 dederat,
1084 3577 1156 3620 cum
1179 3557 1294 3640 quibus
1316 3557 1526 3622 similitudine
1548 3558 1636 3620 vitae

278 3637 283 3652 “
305 3670 340 3714 se
363 3649 585 3723 coniunxerat,
606 3669 688 3713 unus
710 3651 771 3714 iam
793 3670 834 3713 ex
854 3649 911 3714 illo
934 3670 1028 3734 grege
1048 3650 1233 3714 videbatur:
1256 3652 1325 3715 eius
1346 3651 1430 3716 enim
1452 3652 1553 3737 partis
1569 3656 1638 3714 erat

306 3743 479 3817 Salustius,
509 3763 572 3826 quo
601 3749 761 3828 tamquam
786 3745 819 3807 in
846 3765 940 3807 unam
970 3745 1153 3827 voraginem
1182 3753 1291 3809 coetus
1321 3746 1461 3811 omnium
1483 3747 1635 3811 vitiorum

307 3842 494 3900 excesserat.
540 3835 699 3921 Quicquid
727 3839 978 3920 impudicorum,
1008 3838 1162 3914 cilonum,
1190 3840 1433 3922 parricidarum,
1461 3841 1637 3923 sacrilego·

305 3950 392 4004 rum,
415 3929 591 3993 debitorum
614 3929 676 3992 luit
697 3931 729 3993 in
751 3932 847 4005 urbe,
877 3933 1075 4015 municipiis,
1106 3933 1255 4009 coloniis,
1278 3933 1369 4000 ltalia
1389 3941 1472 4010 tota,
1495 3936 1579 3998 sicut
1600 3935 1636 3996 in

268 4023 394 4101 aqiretis
426 4024 631 4086 subsederant
660 4022 797 4088 nominis
827 4026 941 4108 perditi
970 4045 1006 4089 aa
1034 4026 1205 4101 notissimi,
1236 4027 1324 4092 nulla
1354 4030 1387 4091 in
1410 4036 1497 4112 parte
1521 4027 1635 4091 castris

306 4117 372 4201 apti
401 4117 464 4180 nisi
492 4117 622 4182 licentia
649 4119 797 4183 vitiorum
827 4127 859 4182 et
888 4120 1059 4203 cupiditate
1086 4141 1192 4184 rerum
1220 4141 1383 4186 novarum.
1425 4122 1493 4186 Vll.
1516 4116 1568 4183 lt).
1594 4121 1637 4183 at

373 4407 398 4456 l.
416 4411 475 4456 esset
491 4406 510 4456 B
530 4432 560 4472 -y
576 4407 759 4458 aestimarentur
776 4409 796 4457 G
815 4435 841 4445 -
867 4407 892 4459 2.
910 4410 937 4458 in
954 4415 1072 4471 questura
1087 4409 1205 4460 bonorum
1221 4410 1242 4460 G
1261 4437 1288 4445 -
1306 4409 1410 4473 adeptus
1424 4415 1522 4462 semum
1536 4414 1574 4460 est
1589 4410 1636 4474 (est

308 4493 361 4530 om.
380 4482 407 4544 Τ)
425 4483 490 4532 bunc
506 4482 587 4532 lacum
603 4488 626 4533 et
641 4484 705 4533 bunc
722 4484 833 4533 ordinem
849 4485 974 4547 despectus
991 4487 1025 4536 c:
1045 4487 1147 4547 adeptm
1163 4486 1227 4535 lunc
1243 4485 1324 4535 mmm
1340 4491 1363 4536 et
1378 4486 1443 4536 lrmrc
1458 4485 1573 4536 ordinem
1588 4487 1636 4535 de-

306 4557 424 4616 speeeito
444 4582 471 4592 -
490 4555 515 4606 3.
533 4557 604 4606 euim
620 4571 673 4607 om.
692 4560 713 4607 G
732 4586 759 4596 —
778 4570 874 4620 quoque
890 4559 935 4608 sibi
953 4562 1015 4609 G-
1033 4559 1058 4610 l.
1076 4562 1174 4611 ausc:
1192 4574 1240 4610 sua
1256 4561 1276 4612 0
1295 4587 1322 4597 —
1339 4561 1391 4625 uos]
1408 4561 1478 4611 uabn
1494 4563 1557 4611 G-
1574 4574 1636 4610 mo

306 4630 385 4679 tribus
401 4632 434 4679 G:
456 4635 568 4682 matrum
582 4632 690 4682 ATBO
708 4659 736 4668 -
754 4634 778 4682 5.
796 4633 884 4683 uestris
900 4634 993 4683 ATB:
1011 4634 1073 4684 ouis
1089 4636 1184 4686 G0—
1200 4635 1333 4698 opprobrio
1348 4635 1418 4686 nebu
1433 4641 1559 4699 menuctus
1574 4640 1637 4686 earet

307 4707 328 4754 G
342 4733 369 4742 -
388 4706 412 4754 6.
428 4706 492 4757 tabet
507 4710 530 4755 et
544 4705 631 4755 sumu
648 4706 680 4767 B,
699 4706 756 4756 tibet
767 4721 781 4757 a
792 4708 879 4756 salusti
891 4709 912 4757 G
924 4709 950 4743 —'
971 4709 995 4758 7.
1008 4709 1047 4774 sit]
1060 4716 1094 4760 est
1106 4712 1135 4771 G,
1154 4711 1203 4762 sed
1220 4714 1247 4762 in
1264 4713 1383 4776 margine
1401 4713 1451 4763 eim
1460 4739 1493 4750 -
1509 4725 1562 4763 esee
1572 4726 1636 4762 con·

305 4781 383 4828 sciren
395 4781 427 4830 C:
446 4782 570 4831 cometam
581 4782 662 4832 neo
675 4808 703 4818 -
721 4781 780 4847 nali]
792 4783 844 4832 noli
855 4796 904 4833 esse
916 4784 934 4833 Β
948 4811 976 4820 -
995 4784 1141 4848 languorem
1151 4787 1253 4837 nabisl
1269 4814 1296 4822 -
1314 4787 1339 4837 8.
1352 4787 1425 4837 nimis
1436 4789 1457 4838 G
1470 4811 1497 4824 —
1511 4789 1537 4838 9.
1550 4801 1568 4837 a
1577 4801 1634 4838 om.

305 4854 324 4902 B
345 4881 372 4890 -
390 4855 431 4904 to.
448 4855 558 4920 Ecquod]
575 4861 598 4906 et
616 4857 681 4918 quod
698 4857 717 4907 C
736 4884 763 4893 -
782 4858 847 4908 hune
862 4872 961 4909 mouere
974 4861 1052 4922 penu
1064 4875 1093 4923 ρ.
1104 4874 1126 4911 ο.
1145 4862 1172 4912 in
1190 4864 1210 4912 G
1227 4863 1386 4926 transposita
1404 4866 1466 4914 sunt
1483 4865 1545 4928 post
1562 4869 1637 4926 impe

306 4930 453 4991 -possisl'
466 4957 493 4967 —
513 4933 552 4980 tl.
571 4933 661 4982 auditu
677 4932 764 4983 ATB:
783 4947 814 4984 ac
830 4935 970 4994 dictumG3
989 4939 1034 4984 aut
1050 4936 1142 4984 dietum
1155 4936 1175 4986 0
1188 4962 1215 4972 -
1232 4938 1350 4999 puduerit
1366 4938 1459 4988 Ars:
1476 4938 1568 5002 puduit
1583 4938 1635 4988 G0

307 5030 334 5039 -
353 5004 394 5053 tr.
411 5017 458 5066 ρον
472 5019 512 5056 me
527 5008 588 5056 nibil
604 5008 694 5058 Tus:
716 5022 763 5070 pra
780 5023 819 5060 me
834 5011 895 5059 nibil
911 5011 945 5069 Ας
963 5011 1026 5060 nibil
1038 5024 1086 5074 per
1100 5011 1214 5062 me0-
1230 5011 1271 5063 ⁴3.
1290 5012 1414 5075 eloquiam
1431 5014 1467 5065 G:
1486 5013 1597 5076 maium
1614 5012 1635 5061 0

306 5103 334 5114 -
353 5079 407 5140 apii
422 5081 471 5129 ΑΒ
487 5108 510 5118 -
533 5083 572 5131 lb.
590 5083 686 5133 uideret
703 5085 724 5133 G
740 5109 773 5118 -
790 5085 830 5134 to.
844 5086 1023 5147 possetlll'li:
1040 5087 1116 5149 possit
1128 5087 1175 5137 GO
1191 5114 1214 5124 -
1237 5087 1355 5138 deiectmn
1371 5087 1479 5139 troo
1493 5113 1521 5122 -
1541 5087 1581 5136 li.
1594 5098 1636 5137 se-

303 5157 378 5200 natm
394 5154 488 5204 ATB:
508 5162 606 5207 senatus
622 5171 742 5219 umquam
759 5160 809 5208 G0
823 5185 850 5193 -
868 5162 977 5210 uidimus
993 5162 1060 5211 tel:
1079 5166 1101 5210 te
1116 5161 1224 5210 uidimus
1239 5162 1345 5213 TltGO
1359 5188 1387 5200 -
1406 5162 1433 5212 in
1448 5159 1487 5224 ea]
1500 5161 1590 5210 meaa
1605 5186 1633 5197 -

304 5226 344 5276 te.
357 5232 613 5294 connumeraturus
628 5235 774 5298 publicata
788 5234 928 5298 amoma
950 5263 976 5272 -
994 5236 1035 5288 2⁰.
1054 5237 1148 5286 uictore
1164 5236 1184 5285 Τ
1202 5249 1277 5287 erasa
1294 5238 1320 5286 in
1338 5238 1390 5288 fine
1406 5236 1504 5298 littera;
1522 5235 1580 5285 inte
1596 5235 1633 5294 A;

303 5309 430 5356 auctorem
447 5308 466 5356 B
486 5337 510 5345 -
532 5309 652 5361 emisso
672 5335 699 5346 -
719 5312 759 5362 Gt.
777 5316 805 5361 ut
820 5312 882 5361 nibil
897 5313 925 5361 in
940 5324 969 5360 ea
985 5326 1035 5361 non
1050 5312 1135 5361 uenam
1152 5311 1213 5360 ltG:
1231 5316 1260 5360 ut
1275 5326 1325 5361 non
1341 5314 1369 5362 in
1384 5310 1632 5369 malitiaenaiffl

302 5382 331 5426 ut
348 5381 410 5430 nibil
424 5396 475 5433 nan
492 5385 518 5433 ia
534 5399 562 5435 eo
578 5399 629 5435 nan
644 5386 733 5436 uenale
749 5387 769 5435 T
787 5414 814 5424 —
833 5388 874 5437 22.
893 5386 971 5448 aliqui
988 5387 1047 5436 Τ-
1066 5388 1104 5436 ita
1120 5387 1155 5436 C:
1174 5386 1212 5436 ita
1228 5387 1378 5450 igituro-
1397 5387 1438 5438 23.
1454 5399 1533 5448 neque
1549 5384 1636 5435 taliter

302 5452 321 5501 Β
338 5481 370 5491 -
388 5460 491 5509 mavit
508 5459 542 5521 (in
560 5474 644 5524 marg.
664 5460 722 5512 nuel
738 5463 829 5524 uixit»)
845 5465 880 5520 Α;
899 5463 995 5512 uelauit
1011 5463 1045 5522 Τ;
1066 5462 1146 5513 uetuit
1161 5462 1180 5511 B
1200 5487 1226 5497 —
1254 5463 1293 5525 ac]
1311 5475 1387 5525 quam
1404 5464 1474 5511 G-
1490 5461 1531 5513 il.
1549 5460 1635 5524 mael-

300 5529 403 5579 sterium
420 5533 481 5580 G-
500 5533 541 5585 25.
561 5537 629 5586 uitae
644 5539 802 5588 similitudine
818 5540 853 5598 B;
872 5539 1031 5588 similitudine
1046 5538 1097 5588 uite
1112 5551 1155 5587 sue
1172 5539 1191 5587 G
1205 5563 1232 5573 -
1252 5538 1293 5587 26.
1310 5537 1361 5601 ilio]
1378 5537 1479 5587 ίὶὶοηοω
1495 5538 1515 5587 Β
1529 5563 1557 5573 -
1577 5540 1635 5585 erat

301 5604 393 5654 ATB:
412 5609 542 5670 exemplar
559 5617 615 5661 erat
631 5614 665 5671 (ῖς
684 5618 739 5662 erat
756 5614 884 5676 crematur
901 5616 920 5663 0
939 5640 966 5650 -
986 5614 1027 5664 at.
1044 5628 1093 5676 qua
1110 5615 1130 5663 Α
1148 5613 1184 5676 (in
1201 5614 1318 5675 resumi:
1338 5625 1388 5676 qua
1405 5613 1438 5672 ὓς
1458 5611 1523 5674 quad
1539 5610 1588 5660 TG
1599 5636 1635 5646 ·-

301 5680 422 5738 mnqaam
437 5682 470 5737 B:
490 5687 679 5736 tantamllTG
693 5714 719 5723 —
737 5701 816 5738 unam
834 5689 925 5738 ATB:
944 5690 1023 5738 mam
1039 5690 1089 5740 GO
1108 5716 1135 5724 -
1155 5689 1196 5739 28.
1214 5688 1329 5750 sumnum
1345 5687 1438 5748 ΑΤΒ;
1456 5685 1633 5737 ciuenrmsGO

301 5772 330 5784 -
349 5751 389 5800 ee.
409 5754 547 5810 deditorum
570 5761 589 5811 C
608 5785 636 5795 —
658 5763 685 5811 in
705 5763 765 5811 ante
788 5762 848 5813 urbe
864 5777 918 5813 om.
937 5765 986 5813 ΛΤ
1009 5790 1036 5798 -
1060 5765 1088 5814 in
1108 5764 1249 5826 municipiis
1270 5765 1297 5813 in
1313 5761 1415 5812 celantis
1430 5761 1458 5812 ia
1473 5760 1546 5812 italia
1561 5759 1582 5810 B
1600 5783 1631 5796 ··

303 5821 344 5873 ³0.
362 5825 522 5883 subsederant
544 5847 598 5886 om.
616 5838 637 5885 A
657 5862 685 5873 -
704 5835 744 5886 ³t.
763 5837 818 5899 apti
833 5838 889 5902 nisi]
907 5844 968 5901 apta
984 5840 1011 5889 in
1026 5842 1048 5889 Α
1067 5865 1094 5875 -
1113 5839 1221 5905 luania]
1239 5838 1368 5904 diligentia
1383 5839 1413 5888 G.
