3800 7350
662 1161 736 1226 cn.
758 1159 988 1230 xu-xvu.
1016 1155 1062 1241 44
1084 1153 1231 1222 ee-es.
1520 1155 1602 1224 taos

283 1360 435 1427 praesens
456 1340 514 1403 tibi
537 1340 657 1424 etipse
679 1348 711 1404 et
731 1340 802 1415 ille,
825 1360 919 1422 quem
941 1337 1121 1412 insimulas,
1143 1338 1238 1423 pugio
1253 1334 1466 1419 respondebit.
1497 1339 1605 1402 blili·

284 1445 341 1501 tes
369 1442 434 1500 aut
462 1455 563 1500 meos
591 1440 657 1497 aut
686 1442 898 1498 veteranos
927 1433 1206 1507 contraxistis,
1236 1439 1435 1514 tamquam
1457 1433 1504 1496 ad
1526 1434 1605 1497 exi·

283 1532 377 1594 tium
406 1549 548 1602 eorum,
576 1529 640 1611 qui
671 1528 877 1592 Caesarem
907 1526 1160 1590 occiderant:
1190 1532 1229 1589 et
1258 1523 1413 1588 eosdem
1435 1544 1503 1590 nec
1524 1529 1606 1611 opi·

281 1630 421 1686 nantes
443 1621 486 1699 ad
510 1623 734 1706 quaestoris
756 1621 817 1685 sui
838 1628 908 1684 aut
928 1620 1188 1703 imperatoris
1211 1627 1274 1683 aut
1300 1618 1604 1686 commilitonum

282 1735 440 1780 suorum
468 1714 642 1800 pericula
668 1714 897 1797 impulistis.
942 1713 1070 1777 Scilicet
1094 1714 1189 1776 verba
1216 1712 1377 1788 dedimus,
1406 1713 1629 1801 decepimua35

281 1809 447 1892 ignorabat
467 1807 551 1891 legio
572 1809 699 1880 Martia,
726 1815 853 1892 quarta,
880 1807 1063 1870 nesciebant
1083 1808 1224 1870 veterani
1246 1806 1324 1891 quid
1345 1818 1500 1890 ageretur.
1536 1814 1606 1875 Non

282 1903 329 1966 illi
359 1908 487 1966 senatus
515 1902 751 1976 auctoritatem,
781 1922 844 1965 non
867 1901 1043 1965 libertatem
1066 1901 1178 1985 populi
1200 1901 1431 1985 sequebantur;
1465 1902 1607 1969 Caesaris

283 2003 415 2061 mortem
445 1996 556 2058 ulcisci
586 1995 750 2070 volebant,
779 2016 874 2080 quam
898 2015 1008 2058 omnes
1029 1995 1154 2058 fatalem
1175 1994 1275 2058 luisse
1297 1995 1542 2061 arbitrabantur:
1576 2006 1607 2061 te

282 2088 431 2154 videlicet
451 2088 592 2164 salvum,
613 2090 756 2163 beatum,
779 2090 944 2153 florentem
966 2108 1037 2151 esse
1059 2089 1238 2172 cupiebant.
1281 2088 1381 2151 xvii.
1403 2084 1455 2152 34.
1471 2089 1498 2154 0
1514 2093 1609 2155 miser

282 2203 354 2248 cum
375 2202 425 2257 re,
448 2190 515 2245 tum
537 2182 598 2246 hoc
620 2183 709 2266 ipso,
732 2182 817 2266 quod
840 2202 904 2245 non
925 2183 1024 2246 sentis
1046 2202 1140 2263 quam
1163 2184 1258 2246 miser
1272 2182 1333 2245 sisi
1357 2181 1420 2245 Sed
1436 2187 1607 2249 maximum
1618 2196 1646 2244 44

283 2276 402 2341 crimen
423 2277 543 2340 audite.
584 2276 759 2360 lienique
787 2276 877 2360 quid
910 2295 990 2339 non
1022 2283 1088 2337 aut
1116 2276 1312 2359 probastis
1345 2283 1412 2339 aut
1435 2276 1609 2355 fecistis,

283 2368 387 2454 quod
409 2369 544 2444 iaciat,
567 2372 601 2434 si
623 2370 837 2433 reviviscat
857 2370 1010 2451 -quisi
1033 2369 1128 2433 eredo
1151 2371 1236 2433 enim
1258 2370 1370 2433 alteret
1390 2368 1522 2453 aliquod
1542 2392 1611 2435 see·

282 2462 374 2526 lerati
395 2462 533 2527 bominis
556 2463 736 2547 exemplum
760 2497 798 2511 —
823 2465 884 2527 Cn.
907 2462 1126 2545 Pompeius
1154 2465 1267 2546 ipsel
1298 2462 1325 2527 0
1348 2482 1408 2527 nos
1428 2472 1553 2549 turpes,
1583 2466 1609 2530 si

285 2555 413 2640 quidem
437 2556 493 2618 Cn.
508 2557 692 2639 Pompeium
707 2556 820 2620 imitati
836 2555 962 2619 sumusl
984 2563 1050 2618 aut
1070 2556 1181 2621 filius
1203 2558 1309 2632 eius,
1332 2559 1502 2622 simodo
1524 2582 1612 2643 pos·

286 2649 363 2713 siti
385 2650 522 2724 Poterit,
544 2651 621 2713 mibi
642 2650 752 2714 crede:
775 2671 847 2713 narn
869 2650 977 2733 paucis
1000 2649 1112 2712 diebus
1135 2657 1167 2712 et
1189 2650 1222 2712 in
1243 2651 1371 2714 domum
1394 2658 1426 2715 et
1447 2652 1480 2715 in
1501 2653 1651 2718 bortostt

285 2750 433 2827 paternos
454 2743 654 2826 immigrabit.
697 2746 901 2808 Postremo
924 2746 1082 2825 negatis
1105 2763 1236 2827 pacem
1257 2744 1356 2807 lieri
1378 2766 1514 2828 posse,
1536 2749 1612 2812 nisi

286 2844 350 2900 aut
378 2837 549 2900 emisero
580 2839 740 2901 Brutum
769 2847 839 2902 aut
866 2837 1073 2901 frumento
1101 2838 1251 2902 iuvero.
1293 2838 1356 2901 etii
1377 2840 1459 2902 istuc
1480 2850 1613 2925 negante

286 2950 346 3013 ego
367 2950 459 3005 vcro,
482 2950 523 2993 ne
545 2932 572 2994 si
593 2933 655 2994 ista
669 2932 798 3015 quidem
819 2930 950 3004 feceris,
972 2950 1125 3016 umquam
1146 2939 1250 2994 tecum
1273 2950 1383 3014 pacem
1404 2932 1479 2997 buic
1494 2935 1616 3002 civitati

285 3023 423 3088 futuram
450 3032 538 3107 puto.
586 3024 714 3100 Quint
745 3024 820 3090 hoc
847 3026 1042 3109 placetne
1072 3024 1277 3088 veteranis
1311 3024 1430 3088 istis?
1469 3029 1615 3112 quibus

285 3117 417 3181 adbuc
439 3117 571 3181 omnia
601 3118 764 3200 integra
786 3127 890 3182 sunt.
926 3119 1012 3182 Nibil
1033 3119 1099 3181 vidi
1121 3126 1184 3181 tam
1208 3119 1363 3201 integrum
1386 3139 1480 3204 quam
1501 3127 1537 3184 ut
1559 3131 1653 3205 opat

286 3229 428 3294 pugnare
449 3212 671 3293 imperatorem
687 3212 847 3295 incipiant,
863 3231 935 3275 cum
952 3220 1073 3275 tantmn
1089 3210 1227 3274 studium
1242 3231 1496 3297 consensumque
1510 3223 1617 3279 osten·

288 3303 402 3367 derint.
426 3335 469 3350 -
498 3300 551 3366 35.
574 3304 768 3381 Quoniam
797 3327 862 3370 ros
889 3306 1231 3370 assentationibus
1259 3315 1297 3370 et
1317 3310 1519 3371 venenatis
1541 3330 1617 3373 mu·

287 3399 447 3462 neribus
469 3397 493 3480 4
514 3397 694 3462 venistis.
738 3400 906 3481 Depravati
936 3421 977 3463 an
1006 3402 1144 3484 corrupti
1173 3408 1260 3476 suut,
1290 3401 1405 3486 quibus
1432 3422 1617 3487 persuasum

287 3490 330 3554 sit
356 3490 574 3555 foedissimum
602 3491 727 3555 bostem
756 3493 928 3555 iustissimo
954 3493 1040 3556 bello
1066 3495 1240 3578 persequil
1273 3496 1320 3557 at
1340 3494 1541 3558 militibus
1562 3496 1618 3558 in-

288 3585 421 3649 clusis
449 3604 558 3669 opem
585 3583 716 3649 fertis.
758 3584 867 3649 llibil
896 3606 1024 3650 moror
1045 3606 1112 3650 eos
1134 3586 1269 3651 salvos
1291 3607 1376 3652 esse
1398 3593 1438 3651 et
1457 3588 1515 3650 ire
1538 3600 1656 3672 quota

289 3679 412 3754 lubet,
442 3680 475 3742 si
508 3686 663 3743 tantum
699 3678 811 3743 modo
844 3681 1061 3762 patiuntur
1087 3682 1221 3765 perire
1243 3701 1352 3757 eum,
1386 3683 1451 3766 qui
1473 3683 1619 3747 meruit

290 3772 392 3848 Quam
412 3773 567 3855 benigne!
588 3773 735 3859 Denique
755 3775 806 3837 usi
828 3773 1017 3840 liberalitate
1034 3774 1165 3838 inmoti
1187 3772 1302 3838 milites
1324 3776 1546 3860 imperatorem
1568 3797 1618 3841 re·

356 4045 380 4095 4.
398 4043 442 4094 4454
458 4055 512 4092 om.
530 4040 573 4103 b¹;
591 4042 635 4093 tibi
650 4044 726 4106 tpsst
746 4069 774 4079 -
793 4044 817 4094 i.
836 4049 881 4094 cut
896 4055 963 4093 meos
979 4042 1032 4093 bi:
1051 4048 1135 4093 cutem
1152 4044 1209 4107 (per
1225 4042 1323 4108 comp.)
1340 4057 1407 4095 444444
1422 4047 1459 4095 at
1476 4071 1504 4084 ·-
1522 4047 1617 4097 4444444444

289 4118 354 4169 b-
373 4120 398 4170 3.
416 4116 680 4180 necopinantes·
699 4117 723 4169 4.
742 4119 1032 4181 44444444444444-
1051 4118 1388 4169 444444444444445444-
1407 4119 1614 4182 demptusve-

290 4195 314 4247 4.
332 4193 472 4245 nectebant
489 4193 513 4242 l:
531 4206 576 4244 nee
591 4191 700 4243 4444444444
715 4193 779 4244 454
796 4222 824 4233 -
841 4193 933 4243 Numi
953 4220 980 4230 -
999 4193 1083 4244 astte
1099 4195 1154 4242 0—
1173 4206 1224 4242 aoo
1240 4206 1271 4242 a:
1291 4208 1326 4243 cn
1342 4191 1414 4252 bti;
1433 4193 1492 4246 tort.
1511 4200 1569 4256 4444,
1586 4197 1617 4246 ut

290 4271 425 4322 Ferrarius
446 4269 471 4319 in
487 4265 588 4331 aliquot
609 4265 682 4319 libris
698 4268 807 4320 invenlt.
827 4296 854 4308 —
876 4271 962 4333 populi
979 4268 1057 4319 abt:
1078 4269 1166 4332 popntt
1182 4271 1251 4320 444444.
1269 4270 1307 4321 i0
1327 4295 1355 4308 -
1378 4275 1517 4334 sequantur
1532 4272 1567 4320 at
1585 4296 1612 4306 -

290 4343 608 4396 8.ulcs'scimortemi-
633 4345 891 4407 4444444444-
910 4345 1035 4409 probastis
1055 4346 1084 4395 t:
1106 4343 1617 4408 commento-tostaeque

289 4418 434 4483 Madvigius
452 4418 557 4482 (Opuse.
575 4419 611 4480 11,
629 4432 656 4483 p.
674 4419 731 4482 2⁰0)
750 4420 777 4470 et
792 4420 900 4472 Weiske
919 4422 959 4484 (in
975 4421 1109 4471 0444444444
1122 4419 1237 4469 4444444444
1252 4420 1334 4482 epist,
1357 4432 1422 4482 puae
1436 4420 1503 4470 444444
1518 4419 1617 4470 044444-

290 4494 330 4544 nte
350 4491 465 4556 4444444444
488 4496 603 4542 4444444444
623 4497 688 4542 aaut.
707 4493 777 4558 lips.
796 4494 869 4545 rasa.
888 4508 915 4560 p.
933 4495 987 4555 3tllz
1010 4492 1119 4557 44444444
1141 4494 1201 4557 quid
1218 4495 1292 4556 (044444
1307 4495 1325 4556 4)
1349 4494 1420 4554 44ος
1440 4492 1550 4557 [44444444
1569 4505 1617 4556 que

292 4568 373 4633 (quoe)
388 4565 445 4628 ab,
464 4565 523 4616 tort.
536 4568 611 4617 recto
628 4568 659 4617 ut
674 4566 722 4618 sit:
738 4566 803 4631 quid
819 4580 872 4617 uon
889 4566 988 4618 lecistis
1005 4581 1097 4618 eorum
1110 4581 1179 4632 quae
1196 4567 1274 4619 iaciat
1284 4568 1446 4633 Pompeius?
1458 4594 1485 4605 -
1504 4568 1544 4617 ts.
1557 4566 1617 4629 quid

290 4641 336 4694 bii
354 4668 382 4678 -
401 4643 538 4694 salmom.
555 4642 564 4691 l
581 4666 609 4677 ·-
628 4641 768 4706 adimam
787 4643 914 4706 alleuati
932 4668 960 4678 -
979 4643 1019 4693 43.
1038 4643 1083 4693 Ga.
1101 4642 1451 4705 Poup--stputtsmom
1469 4642 1477 4690 i
1497 4654 1617 4704 -pons-

288 4718 358 4782 petos
374 4718 386 4767 4
402 4742 430 4752 -
453 4715 533 4766 norb
553 4741 581 4753 -
605 4714 646 4767 44.
663 4716 756 4766 44444444
771 4718 783 4766 4
799 4719 827 4766 et
843 4715 927 4767 codex
944 4715 1037 4767 lamb.
1056 4718 1082 4766 in
1100 4728 1183 4780 marg.
1203 4715 1240 4777 (ut
1256 4713 1338 4765 voluit
1353 4715 1471 4766 Muretus
1487 4715 1514 4764 in
1531 4726 1615 4777 marg.

291 4790 407 4857 exempli
423 4791 478 4852 sui,
497 4789 570 4854 quod
585 4791 685 4841 Romae
697 4791 805 4853 exstattz
823 4792 949 4843 imitatura·
965 4791 1025 4843 abi
1043 4818 1072 4830 -·
1088 4792 1168 4856 14444444
1184 4793 1193 4841 i
1211 4817 1237 4828 -
1256 4790 1366 4841 44444444
1383 4790 1415 4839 t¹:
1433 4790 1455 4839 44
1471 4789 1543 4838 doaso
1558 4786 1614 4846 ab3

290 4867 416 4918 4444444444
435 4866 447 4915 4
463 4877 548 4927 corr.;
569 4866 591 4915 44·
611 4867 679 4917 donst
699 4867 723 4927 i,
746 4879 814 4930 quae
835 4870 877 4919 est
897 4865 1064 4932 interpolatio
1081 4879 1114 4917 ex
1130 4879 1211 4918 versu
1227 4877 1320 4930 sequ.;
1342 4864 1365 4914 st
1381 4864 1446 4914 domt
1461 4876 1513 4914 4444
1528 4863 1563 4922 0,
1587 4863 1617 4912 ut

290 4944 344 4995 lam
361 4944 403 4994 est
418 4941 446 4992 in
463 4940 506 4992 cd.
525 4944 586 4995 Asc.
605 4942 678 4993 ttae.
698 4966 725 4978 -·
751 4944 791 4994 45.
808 4944 899 5006 paura
917 4944 983 4994 4444444
1004 4943 1096 4993 mdia
1115 4967 1143 4979 -
1168 4941 1208 4991 46,
1224 4945 1345 5004 patronos
1360 4939 1372 4988 t
1389 4965 1417 4976 -
1440 4935 1617 5000 tnmtpcobtts

292 5043 321 5056 -
338 5015 784 5084 tsrtpoessabt:possettesti0
802 5043 830 5053 -
852 5019 892 5070 47.
910 5017 964 5083 cut]
981 5031 999 5067 a
1016 5018 1041 5077 t,
1062 5016 1127 5067 item
1144 5012 1302 5080 paulopost
1319 5037 1347 5050 -
1367 5013 1473 5064 44444444
1488 5011 1521 5071 5;
1538 5011 1618 5061 444444-

291 5085 1618 5158 44444-4444444444444444444444444-444444-4444444444444444444444444444-44444444444-

291 5166 522 5232 tutlpacemb-
548 5166 827 5231 440444444444-
848 5166 1125 5231 4445444444444-
1145 5161 1619 5214 44.444444444444444444444444444444444444-

291 5254 395 5305 mque
415 5242 526 5308 scripsi:
549 5255 623 5304 4444444
642 5247 713 5293 444444
732 5243 814 5294 studio
834 5253 1001 5305 comasque
1021 5236 1100 5291 codd.
1119 5238 1182 5289 eto
1202 5264 1236 5276 -
1257 5237 1450 5288 4444444444
1474 5235 1619 5299 4444444444

293 5313 371 5366 codd.
389 5314 446 5367 rell.
465 5317 537 5376 notl;
556 5317 708 5380 detmdertat
724 5318 745 5369 0
762 5330 824 5370 cum
842 5316 886 5368 ed.
903 5315 961 5367 ald.
976 5342 1003 5352 -
1021 5315 1063 5366 44.
1081 5313 1176 5365 cosma
1193 5326 1209 5363 a
1227 5314 1268 5377 (ex
1284 5313 1389 5374 4444444.)
1407 5336 1435 5346 -
1454 5309 1494 5361 23.
1511 5309 1621 5360 emtus

294 5389 550 5443 44444444444519.
565 5417 594 5428 -
613 5393 744 5454 4444444444
761 5405 814 5444 om.
834 5393 858 5451 t;
874 5391 975 5442 4444444444
990 5389 1130 5452 dsprovotl.
1148 5388 1288 5451 Dsprooctl
1304 5392 1350 5437 4444
1365 5388 1417 5436 eet.
1430 5386 1497 5435 coni.
1511 5384 1618 5434 Weiske

293 5463 313 5516 l.
331 5477 355 5516 4.
373 5479 400 5530 p.
418 5467 464 5527 34;
487 5466 588 5517 44444444
610 5469 742 5530 4444444444
821 5466 860 5518 ,444
881 5466 994 5529 compti
1014 5466 1066 5516 cet.
1085 5462 1172 5520 Klotz:
1195 5462 1255 5513 tort.
1274 5461 1393 5525 quonium
1412 5473 1456 5509 uos
1473 5471 1514 5508 sos
1529 5471 1578 5508 ass.
1598 5463 1621 5508 st

293 5551 349 5591 oen.
367 5553 436 5591 4444444.
453 5541 553 5591 44444444
569 5541 743 5604 demeum.
762 5568 790 5578 -
809 5543 862 5593 line
876 5541 990 5605 4444444444
1010 5545 1080 5603 444444,
1099 5539 1187 5603 44444444
1200 5550 1350 5602 parassem
1365 5537 1397 5586 444
1414 5536 1465 5585 cet.
1485 5559 1512 5570 -
1531 5533 1572 5585 il.
1590 5535 1622 5583 444

295 5612 400 5665 sb¹ti:
419 5620 454 5666 est
468 5614 526 5666 b²0
543 5643 571 5653 -
589 5617 654 5668 iusto
670 5616 731 5668 cod.
744 5615 837 5668 bamb.
850 5642 878 5653 -
897 5617 937 5667 26.
957 5614 1036 5676 444544,
1053 5616 1074 5664 st
1091 5617 1188 5664 4444444444
1204 5613 1277 5662 modo
1293 5610 1404 5675 scripsi:
1422 5607 1509 5659 iubetis
1524 5613 1622 5658 4444444444

295 5689 368 5739 modo
391 5689 416 5749 t;
441 5688 565 5742 4444444444·
586 5689 845 5750 tcutrsnmodoab3
872 5688 1114 5747 lubetdtumenn
1140 5685 1447 5738 lebettssltomeno-
1474 5684 1516 5735 sd.
1535 5684 1623 5744 ltaque

296 5759 470 5825 probabiliter
486 5764 636 5827 Ferrarim3
655 5765 689 5817 et.
702 5768 792 5817 44444444
809 5762 944 5816 dorstad
960 5764 988 5815 h.
999 5762 1017 5816 l.
1030 5766 1058 5815 et
1073 5762 1167 5815 Hauon
1183 5759 1292 5813 Turseli.
1305 5762 1342 5824 ll,
1360 5759 1420 5811 ibt.
1434 5784 1463 5796 -
1479 5757 1520 5808 4444
1534 5763 1591 5808 esest
1602 5757 1622 5820 t,

297 5835 346 5888 sed
361 5841 419 5888 444444
435 5837 532 5893 eadem
547 5853 585 5896 m.
604 5842 775 5910 expunctum.
794 5864 822 5878 -
841 5838 953 5892 4454444444
969 5852 994 5889 a.

339 5927 431 5980 4444444
448 5928 517 5988 bil.
1382 5926 1424 5993 88
