3800 7350
586 1669 925 1758 ΟΒΑΊῚΟΝΠΜ
951 1667 1400 1757 PHILIPPICARUM

669 1890 823 1965 mm
844 1888 1067 1962 'ammte
1087 1888 1326 1963 bacmos.

377 2322 383 2328 .
422 2244 447 2307 1.
469 2238 547 2306 Μ
576 2239 732 2324 principio
760 2240 854 2304 huius
879 2240 971 2316 belli,
1001 2247 1105 2323 patres
1127 2239 1312 2325 conscripti,
1342 2241 1427 2327 quod
1449 2264 1528 2307 cum·
1543 2242 1655 2327 impiis

340 2338 457 2403 civibus
486 2333 769 2422 consceleratisque
797 2335 1007 2418 suscepimus,
1035 2334 1125 2399 timui
1154 2355 1194 2398 ne
1224 2334 1363 2398 conditio
1390 2336 1542 2401 insidiosa
1563 2337 1655 2420 pacis

338 2431 491 2498 libertatis
512 2428 734 2512 reciperandae
755 2428 859 2492 studia
879 2428 1099 2510 restingueret.
1139 2428 1238 2492 Dulce
1260 2427 1344 2491 enirn
1364 2429 1460 2494 etiam
1473 2450 1591 2494 nornen
1605 2437 1656 2494 est

339 2525 442 2608 pacis,
463 2544 513 2587 res
535 2542 609 2587 rere
630 2523 699 2604 ipsa
714 2542 782 2586 cum
802 2519 953 2594 iucunda,
975 2527 1041 2584 tum
1060 2520 1214 2585 salutaris.
1243 2522 1322 2585 Nam
1337 2541 1396 2585 nec
1410 2525 1547 2606 privatos
1561 2522 1654 2588 focos

316 2637 397 2683 snec
419 2617 559 2701 publicas
580 2615 667 2698 leges
688 2615 810 2679 videtur
830 2634 889 2680 nec
910 2613 1063 2678 libertatis
1084 2615 1154 2678 iura
1174 2635 1245 2679 cara
1264 2616 1395 2691 babere,
1418 2636 1513 2703 quern
1532 2615 1654 2680 discor-

339 2710 428 2785 diae,
457 2729 551 2793 quem
579 2708 690 2773 caedes
720 2708 851 2784 civium,
882 2728 977 2794 quem
1007 2706 1125 2771 bellum
1154 2707 1246 2774 civile
1267 2709 1417 2786 delectat,
1450 2731 1588 2794 eumque
1611 2731 1655 2774 ex

338 2825 468 2871 numero
489 2804 651 2867 bominum
673 2800 876 2877 eliciendum,
908 2820 948 2864 ex
976 2800 1092 2864 finibus
1113 2801 1267 2866 humanae
1287 2809 1418 2868 naturae
1439 2804 1656 2870 exterminan-

339 2898 415 2963 dum
436 2905 523 2982 puto.
565 2898 674 2978 ltaque
696 2896 762 2959 sive
784 2895 871 2959 Sulla
893 2895 958 2958 sive
980 2894 1096 2959 ldarius
1111 2896 1177 2960 sive
1192 2904 1324 2981 uterque
1339 2896 1405 2962 sive
1421 2896 1569 2962 Octavius
1585 2898 1655 2962 sire

341 2991 441 3055 Cinna
461 2993 527 3055 sive
547 2991 659 3054 iterum
682 2988 769 3052 Sulla
790 2989 856 3052 sive
877 2987 957 3052 alter
977 2988 1095 3052 Marius
1116 2995 1149 3054 et
1170 2989 1269 3055 Carbo
1290 2990 1356 3054 sire
1379 2991 1433 3077 qui
1455 2991 1536 3055 alius
1558 2985 1656 3054 civile

304 3085 458 3152 rubellum
490 3084 624 3168 optavit,
658 3103 729 3146 eum
760 3081 976 3146 detestabilem
1013 3080 1112 3145 civem
1145 3084 1190 3146 rei
1222 3083 1367 3167 publicae
1398 3091 1505 3149 natum
1536 3083 1656 3148 iudico.

341 3176 372 3244 2.
393 3182 470 3242 Nam
492 3177 569 3263 quid
592 3196 651 3258 ego
674 3175 712 3239 de
734 3176 879 3258 proxime
902 3176 1018 3250 dicam,
1050 3176 1139 3239 cuius
1160 3185 1230 3240 acta
1250 3176 1464 3253 defendimus,
1491 3186 1656 3242 auctorem

340 3272 445 3356 ipsum
473 3270 541 3335 iure
569 3290 694 3333 caesum
719 3268 877 3333 latemur?
916 3267 1001 3331 Nibil
1030 3268 1126 3351 igitur
1144 3269 1207 3333 boc
1228 3270 1313 3347 cive,
1341 3269 1421 3334 nibil
1442 3271 1503 3334 boc
1524 3271 1655 3335 homine

340 3367 484 3442 taetrius,
513 3364 541 3427 si
560 3372 616 3426 aut
636 3363 713 3426 civis
735 3370 791 3426 aut
809 3362 904 3425 bomo
925 3361 1089 3424 habendus
1113 3370 1176 3437 est,
1207 3363 1262 3446 qui
1283 3363 1375 3427 civile
1397 3364 1515 3428 bellum
1536 3385 1656 3429 concu-

340 3459 445 3544 piscit.
479 3458 541 3521 Sed
561 3456 621 3520 boc
635 3456 770 3539 primurn
787 3454 955 3519 videndum
971 3461 1034 3530 est,
1055 3462 1159 3537 patres
1176 3458 1359 3540 conscripti,
1380 3478 1451 3522 eum
1466 3460 1654 3523 omnibusne

305 3570 403 3637 capax
425 3572 494 3615 esse
515 3551 616 3633 possit
637 3570 676 3613 an
698 3550 739 3613 sit
760 3547 889 3630 aliquod
910 3547 1028 3611 bellum
1049 3547 1257 3633 inexpiabile,
1285 3551 1318 3613 in
1348 3572 1411 3634 quo
1438 3552 1543 3634 pactio
1566 3552 1654 3635 pacis

341 3645 394 3709 lex
415 3646 455 3710 sit
476 3644 644 3709 servitutis.
681 3644 790 3707 Pacem
814 3662 883 3705 cum
901 3641 1049 3725 Scipione
1072 3642 1158 3707 Sulla
1173 3645 1238 3708 sire
1253 3643 1385 3708 faciebat
1397 3645 1462 3709 sive
1476 3644 1654 3719 simulabat,

341 3758 406 3803 non
428 3745 495 3801 erat
515 3737 762 3821 desperandum,
791 3736 816 3799 si
839 3737 1051 3812 convenisset,
1076 3736 1144 3800 fore
1165 3738 1302 3822 aliquem
1325 3737 1516 3802 tolerabilem
1537 3745 1654 3802 statam

342 3832 485 3897 civitatis.
522 3831 622 3895 Cinna
643 3833 670 3894 si
691 3829 890 3895 concordiam
912 3850 983 3892 cum
1005 3828 1133 3894 Octavio
1156 3828 1339 3894 confirmare
1360 3831 1527 3907 voluisset,
1556 3833 1654 3895 bomi-

340 3948 413 3991 num
440 3929 474 3991 iu
502 3946 535 3990 rc
556 3926 677 4008 publico
704 3925 818 3987 sanitas
845 3920 996 3986 remouere
1017 3925 1173 4004 potuisset.
1210 3923 1355 3988 Proximo
1376 3922 1460 3987 bello
1482 3925 1511 3989 si
1531 3925 1653 4009 aliquid

304 4021 381 4087 rode
403 4040 523 4086 summa
543 4019 695 4103 gravitate
716 4016 900 4101 Pompeius,
927 4016 1059 4081 multum
1083 4017 1122 4080 de
1144 4018 1316 4100 cupiditate
1338 4016 1451 4081 Caesar
1470 4019 1654 4093 remisisset,

341 4122 372 4178 ct
402 4135 511 4198 pacem
543 4113 686 4177 stabilem
718 4117 750 4176 et
781 4111 919 4194 aliquam
953 4132 1018 4175 rem
1050 4110 1209 4193 publicam
1238 4110 1328 4173 nobis
1356 4110 1471 4176 habere
1499 4111 1652 4175 licuisset

341 4209 379 4272 Π.
401 4209 469 4274 Hoc
490 4228 565 4273 vero
587 4206 663 4290 quid
686 4208 755 4270 est'l
782 4224 853 4268 cum
873 4205 1019 4269 Antoniis
1047 4224 1109 4289 pax
1130 4211 1234 4288 potest
1255 4206 1346 4266 esset
1375 4224 1446 4267 cum
1468 4203 1653 4278 Censorino,

339 4301 505 4376 Ventidio,
527 4300 699 4373 Trebellio,
722 4298 841 4371 bestia,
863 4298 1001 4373 Nucula,
1023 4298 1178 4371 Munatio,
1200 4300 1359 4372 Lentone,
1381 4299 1484 4362 Saxat
1504 4297 1653 4381 Exempli

341 4413 434 4457 cansa
461 4413 578 4477 paucos
605 4392 782 4456 nominavi:
816 4412 914 4474 genus
941 4387 1096 4455 infinitum
1125 4391 1412 4475 immanitatemque
1440 4392 1500 4476 ipsi
1522 4391 1653 4455 cernitis

302 4487 545 4571 seseliquorum.
580 4483 610 4549 3.
631 4486 747 4550 Addite
768 4485 822 4549 illa
843 4483 1005 4568 naufragia
1020 4484 1161 4549 Caesaris
1176 4486 1364 4561 amicorum,
1385 4485 1502 4549 Barbas
1517 4485 1652 4563 Cassios,

403 4769 432 4817 ln
448 4765 471 4815 V
488 4765 679 4830 praescriptum
696 4766 738 4815 est
753 4777 789 4814 m.
801 4765 831 4814 2:
848 4762 937 4825 Incipit
951 4762 1003 4813 lib.
1020 4763 1063 4814 111.
1081 4763 1111 4813 Χ.

405 4842 428 4892 t.
446 4840 467 4891 Δ
483 4853 565 4892 omn
584 4866 608 4876 -
629 4840 654 4888 2.
671 4839 841 4901 sceleratisque
856 4841 917 4902 agi
934 4864 961 4874 -
979 4839 1090 4889 couduio
1105 4838 1151 4890 Va
1167 4866 1200 4876 -
1216 4839 1242 4891 3.
1258 4840 1335 4891 etiam
1350 4853 1404 4892 om.
1422 4853 1462 4905 ag
1479 4865 1506 4879 -
1524 4841 1550 4894 i.
1567 4856 1653 4894 ma

338 4917 388 4980 gt:
406 4921 460 4965 tum
473 4916 508 4975 V;
527 4921 609 4965 tomes
624 4913 655 4974 b;
675 4913 708 4964 ct.
721 4911 859 4963 Stuerenb.
873 4912 907 4962 acl
922 4913 1002 4963 Arcti.
1015 4912 1057 4963 ed.
1071 4915 1095 4964 t.
1113 4928 1140 4978 p.
1154 4912 1210 4965 tre.
1225 4939 1253 4951 -·
1270 4928 1331 4965 com
1346 4928 1464 4977 ecquem
1481 4917 1653 4967 soennch

386 4991 410 5041 6.
424 5004 496 5053 quem
512 4993 572 5040 ante
583 4990 668 5039 caedes
679 5002 732 5039 om.
745 4988 763 5038 b
777 5014 804 5025 -
823 4989 847 5038 7.
861 4989 996 5039 eiciendum
1012 4989 1080 5049 mei,
1098 4989 1128 5038 ut
1143 5001 1260 5053 semper.
1274 5015 1301 5025 -
1321 4991 1375 5041 bet
1389 4990 1414 5040 9.
1426 4989 1489 5052 sulla
1505 5003 1520 5040 a
1529 4995 1566 5055 gt
1578 5020 1605 5029 -
1625 4992 1651 5042 9.

337 5067 479 5126 cuncut-
499 5060 631 5114 atteV¹-
649 5062 915 5125 cauom-quave
935 5059 1061 5125 pmv‘n
1076 5091 1103 5100 -
1122 5064 1577 5117 t0.iudiciov-tl.uuctcremvz
1594 5079 1653 5116 meus

337 5144 465 5189 auctorent
481 5139 663 5202 (auctoritatem
680 5140 697 5200 t)
716 5140 737 5189 D
755 5164 781 5174 -
802 5139 841 5188 lt.
859 5139 939 5200 ipsum
956 5141 1058 5190 emat
1076 5164 1102 5174 -
1120 5139 1298 5200 saumuro:
1314 5138 1558 5203 smarnurabg-
1577 5139 1654 5190 last

337 5213 556 5278 cus1sauitv-
579 5211 1471 5276 uuav-lt.cmuemt-te.attquotv-mpiccuen-
1495 5213 1651 5280 ltilcartii]

336 5288 378 5337 tec
394 5292 405 5338 t
421 5290 450 5351 (a
466 5301 527 5338 curn
545 5287 599 5349 lin.)
618 5314 645 5323 -
669 5288 768 5338 sensitis
784 5286 814 5336 V¹
832 5314 859 5323 —
881 5288 1052 5351 spaavsgt
1070 5315 1097 5324 -
1120 5289 1387 5341 scemurensem.
1405 5292 1428 5342 D
1445 5317 1473 5328 -
1495 5290 1536 5341 lt.
1553 5290 1650 5341 sin:

336 5363 389 5412 stus
403 5376 454 5412 acu
470 5362 538 5426 abg
556 5388 583 5399 -
609 5360 649 5410 ⁴8.
666 5374 749 5422 cuneo
765 5363 775 5410 t
794 5388 820 5397 -
841 5365 944 5426 more
961 5365 972 5412 i
990 5389 1017 5399 -
1038 5363 1212 5415 hominumn
1218 5367 1349 5428 potuisset,
1367 5378 1436 5430 quae
1453 5366 1479 5416 ln
1495 5364 1527 5415 V¹
1544 5363 1650 5427 desunt,

336 5436 363 5486 in
380 5449 463 5500 marg.
482 5449 577 5486 manus
593 5447 647 5485 sec.
666 5432 804 5498 supplevit.
818 5461 845 5470 -
864 5437 964 5486 omnium
979 5436 1047 5486 coni.
1066 5437 1192 5501 Faernus,
1210 5441 1320 5491 omniun
1335 5440 1375 5490 vir
1391 5439 1485 5491 doctus
1501 5439 1528 5490 in
1538 5439 1652 5489 Maeno-

336 5523 395 5571 sune
411 5511 457 5572 111,
476 5525 502 5575 p.
520 5510 582 5570 2343
602 5521 649 5559 nos
666 5507 775 5572 quidem
792 5521 917 5559 veremur
933 5523 967 5560 ne
990 5512 1074 5560 toturn
1091 5511 1167 5565 colon
1184 5513 1218 5564 sit
1233 5512 1327 5565 laisum
1344 5514 1441 5565 veteris
1457 5512 1568 5567 lacunae
1584 5525 1651 5578 sup-

320 5582 510 5655 plementum.
530 5613 557 5622 -
584 5585 624 5634 49.
642 5585 669 5632 tu
691 5586 772 5634 emt
792 5610 825 5620 -
848 5585 889 5635 2⁰.
906 5586 1012 5636 militm
1033 5587 1063 5636 dc
1083 5584 1101 5636 b
1119 5612 1147 5622 -
1172 5587 1299 5638 derisisset
1313 5589 1336 5639 D
1352 5614 1386 5626 -
1400 5589 1442 5639 22.
1459 5595 1495 5640 est
1510 5599 1564 5639 om.
1581 5584 1601 5637 b
1620 5612 1649 5624 -

336 5656 377 5708 23.
395 5659 494 5708 Nucula
509 5673 563 5710 eur.
581 5661 590 5708 t
608 5681 635 5693 -
653 5659 817 5709 Munatiovc
836 5664 863 5709 .t.
881 5661 997 5711 mucosis
1009 5662 1127 5724 (anemio
1139 5661 1197 5726 gli)
1211 5687 1239 5701 -
1257 5663 1298 5715 it.
1316 5664 1411 5714 umas.
1423 5662 1496 5728 vag
1508 5689 1535 5700 -
1553 5663 1595 5713 25.
1607 5675 1651 5713 re·

336 5732 461 5796 itqumsu
476 5735 511 5789 V:
530 5734 592 5785 teti.
605 5746 711 5795 quorum
726 5733 778 5794 ht3
797 5733 859 5787 betti.
871 5749 978 5798 quorsus
992 5749 1096 5788 sucuro
1112 5748 1167 5801 ag,
1184 5736 1257 5789 unde
1273 5739 1328 5791 Rau
1343 5739 1363 5803 1,
1381 5751 1409 5804 p.
1421 5736 1467 5791 tl:
1484 5737 1647 5800 cuiquem
