3800 7350
323 1173 385 1240 9l6
746 1175 896 1241 ORATIO
918 1176 997 1241 PllO
1018 1176 1058 1248 Ρ.
1075 1175 1216 1240 SESTIO

325 1365 473 1411 carsurae
499 1345 693 1421 viderentur,
726 1365 796 1408 cum
827 1345 1031 1428 proscriptio,
1064 1342 1195 1420 caedes,
1229 1344 1363 1427 direptio
1393 1344 1642 1418 denuntiaretur,

326 1463 396 1506 cnm
427 1440 479 1505 alii
508 1460 557 1503 me
585 1441 764 1523 suspicione
793 1440 926 1522 periculi
955 1440 1003 1503 sui
1025 1459 1089 1503 non
1112 1439 1332 1513 defenderent,
1363 1439 1417 1503 alii
1438 1445 1544 1503 vetere
1567 1436 1641 1501 odio

325 1538 479 1600 bonomm
499 1536 720 1610 incitarentur,
743 1535 795 1598 alii
815 1534 1010 1609 inviderent,
1032 1534 1084 1598 alii
1108 1534 1231 1597 obstare
1253 1534 1314 1597 sibi
1336 1554 1386 1596 me
1407 1533 1642 1604 arbitrarentur,

325 1631 379 1694 alii
398 1630 508 1692 ulcisci
530 1628 672 1691 dolorem
693 1628 839 1711 aliquem.
851 1649 942 1692 sunm
956 1627 1090 1701 vellent,
1112 1627 1165 1691 alii
1180 1648 1248 1690 rem
1262 1628 1362 1712 ipsam
1376 1626 1534 1710 publicam
1546 1631 1642 1708 atque

302 1725 410 1788 ibunc
430 1724 586 1786 bonorum
608 1729 723 1786 statum
747 1722 911 1805 otiumque
926 1720 1082 1794 odissent,
1105 1728 1137 1784 et
1158 1722 1197 1785 ob
1220 1721 1314 1783 hasce
1329 1740 1439 1785 causas
1452 1726 1501 1783 tot
1514 1725 1641 1802 tamque

326 1818 427 1883 varias
449 1836 499 1881 me
519 1836 619 1879 unnm
640 1815 860 1900 deposcerent:
890 1814 1103 1898 depugnarem
1131 1815 1236 1898 potius
1262 1835 1333 1878 cnm
1359 1832 1480 1879 summo
1505 1832 1570 1875 non
1596 1812 1643 1875 di-

326 1929 394 1974 cam
416 1909 533 1984 exitio,
555 1909 611 1972 sed
633 1910 774 1992 periculo
797 1917 880 1973 certe
904 1917 1009 1972 vestro
1031 1907 1265 1991 liberorumque
1279 1915 1466 1980 vestrorum,
1489 1926 1585 1992 quam
1598 1905 1642 1981 id,

326 2002 412 2087 quod
441 2002 583 2066 omnibns
613 2003 830 2086 impendebat,
861 2023 943 2067 unus
965 2021 1023 2086 pro
1045 2001 1191 2064 omnibus
1213 2001 1403 2084 susciperem
1425 2019 1461 2064 ae
1482 2000 1643 2064 subiremi

325 2097 412 2160 XXI.
434 2092 485 2157 47.
510 2096 610 2159 oVicti
632 2104 740 2161 essent
760 2097 924 2180 improbi.»
966 2098 1007 2160 At
1028 2096 1129 2169 cives,
1157 2100 1189 2158 at
1209 2096 1248 2157 ab
1271 2115 1309 2158 eo
1330 2095 1472 2177 privato,
1495 2094 1642 2178 quisine

290 2190 421 2254 sommis
442 2190 536 2253 etiam
559 2189 670 2253 consul
691 2210 757 2253 rem
779 2191 938 2273 publicam
961 2196 1170 2253 conservarat.
1206 2188 1260 2251 Sin
1275 2189 1348 2251 victi
1363 2194 1470 2251 essent
1483 2186 1569 2262 boni,
1588 2187 1642 2270 qui

326 2285 549 2366 superessent?
580 2302 687 2347 nonne
718 2284 758 2346 ad
786 2303 894 2348 servos
922 2283 1037 2347 videtis
1065 2302 1131 2345 rem
1160 2282 1315 2365 publicam
1337 2290 1499 2346 venturam
1520 2280 1643 2345 fuisset

325 2378 374 2440 An
402 2374 479 2439 milri
508 2375 585 2458 ipsi,
614 2381 650 2438 ut
677 2376 805 2460 quidam
835 2384 962 2459 putant,
988 2375 1050 2440 luit
1077 2395 1161 2439 mors
1188 2395 1290 2460 aequo
1312 2375 1418 2438 animo
1441 2372 1642 2459 oppetenda?

326 2470 437 2547 Quidt
468 2477 535 2533 tum
564 2478 737 2533 mortemne
764 2468 945 2552 fugiebam?
979 2489 1018 2532 an
1048 2477 1116 2532 erat
1144 2487 1194 2533 res
1216 2468 1297 2543 ulla,
1331 2487 1424 2552 quam
1446 2466 1523 2531 mibi
1544 2470 1642 2551 magis

325 2564 493 2647 optandam
513 2564 679 2646 putarem?
701 2570 757 2626 aut
778 2582 836 2645 ego
858 2563 929 2626 illas
950 2582 1000 2625 res
1023 2568 1125 2625 tantas
1146 2563 1178 2624 in
1201 2566 1287 2624 tanta
1309 2560 1522 2644 improborum
1538 2560 1643 2624 multi·

289 2666 317 2716 tt
325 2655 434 2720 tudine
454 2676 526 2720 cum
546 2657 708 2739 gerebam,
730 2677 794 2720 non
815 2657 893 2721 mibi
915 2676 1017 2732 mors,
1049 2675 1112 2718 non
1135 2655 1282 2718 exsilium
1305 2655 1345 2718 ob
1367 2654 1475 2718 oculos
1496 2654 1642 2719 versaba-

324 2753 396 2814 tnrt
421 2770 486 2814 non
506 2749 585 2814 baec
604 2750 745 2840 denique
767 2772 786 2815 a
807 2771 857 2814 me
878 2758 944 2814 tum
967 2757 1125 2834 tamquam
1145 2748 1210 2813 lata
1230 2749 1263 2811 in
1284 2748 1355 2832 ipsa
1375 2768 1409 2811 re
1432 2748 1571 2832 gerenda
1591 2769 1642 2814 ca·

324 2844 501 2909 nebanturt
521 2846 569 2907 An
592 2850 659 2908 erat
680 2844 757 2907 mibi
777 2845 812 2907 in
833 2852 919 2908 tanto
942 2843 1030 2908 luctu
1051 2864 1207 2918 mmmm,
1230 2850 1315 2907 tanta
1337 2841 1543 2918 diiunctione,
1557 2849 1643 2906 tanta

324 2938 511 3013 acerbitate,
539 2943 625 3002 tanta
654 2936 842 3022 spoliatione
864 2938 1004 3001 omnium
1026 2958 1147 3012 rerum,
1180 2937 1356 3020 quaemihi
1379 2944 1435 3000 aut
1455 2943 1568 3001 natura
1587 2943 1643 3001 aut

323 3031 450 3096 fortuna
478 3031 624 3106 dederat,
651 3033 715 3096 vita
741 3031 927 3095 retinenda?
956 3038 1019 3095 tam
1046 3051 1130 3095 eram
1158 3030 1262 3107 rudis,
1291 3038 1355 3094 mm
1376 3031 1504 3113 ignarus
1525 3051 1641 3103 rerum,

286 3132 389 3189 wtam
418 3144 531 3208 expers
560 3124 684 3189 consilii
709 3132 763 3190 aut
783 3125 930 3209 ingenili
963 3125 1042 3188 nibil
1070 3125 1247 3199 audieram,
1274 3123 1355 3188 nibil
1380 3123 1535 3201 videram,
1562 3123 1642 3189 nihil

324 3219 393 3303 ipse
421 3216 556 3300 legendo
588 3219 835 3303 quaerendoque
857 3221 1088 3303 cognoveram?
1117 3218 1296 3283 nesciebam
1317 3219 1402 3284 vitae
1422 3218 1549 3282 brevem
1572 3236 1642 3282 esse

325 3331 463 3385 cursuum,
485 3310 604 3393 gloriae
626 3314 875 3396 sempitemum‘t
897 3333 968 3376 cum
991 3320 1075 3376 esset
1096 3312 1241 3376 omnibus
1263 3311 1392 3376 definita
1410 3332 1510 3387 mors,
1532 3319 1644 3396 optan-

324 3404 401 3466 dum
429 3423 515 3479 esse,
547 3411 583 3469 ut
609 3406 689 3481 vita,
719 3426 800 3490 quae
831 3405 1013 3469 necessitati
1041 3406 1226 3479 deberetur,
1256 3405 1377 3491 patriae
1397 3408 1504 3488 potius
1527 3405 1643 3471 donata

325 3515 419 3579 quam
440 3505 598 3562 reservata
619 3506 750 3563 naturae
764 3500 945 3562 videretur?
966 3498 1145 3562 nesciebam
1167 3499 1251 3561 inter
1271 3498 1521 3582 sapientissimos
1541 3498 1643 3564 bomi-

287 3602 381 3654 sones
402 3589 484 3654 hane
498 3592 734 3656 contentionem
746 3592 861 3666 fuisse,
879 3600 914 3655 ut
928 3592 982 3654 alii
998 3591 1139 3655 dicerent
1152 3591 1273 3656 animos
1287 3592 1451 3656 bominum
1465 3611 1643 3677 sensusque

324 3690 422 3748 morte
444 3684 615 3768 restingui,
643 3686 697 3750 alii
726 3693 832 3750 autem
854 3693 921 3750 tum
943 3691 1065 3748 mentes
1087 3688 1221 3749 maxime
1245 3687 1435 3770 sapientium
1455 3707 1492 3752 ae
1512 3686 1642 3752 fortium

322 3777 472 3854 virorum,
494 3797 567 3841 cum
581 3799 622 3842 ex
636 3782 768 3863 corpore
783 3779 1002 3853 excessissent,
1024 3780 1140 3842 sentire
1155 3799 1191 3844 ae
1207 3780 1338 3862 vigeret
1361 3799 1495 3864 quorum
1509 3780 1642 3845 alterum

322 3870 507 3955 fugiendum
527 3891 592 3936 non
613 3892 694 3949 esse,
716 3892 823 3938 carere
844 3893 949 3948 sensu,
964 3871 1097 3936 alterum
1117 3873 1211 3937 etiam
1226 3872 1407 3958 optandum,
1424 3873 1555 3938 meliore
1570 3893 1641 3938 esse

388 4212 412 4265 l.
431 4211 621 4262 denuntiaretur
637 4211 700 4260 PG:
719 4209 925 4259 monumentor
940 4209 985 4258 a0
999 4234 1026 4244 -
1044 4210 1069 4258 Ξ.
1087 4209 1221 4272 suspitione
1237 4211 1256 4258 P
1272 4235 1299 4244 -
1318 4209 1342 4259 3.
1361 4214 1461 4271 opstare
1475 4210 1495 4259 P
1509 4235 1535 4243 -
1554 4208 1643 4261 l-aii-

323 4297 396 4347 quon
414 4299 486 4336 cumn
507 4288 538 4336 P:
564 4298 637 4336 sewu
658 4283 766 4344 ducem
788 4285 838 4334 GO
857 4311 884 4321 —
911 4284 935 4332 7.
955 4296 1031 4345 poam
1052 4285 1079 4333 id
1094 4286 1114 4333 l.
1133 4285 1166 4333 ll.
1186 4285 1317 4334 Gesnerus
1343 4282 1384 4346 (cl.
1404 4281 1487 4335 Madv.
1506 4295 1533 4346 p.
1552 4283 1599 4334 378
1616 4287 1643 4334 et

323 4359 451 4411 Wesenb.
470 4374 496 4425 p.
515 4361 569 4423 28):
593 4372 669 4422 quom
689 4373 740 4407 noo
761 4358 788 4407 id
803 4359 896 4417 PGO,
920 4357 991 4421 quod
1010 4362 1098 4409 tuetur
1114 4360 1280 4409 Hermannus
1296 4371 1323 4422 p.
1343 4359 1369 4408 ll
1390 4356 1448 4408 loeo
1466 4358 1543 4409 Caes.
1562 4358 1596 4409 de
1612 4357 1640 4409 b.

324 4433 387 4485 Gall.
405 4435 465 4497 vn,
484 4436 529 4494 ll;
553 4437 581 4484 et
600 4432 717 4485 debebat
737 4431 809 4483 locos
830 4431 925 4482 afferre
947 4433 973 4482 in
996 4432 1093 4496 quibus
1115 4433 1275 4497 postposui
1298 4433 1418 4496 sequitur
1434 4445 1511 4494 qums
1526 4448 1577 4485 oon
1592 4449 1641 4500 pro

323 4519 401 4568 onom
416 4513 445 4559 st
459 4507 502 4560 vel
519 4521 596 4570 quom
613 4520 674 4559 cum
692 4507 868 4558 coniunctius.
883 4533 910 4543 -
929 4507 954 4557 8.
972 4507 1119 4569 inperitabat
1134 4508 1154 4556 P
1167 4534 1194 4544 -
1213 4508 1237 4557 9.
1256 4511 1283 4556 ot
1298 4507 1370 4573 does]
1388 4512 1416 4556 at
1431 4507 1457 4558 oi
1473 4508 1543 4561 lere
1554 4522 1581 4574 p.
1594 4509 1640 4570 te;

324 4586 352 4630 ct
366 4583 406 4643 vi,
424 4587 452 4632 ot
467 4582 531 4633 ciues
547 4583 615 4633 coni.
627 4579 754 4643 Koechly.
769 4607 796 4615 -
815 4585 843 4630 at
858 4580 890 4630 ab
906 4594 935 4633 eo
950 4587 1051 4633 ennete
1065 4584 1165 4647 petente
1182 4581 1303 4633 lambe
1322 4580 1393 4644 cod,
1411 4583 1441 4633 nt
1457 4583 1505 4646 slt;
1524 4589 1552 4635 ot
1567 4583 1600 4636 ob
1615 4599 1643 4636 eo

319 4656 421 4717 prium
438 4655 724 4720 amestowesenberg.
740 4681 767 4690 -
787 4657 828 4707 lt).
846 4656 921 4705 mom
937 4670 986 4706 cor.
1004 4670 1058 4708 rem
1071 4671 1098 4721 p.
1111 4660 1175 4709 Pe:
1192 4670 1247 4708 rem
1260 4672 1288 4722 p.
1305 4658 1382 4709 etiem
1396 4658 1483 4709 corrui
1495 4661 1584 4711 a0—
1600 4662 1643 4725 poi

251 4768 254 4773 .
322 4734 473 4790 mpereeeeot
489 4732 508 4780 P
526 4730 583 4792 (sed
599 4745 617 4781 o
634 4732 698 4782 mi
716 4729 827 4793 deletui:
846 4731 906 4792 quid
921 4738 1055 4794 aperered
1071 4734 1130 4783 GO.
1157 4734 1305 4784 «sententia
1321 4733 1390 4785 baec
1406 4734 1460 4784 est:
1480 4737 1503 4786 si
1518 4736 1581 4788 vieti
1598 4750 1643 4789 es-

323 4804 382 4852 sent
398 4801 475 4864 boni,
494 4803 556 4854 nulli
573 4806 745 4868 superessent
763 4804 812 4854 nisi
829 4802 961 4867 Clodiani,
988 4807 1005 4857 i.
1025 4819 1048 4857 e.
1066 4808 1151 4868 servi,
1178 4807 1316 4870 conducti,
1342 4808 1496 4873 facinorosi,
1523 4813 1641 4876 egentes,

323 4875 437 4940 denique
454 4877 513 4929 luex
530 4877 624 4943 plebis,
643 4892 695 4943 qus
707 4878 858 4929 dominante
870 4893 910 4931 rer
924 4894 951 4943 p.
963 4882 1034 4932 πυτία
1047 4888 1120 4942 σωκ
1141 4883 1173 4934 cl.
1187 4883 1202 4948 Ε
1214 4884 1242 4934 81
1258 4886 1285 4935 et
1296 4883 1342 4945 ll,
1361 4883 1487 4935 dedomo
1499 4897 1547 4937 sua
1559 4885 1641 4951 589.»

322 4951 480 5002 Wssnnsnno
496 4965 523 5016 p.
541 4954 582 5004 63.
602 4980 628 4990 -
648 4955 688 5003 lt.
706 4967 787 5004 conoe
803 4955 866 5005 PG:
893 4970 943 5006 non
960 4958 980 5007 0
999 4984 1026 4992 —
1044 4970 1098 5008 rem
1111 4972 1138 5021 p.
1157 4960 1178 5009 G
1194 4961 1221 5009 et
1238 4962 1256 5010 Ρ
1273 4973 1342 5010 corr.
1361 4973 1397 5011 m.
1416 4960 1445 5010 i:
1471 4973 1518 5011 reo
1533 4960 1572 5024 P¹,
1589 4973 1643 5012 reta

322 5027 342 5076 P
358 5039 427 5076 corr.
442 5039 478 5077 m.
490 5029 582 5078 vetere
599 5030 625 5078 et
642 5029 671 5078 0.
698 5029 837 5079 Diversum
855 5033 896 5081 est
912 5032 1049 5083 Liuianum
1065 5031 1128 5083 illud
1144 5047 1183 5084 rer
1200 5034 1234 5084 ed
1250 5035 1353 5085 triarios
1368 5034 1456 5096 rediit,
1475 5034 1540 5085 item
1555 5034 1641 5098 locus,

321 5113 402 5165 quem
418 5103 487 5152 Bake
504 5116 531 5167 p.
549 5103 581 5153 80
597 5101 682 5154 attulit
698 5117 731 5154 er
747 5118 789 5169 ep.
808 5105 841 5155 ad
859 5108 911 5156 Att.
930 5106 972 5168 lV,
991 5107 1035 5165 se.
1053 5121 1093 5157 res
1108 5109 1164 5173 {tud
1179 5110 1214 5159 od
1230 5109 1413 5174 interceptum,
1432 5109 1467 5160 de
1480 5107 1540 5163 loco
1552 5114 1641 5162 sutem

321 5188 360 5227 or.
373 5175 407 5226 de
424 5176 504 5227 domo
521 5190 569 5227 sua
581 5177 596 5241 5
608 5178 640 5227 92
651 5190 760 5242 usupra
772 5192 797 5242 p.
811 5180 867 5240 887,
881 5181 906 5230 i.
922 5207 947 5216 -
965 5182 1124 5233 emturum
1137 5181 1236 5249 (litteris
1247 5186 1273 5235 di
1289 5185 1434 5249 expunctis)
1447 5187 1467 5236 P
1480 5213 1507 5222 -
1524 5185 1564 5238 lb.
1583 5187 1643 5249 quid

321 5250 395 5300 tran?
411 5252 571 5315 interpnnglt
586 5252 650 5302 Rau.
672 5280 699 5288 -
719 5252 758 5303 ll.
777 5255 822 5304 itta
839 5268 900 5305 cum
916 5269 929 5306 r
945 5268 1004 5320 sup.
1022 5254 1067 5306 lin.
1086 5258 1105 5307 P
1123 5283 1150 5293 -
1174 5260 1213 5311 se.
1232 5261 1336 5311 erilium
1351 5263 1414 5320 PG;
1438 5263 1544 5313 critiam
1559 5262 1643 5314 iloto·

322 5336 417 5376 manus
434 5327 462 5376 et
477 5327 507 5376 0.
524 5327 559 5377 ll.
577 5325 717 5377 bluellerus
733 5328 810 5390 prob.
828 5329 958 5394 Madvigio
981 5343 1007 5395 p.
1026 5329 1074 5383 lbi
1091 5345 1133 5396 sq.
1151 5337 1179 5385 et
1194 5335 1386 5400 Wesenbergio
1402 5349 1429 5400 p.
1448 5337 1488 5388 ss.
1510 5362 1537 5373 -
1555 5348 1643 5388 verse

321 5397 396 5450 butor
407 5402 441 5450 G:
458 5399 611 5451 wandator-
620 5402 653 5462 1>;
670 5402 836 5454 sermonem
847 5405 867 5454 0
879 5430 906 5440 -
926 5405 967 5455 46.
980 5417 998 5454 o
1013 5417 1052 5456 me
1068 5411 1148 5457 tutum
1166 5407 1220 5471 (litt.
1234 5415 1262 5460 to
1272 5409 1404 5476 prioribus
1416 5409 1562 5475 expunctis)
1578 5411 1599 5461 P
1611 5435 1640 5448 -·

320 5472 474 5524 eosebmttor
490 5476 551 5525 G—
571 5476 611 5525 li.
629 5476 656 5526 io
672 5481 741 5528 tosto
759 5481 779 5528 G
796 5493 864 5530 corr.
878 5493 911 5531 ex
927 5481 1032 5531 intecto.
1048 5506 1075 5516 -
1094 5495 1180 5533 eonon
1196 5486 1254 5535 P¹G
1273 5512 1299 5524 -
1319 5485 1527 5536 dliuesctiooeP1:
1547 5485 1643 5536 dietae

320 5547 400 5599 done
410 5545 497 5600 P¹GO
509 5577 537 5589 -
556 5550 596 5601 te.
609 5553 719 5603 mnium
733 5555 752 5604 P
764 5568 833 5606 corr.
846 5569 879 5607 er
890 5557 957 5606 cousi
975 5583 1002 5593 -
1022 5556 1061 5606 49.
1075 5561 1157 5608 moseo
1175 5556 1229 5623 (litt.
1242 5572 1273 5610 en
1284 5558 1430 5624 expunctis)
1447 5572 1519 5611 wem
1534 5562 1563 5621 P,
1581 5558 1640 5610 lort.

322 5636 355 5674 ex
371 5629 454 5677 mneos
469 5638 549 5676 wem.
563 5650 591 5662 -
609 5628 650 5678 20.
663 5633 747 5680 umen
764 5627 819 5694 (litt.
832 5643 863 5682 en
873 5632 1019 5697 expunctis)
1038 5644 1126 5693 cepere
1142 5636 1201 5684 Ρ-
1220 5635 1261 5686 25.
1278 5640 1308 5685 ot
1323 5635 1368 5684 otii
1379 5660 1418 5673 ·-
1428 5633 1512 5699 cipere
1526 5632 1642 5685 habeta

324 5721 352 5732 -
364 5708 448 5748 amatr
463 5712 517 5750 om.
534 5701 556 5750 Α
574 5725 601 5736 -
619 5702 661 5752 26.
679 5709 770 5755 metue
784 5707 895 5756 memore
911 5708 946 5757 A:
964 5707 1076 5757 macene
1090 5713 1180 5758 mente
1196 5710 1289 5770 Po0;
1308 5708 1341 5760 cl.
1360 5707 1429 5760 Lael.
1448 5707 1463 5772 fi
1481 5707 1526 5759 t3:
1545 5708 1642 5758 onium

321 5771 448 5824 bonomium
467 5786 518 5834 erse
533 5775 630 5826 diebos
644 5777 733 5840 iirpoe,
755 5791 812 5830 aare
827 5786 860 5832 'er
875 5794 979 5845 corpore
995 5782 1162 5845 maereat,
1184 5783 1292 5834 reditum
1311 5783 1338 5833 lo
1358 5782 1454 5834 cadum
1472 5788 1560 5845 patere
1576 5781 1642 5846 opti·

324 5859 413 5912 ΜΝ
427 5854 452 5902 et
466 5850 598 5903 moeno
613 5851 702 5916 saiw
717 5854 933 5918 meditatim.
953 5882 983 5897 -
1000 5857 1044 5911 27.
1060 5867 1094 5910 oo
1109 5856 1237 5912 Klotsius:
1255 5870 1284 5912 eo
1299 5852 1372 5919 AP¹3
1390 5870 1404 5912 e
1419 5855 1516 5912 Pae.
