3800 7350
314 1209 378 1283 998
725 1215 877 1285 eramo
898 1218 942 1287 Ill
963 1220 998 1287 P.
1019 1218 1219 1285 varmum

313 1385 388 1454 llum
415 1388 621 1472 praeteritum
651 1387 842 1472 permoleste
873 1387 1004 1464 tulisse,
1037 1386 1133 1472 quod'
1150 1388 1183 1451 in
1211 1387 1339 1452 bomine
1367 1408 1521 1452 summam
1547 1385 1643 1452 fidem

312 1483 565 1568 probitatemque
586 1487 769 1566 cognosset,
800 1482 1000 1566 graviterque
1024 1483 1118 1546 etiam
1140 1502 1174 1546 se
1195 1482 1278 1546 ierre
1299 1489 1478 1567 praetorem
1502 1481 1642 1564 aliquem

313 1597 384 1644 cose
404 1576 537 1651 iactum,
560 1577 616 1660 qui
637 1595 657 1639 a
678 1576 743 1640 suis
764 1576 941 1639 rationibus
964 1577 1187 1640 dissensissetl
1210 1585 1277 1641 tum
1292 1577 1456 1660 quaesisse
1471 1574 1648 1659 quendam,

313 1672 353 1737 de
375 1671 499 1735 Vatinio
523 1690 618 1755 quem
639 1671 680 1733 ad
701 1669 830 1735 modum
852 1669 969 1745 ferret3
992 1671 1096 1752 ipsum
1118 1671 1332 1754 respondisse,
1347 1671 1509 1733 Vatinium
1531 1671 1565 1733 in
1586 1671 1644 1733 tri-

288 1781 305 1835 s
311 1767 430 1830 barnatu
448 1764 545 1848 gratis
559 1763 639 1827 nihil
654 1763 785 1839 fecisse3
809 1764 865 1848 qui
880 1766 987 1826 omnia
1001 1764 1035 1827 in
1050 1766 1186 1846 pecunia
1203 1765 1377 1849 posuisset,
1400 1763 1521 1827 bonore
1536 1763 1642 1827 animo

311 1878 415 1944 aequo
438 1877 544 1921 carere
566 1857 691 1922 debere.
734 1855 786 1920 39.
809 1856 904 1934 Quod
926 1858 953 1920 si
976 1858 1063 1941 ipse,
1085 1859 1140 1943 qui
1163 1866 1193 1922 te
1209 1878 1286 1921 suae
1304 1857 1462 1941 dignitatis
1476 1857 1643 1942 augendae
1668 1918 1671 1920 e

312 1973 408 2019 causa
427 1952 570 2036 periculo
591 1958 664 2027 tuo,
686 1952 776 2015 nullo
799 1971 858 2015 suo
874 1951 1008 2028 delicto,
1029 1952 1104 2017 ferri
1125 1952 1331 2036 praecipitem
1348 1960 1397 2015 est
1410 1951 1504 2014 facile
1519 1970 1642 2034 passus,

311 2053 417 2112 tamen
438 2053 470 2110 te
492 2048 578 2111 omni
599 2046 721 2111 bonore
742 2046 1001 2128 indignissimum
1022 2047 1159 2123 iudicat3
1182 2049 1209 2110 si
1230 2055 1262 2109 te
1284 2046 1398 2121 vicini,
1421 2046 1449 2108 si
1470 2044 1593 2119 affines,
1615 2047 1643 2108 si

311 2140 444 2207 obstes
470 2141 515 2204 ita
543 2140 696 2216 oderunt,
723 2148 759 2203 ut
788 2140 948 2223 repulsam
971 2147 1057 2204 tuam
1079 2141 1276 2225 triumphum
1299 2160 1393 2203 suum
1416 2137 1584 2214 duxerint3
1614 2137 1642 2201 si
1684 2172 1686 2178 ·

274 2253 406 2307 renemo
427 2234 561 2319 adspicit
581 2234 661 2319 quin
682 2235 884 2317 ingemiscat,
913 2254 1007 2298 nemo
1028 2236 1223 2299 mentionem
1244 2234 1320 2298 iacit
1341 2235 1419 2317 quin
1442 2223 1642 2308 exsecratum

312 2332 339 2395 si
358 2329 476 2404 ritant,
503 2327 646 2412 fugiunt,
674 2329 784 2392 audire
807 2329 847 2392 de
869 2335 901 2391 te
923 2328 1053 2404 nolunt,
1075 2349 1146 2392 cum
1168 2329 1331 2403 viderunt,
1353 2337 1514 2411 tamquam
1535 2324 1643 2407 auspi-

311 2426 396 2489 cium
416 2424 534 2488 malum
554 2422 768 2499 detestantur3
790 2424 818 2487 si
833 2424 960 2505 cognati
975 2429 1140 2505 respuunt,
1162 2422 1294 2485 tribules
1310 2427 1524 2493 exsecrantur,
1545 2417 1643 2483 uicini

310 2524 468 2591 metuunt,
489 2514 601 2580 affines
623 2517 829 2591 erubescunt,
857 2523 995 2580 strumae
1018 2516 1157 2600 denique
1179 2516 1219 2581 ab
1242 2535 1298 2580 ore
1319 2516 1464 2599 improbo
1486 2513 1643 2596 demigra-

310 2619 386 2675 runt
406 2618 438 2674 ct
457 2610 530 2674 aliis
552 2611 614 2674 iam
636 2630 671 2673 se
692 2611 771 2674 locis
792 2610 1005 2687 collocarunt;
1026 2612 1054 2674 si
1077 2631 1111 2674 es
1133 2612 1239 2674 adium
1261 2610 1422 2695 publicum
1444 2606 1568 2692 populi,
1590 2627 1642 2671 ee·

275 2723 303 2774 rt
312 2711 422 2781 natus,
443 2705 665 2769 universorum
685 2703 849 2769 bominum
870 2704 1118 2768 rusticanorum:
1140 2704 1218 2789 quid
1239 2711 1288 2767 est
1303 2724 1397 2788 quam
1412 2703 1535 2768 obrem
1550 2719 1642 2784 prae·

310 2808 414 2865 turam
435 2800 539 2882 potius
560 2807 693 2881 exoptes
716 2818 811 2883 quam
831 2800 987 2862 morteml
1009 2800 1194 2882 praesertim
1214 2818 1285 2862 cum
1307 2798 1494 2882 popularem
1515 2801 1546 2857 te
1562 2793 1641 2858 velis

312 2912 383 2959 esse
403 2912 509 2976 neque
530 2893 597 2957 ulla
617 2914 652 2957 re
673 2892 794 2978 populo
814 2894 933 2976 gratius
955 2892 1058 2956 iacere
1080 2894 1195 2976 possis.

396 2982 449 3051 40.
471 2986 534 3051 Sed
560 2994 597 3050 ut
624 2986 797 3070 aliquando
820 2987 1002 3062 audiamus,
1033 3007 1127 3071 quam
1150 2988 1279 3070 copiose
1301 2988 1377 3052 mihi
1399 2987 1440 3051 ad
1461 2993 1571 3071 rogata
1591 3007 1643 3050 re·

312 3080 486 3167 spondeas,
507 3080 695 3145 concludam
716 3080 779 3152 iarn
801 3081 1080 3164 interrogationem
1101 3101 1203 3145 meam
1223 3088 1320 3165 teque
1333 3084 1366 3145 in
1376 3087 1526 3145 ·extremo
1540 3100 1642 3164 pauca

274 3176 353 3245 rode
373 3175 444 3257 ipsa
467 3194 563 3238 causa
583 3175 713 3257 rogabo.
755 3175 853 3238 xv11.
876 3173 1031 3255 eraero,¹
1049 3195 1133 3258 quae
1160 3184 1247 3239 tanta
1275 3176 1309 3238 in
1331 3183 1363 3238 te
1384 3176 1526 3250 vanitas,
1554 3182 1643 3238 tanta

311 3270 425 3336 levitas
444 3267 559 3343 fuerit,
580 3275 617 3331 ut
638 3268 671 3330 in
692 3267 753 3332 hoc
775 3268 893 3331 iudicio
917 3270 953 3330 T.
975 3268 1114 3331 annium
1136 3268 1238 3333 isdem
1260 3270 1365 3333 verbis
1387 3268 1549 3344 laudares,
1571 3269 1643 3352 qui·

310 3365 371 3429 bus
399 3382 473 3426 eum
494 3362 599 3426 verbis
620 3361 751 3424 laudare
774 3370 806 3424 et
826 3361 904 3424 boni
923 3362 986 3447 riri
1008 3369 1040 3425 et
1065 3362 1141 3425 boni
1163 3365 1249 3426 cives
1272 3370 1482 3437 consuerunt,
1515 3382 1586 3427 cum
1607 3363 1641 3425 in

312 3457 449 3523 eundem
469 3475 573 3539 nuper
593 3456 633 3518 ab
655 3456 766 3519 eadem
787 3456 843 3519 illa
865 3456 1044 3519 taeterrima
1064 3456 1149 3520 iuria
1169 3458 1343 3539 productus
1364 3457 1405 3520 ad
1422 3457 1572 3541 populum
1588 3477 1642 3520 cu·

311 3550 477 3635 pidissimc
502 3548 616 3613 falsum
643 3550 860 3613 testimonium
889 3550 1036 3612 dixeris?
1076 3552 1124 3613 bn
1156 3553 1216 3614 erit
1235 3551 1315 3614 haec
1337 3552 1425 3635 optio
1448 3558 1480 3614 et
1500 3559 1641 3634 potestas

274 3650 382 3720 rstna,
403 3650 454 3719 ut,
477 3663 548 3707 cum
572 3645 738 3709 Clodianas
761 3663 874 3729 operas
897 3652 929 3708 et
948 3643 1197 3710 iacinomsorum
1218 3643 1385 3709 bominum
1400 3652 1431 3709 et
1445 3645 1641 3729 perditorum

310 3759 437 3803 manum
459 3739 588 3812 videris,
609 3739 759 3802 Milonem
781 3739 878 3815 dicas,
900 3739 933 3802 id
948 3739 1036 3822 quod
1059 3741 1093 3803 in
1108 3741 1254 3803 contione
1271 3739 1391 3814 dixisti,
1414 3738 1640 3822 gladiatoribus

311 3841 344 3898 et
363 3832 521 3898 bestiariis
542 3832 706 3896 obsedisse
727 3833 991 3917 rempublicam,
1014 3853 1087 3896 cum
1106 3840 1212 3896 autem
1235 3835 1275 3896 ad
1299 3833 1379 3897 tales
1401 3834 1484 3896 viros
1505 3834 1640 3907 veneris,

309 3928 515 3992 nonaudeas
535 3929 636 3990 civem
657 3926 810 4012 singulari
830 3927 957 4000 virtute,
979 3922 1052 4002 fide,
1075 3928 1254 3992 constantia
1268 3927 1471 4010 vituperaret
1498 3922 1550 3989 ll.
1566 3926 1640 4001 Sed,

310 4044 381 4087 cum
403 4023 439 4084 T.
460 4020 596 4084 Annium
625 4027 712 4085 tanto
739 4041 835 4105 opere
867 4021 976 4084 laudes
998 4028 1030 4084 et
1052 4022 1227 4085 clarissimo
1249 4022 1318 4085 viro
1342 4041 1408 4084 non
1430 4020 1550 4104 nullam
1571 4021 1641 4086 lau·

273 4116 438 4186 sedatione
460 4121 513 4178 tua
534 4114 712 4178 labeculam
740 4114 912 4200 adspergas
934 4116 1031 4177 -in
1053 4115 1178 4179 illorum
1201 4116 1285 4179 enim
1308 4135 1440 4179 numero
1462 4115 1583 4178 mavult
1603 4117 1640 4186 T.

271 4284 274 4288 ⁵
309 4209 432 4273 Annius
453 4227 540 4283 esse,
563 4208 617 4292 qui
638 4228 656 4272 a
678 4215 710 4273 te
731 4209 953 4294 vituperantur
974 4231 1032 4271 -ε
1055 4228 1164 4273 verum
1186 4217 1293 4272 umen
1316 4228 1445 4293 quaero,
1468 4231 1540 4275 cum
1557 4211 1640 4275 inre

309 4302 437 4389 publica
458 4301 707 4366 administranda
727 4304 764 4366 T.
786 4303 891 4367 Annio
914 4324 987 4366 cum
1015 4304 1048 4365 P.
1071 4303 1175 4366 Sestio
1199 4303 1404 4367 consiliorum
1425 4305 1567 4369 omnium
1589 4326 1640 4370 so·

310 4399 406 4462 cistas
426 4396 524 4459 fuerit
543 4429 586 4443 -
606 4396 639 4459 id
662 4397 749 4481 quod
772 4418 838 4461 non
859 4398 961 4461 solum
983 4397 1157 4471 bonorum,
1179 4398 1402 4461 verumetiam
1423 4398 1640 4482 improborum

309 4491 426 4555 iudicio
449 4490 642 4554 declaratum
664 4499 731 4567 est;
754 4499 803 4555 est
824 4492 908 4554 enim
930 4512 1004 4554 reus
1026 4500 1159 4574 uterque
1182 4490 1222 4554 ob
1245 4491 1380 4554 eandem
1397 4510 1522 4557 causam
1538 4500 1571 4556 et
1584 4512 1640 4557 eo·

272 4586 382 4655 aedem
410 4585 556 4649 criminer
585 4585 666 4649 alter
691 4585 743 4648 die
770 4584 853 4649 dicta
882 4585 922 4648 ab
944 4606 999 4662 eo,
1028 4604 1121 4669 quem
1145 4592 1180 4649 tu
1202 4606 1300 4649 unum
1322 4586 1546 4671 improbiorem
1568 4608 1638 4653 esse

375 4864 399 4914 4.
415 4863 538 4914 hamera
554 4864 576 4912 G
594 4886 622 4899 -
640 4863 665 4913 Ξ.
677 4866 805 4927 cognoamt
821 4861 863 4923 G¹‚
881 4868 1037 4927 cognesceret
1053 4861 1084 4913 G²
1097 4890 1123 4900 -
1142 4863 1303 4928 graviterque
1313 4890 1350 4901 --
1362 4865 1510 4917 domet
1525 4865 1638 4920 habeta

309 4941 337 4991 et
352 4936 448 4989 deinde
465 4935 536 4987 timu
551 4939 608 5002 (sict
626 4939 924 5001 respondisse--sectsse
942 4965 969 4975 -
993 4941 1017 4990 5.
1037 4941 1063 4989 ta
1076 4941 1184 5002 perarata
1196 4945 1279 5002 posset
1296 4942 1317 4989 G
1335 4967 1363 4977 -
1381 4941 1436 4992 8et
1448 4941 1487 4992 43.
1507 4943 1637 5008 cartam

311 5041 338 5052 -
357 5014 398 5065 40.
416 5014 505 5076 aspicit
519 5014 569 5064 PG
588 5039 615 5048 -
635 5014 678 5075 qai
693 5028 744 5064 aaa
761 5017 781 5064 G
799 5039 827 5048 -
851 5015 1002 5077 ingemescat
1018 5012 1047 5066 Ρι
1065 5040 1092 5049 -
1118 5016 1161 5078 qui
1177 5029 1226 5064 aaa
1242 5017 1411 5066 coarctaret}
1430 5042 1457 5052 -
1476 5016 1517 5066 44.
1536 5018 1636 5069 deam

308 5089 400 5142 lamb.
420 5115 448 5125 -
466 5087 694 5151 tarascona?
713 5117 740 5126 -
764 5089 804 5140 ta.
822 5095 976 5140 eaeeramw
993 5092 1014 5141 G
1031 5116 1058 5126 -
1084 5089 1124 5140 43.
1142 5095 1236 5140 metant
1252 5088 1281 5141 P¹
1299 5116 1327 5126 -
1345 5095 1456 5141 araneae
1472 5090 1573 5142 habent
1588 5095 1638 5144 PG

310 5190 338 5203 -
357 5163 397 5216 ll.
414 5164 576 5214 malcomum
592 5166 656 5214 P-
671 5165 807 5221 sie.sP-
826 5165 866 5214 to,
884 5165 1093 5216 bomlcernP1-
1112 5165 1172 5227 quid
1187 5167 1234 5216 esi
1250 5168 1311 5217 P-
1330 5166 1370 5214 47.
1388 5165 1442 5216 alta
1458 5178 1486 5216 ro
1502 5169 1567 5217 PG:
1584 5167 1640 5218 ulla

306 5242 335 5292 te
349 5254 379 5292 re
395 5242 427 5300 03
446 5253 471 5290 v.
491 5239 576 5291 Madv.
594 5253 621 5305 p.
639 5240 696 5290 4423.
716 5266 744 5275 -
768 5240 808 5290 48.
825 5239 887 5289 mibi
907 5240 932 5290 in
952 5242 973 5289 G
989 5253 1047 5304 sup.
1066 5239 1110 5290 lin.
1131 5268 1159 5276 —
1177 5255 1242 5305 roga
1258 5239 1287 5293 P¹
1303 5269 1336 5278 -
1361 5242 1402 5292 49.
1421 5242 1552 5304 tequeala
1569 5245 1589 5294 P
1607 5269 1635 5280 -

308 5317 350 5368 so.
367 5314 464 5382 rogabo
480 5316 507 5365 in
524 5318 543 5368 P
561 5327 597 5367 m.
616 5316 632 5365 2
649 5317 799 5366 recentiore
817 5313 970 5379 suppletum
987 5317 1044 5366 est:
1063 5315 1123 5366 vide
1140 5329 1174 5367 ne
1191 5316 1350 5380 interrogabo
1367 5319 1427 5381 post
1443 5322 1514 5378 teque
1529 5318 1638 5369 interci-

308 5392 386 5444 derit.
406 5416 435 5428 ·-
458 5392 500 5441 at.
518 5392 594 5442 ladem
610 5392 648 5442 G:
667 5393 755 5445 eadm
771 5394 805 5451 P;
830 5391 916 5440 ltrdem
932 5390 952 5440 0
971 5416 999 5425 -
1025 5391 1066 5440 44.
1084 5404 1140 5441 eam
1155 5391 1236 5442 uerbis
1251 5394 1315 5443 PG:
1339 5391 1421 5441 sarbia
1436 5406 1492 5442 eum
1508 5394 1558 5444 LO
1575 5407 1638 5445 eum

308 5466 351 5521 ed.
369 5468 451 5530 Νοῦς.
470 5491 498 5502 -
517 5465 558 5516 2³.
577 5465 609 5514 ab
625 5465 673 5515 illa
691 5468 753 5528 tom.
767 5465 860 5527 eadem
871 5491 909 5502 ·-
921 5465 1060 5528 prodactae
1075 5465 1157 5516 babet
1174 5467 1196 5516 Α
1214 5492 1242 5503 -
1266 5467 1412 5516 lacuniara
1427 5469 1492 5518 AP:
1509 5469 1639 5519 teterrima

308 5542 358 5594 GO
376 5567 404 5579 -
427 5539 505 5606 Μο]
527 5541 619 5605 144444
639 5567 666 5578 ·-
685 5543 726 5592 25.
744 5547 768 5593 et
783 5545 803 5593 P
821 5553 890 5592 corr.
909 5554 943 5591 ex
959 5545 995 5590 set
1016 5566 1043 5575 -
1066 5541 1264 5604 facinorosam
1280 5544 1300 5593 P
1318 5567 1345 5577 —
1370 5542 1412 5592 27.
1430 5541 1544 5594 testans
1558 5547 1589 5596 P¹
1606 5567 1634 5582 -

226 5612 232 5625 ⁴
307 5617 423 5682 apetdtsee
438 5619 458 5668 P
476 5630 545 5668 corr.
557 5617 584 5666 in
602 5617 721 5678 opredtsse
736 5645 770 5655 -
784 5617 826 5667 29.
845 5621 914 5666 tanto
931 5614 1012 5680 epae]
1029 5616 1068 5666 sic
1084 5618 1147 5679 PG,
1165 5616 1258 5668 sedin
1274 5617 1296 5666 G
1311 5614 1393 5666 altera
1410 5631 1425 5667 o
1441 5621 1567 5681 punctata
1584 5623 1636 5671 est.

310 5722 338 5734 -
356 5693 571 5756 arsenarum
586 5693 657 5744 1²¹-
673 5704 761 5744 oerum
776 5697 859 5743 wareo
875 5705 969 5756 quaero
986 5689 1146 5741 Lambinus:
1165 5704 1255 5742 uerum
1270 5690 1472 5753 atarneoqaaero
1488 5697 1531 5753 P¹;
1549 5706 1638 5745 om

308 5770 385 5823 elac
399 5769 504 5830 leswe
521 5765 603 5830 (PP',
621 5766 670 5819 sed
688 5768 732 5818 bic
747 5768 882 5830 epam
905 5777 993 5817 venen
1009 5765 1202 5828 samanaeos
1219 5766 1251 5815 Gt
1267 5789 1295 5801 -
1313 5767 1502 5830 newsum
1517 5767 1636 5820 habeta

312 5839 1637 5905 -ssom..t-aaran-mtasom.a-33.saaG-tepratomr-³t.aar=

310 5931 358 5982 que
372 5931 432 5971 ress
446 5919 476 5970 G.
