<?xml version="1.0" encoding="UTF-8"?>
<!DOCTYPE html PUBLIC "-//W3C//DTD XHTML 1.0 Transitional//EN"
    "http://www.w3.org/TR/xhtml1/DTD/xhtml1-transitional.dtd">
<html xmlns="http://www.w3.org/1999/xhtml" xml:lang="en" lang="en">
 <head>
  <title>
</title>
<meta http-equiv="Content-Type" content="text/html;charset=utf-8" />
  <meta name='ocr-system' content='tesseract 3.04.00' />
  <meta name='ocr-capabilities' content='ocr_page ocr_carea ocr_par ocr_line ocrx_word'/>
</head>
<body>
  <div class='ocr_page' id='page_1' title='image "./operaquaesupers08halmgoog/operaquaesupers08halmgoog_0563.png"; bbox 0 0 3800 7350; ppageno 0'>
   <div class='ocr_carea' id='block_1_1' title="bbox 677 1226 1586 1317">
    <p class='ocr_par' dir='ltr' id='par_1_1' title="bbox 677 1226 1586 1317">
     <span class='ocr_line' id='line_1_1' title="bbox 677 1226 1586 1317; baseline -0.003 -18"><span class='ocrx_word' id='word_1_1' title='bbox 677 1235 750 1299; x_wconf 70' lang='lat' dir='ltr'><strong>or».</strong></span> <span class='ocrx_word' id='word_1_2' title='bbox 773 1235 931 1299; x_wconf 84' lang='lat' dir='ltr'><strong>rx-xr.</strong></span> <span class='ocrx_word' id='word_1_3' title='bbox 958 1232 1004 1317; x_wconf 74' lang='grc'><strong>44</strong></span> <span class='ocrx_word' id='word_1_4' title='bbox 1027 1232 1174 1299; x_wconf 75' lang='grc'><strong>44-44.</strong></span> <span class='ocrx_word' id='word_1_5' title='bbox 1503 1226 1586 1297; x_wconf 73' lang='lat' dir='ltr'><strong>taso</strong></span> 
     </span>
    </p>
   </div>
   <div class='ocr_carea' id='block_1_2' title="bbox 262 1403 1624 4202">
    <p class='ocr_par' dir='ltr' id='par_1_2' title="bbox 262 1403 1624 4202">
     <span class='ocr_line' id='line_1_2' title="bbox 263 1403 1586 1489; baseline -0.002 -21"><span class='ocrx_word' id='word_1_6' title='bbox 263 1404 443 1477; x_wconf 93' lang='lat' dir='ltr'><strong>oculorum,</strong></span> <span class='ocrx_word' id='word_1_7' title='bbox 465 1403 559 1477; x_wconf 92' lang='lat' dir='ltr'><strong>lucis,</strong></span> <span class='ocrx_word' id='word_1_8' title='bbox 582 1404 684 1478; x_wconf 91' lang='lat' dir='ltr'><strong>urhis,</strong></span> <span class='ocrx_word' id='word_1_9' title='bbox 705 1403 781 1468; x_wconf 82' lang='lat' dir='ltr'><strong>lorii</strong></span> <span class='ocrx_word' id='word_1_10' title='bbox 805 1425 899 1487; x_wconf 90' lang='lat' dir='ltr'><strong>quam</strong></span> <span class='ocrx_word' id='word_1_11' title='bbox 922 1405 1036 1467; x_wconf 88' lang='lat' dir='ltr'><strong>misera</strong></span> <span class='ocrx_word' id='word_1_12' title='bbox 1056 1404 1147 1487; x_wconf 86' lang='lat' dir='ltr'><strong>fugai</strong></span> <span class='ocrx_word' id='word_1_13' title='bbox 1172 1424 1264 1487; x_wconf 90' lang='lat' dir='ltr'><strong>quam</strong></span> <span class='ocrx_word' id='word_1_14' title='bbox 1279 1404 1387 1468; x_wconf 79' lang='lat' dir='ltr'><strong>foedat</strong></span> <span class='ocrx_word' id='word_1_15' title='bbox 1411 1424 1505 1489; x_wconf 91' lang='lat' dir='ltr'><strong>quam</strong></span> <span class='ocrx_word' id='word_1_16' title='bbox 1522 1411 1586 1467; x_wconf 86' lang='lat' dir='ltr'><strong>tur-</strong></span> 
     </span>
     <span class='ocr_line' id='line_1_3' title="bbox 262 1497 1586 1581; baseline 0 -22"><span class='ocrx_word' id='word_1_17' title='bbox 262 1498 326 1581; x_wconf 91' lang='lat' dir='ltr'><strong>pisl</strong></span> <span class='ocrx_word' id='word_1_18' title='bbox 354 1497 517 1561; x_wconf 81' lang='lat' dir='ltr'><strong>Praeclara</strong></span> <span class='ocrx_word' id='word_1_19' title='bbox 546 1505 648 1561; x_wconf 90' lang='lat' dir='ltr'><strong>tamen</strong></span> <span class='ocrx_word' id='word_1_20' title='bbox 678 1508 805 1561; x_wconf 87' lang='lat' dir='ltr'><strong>senatus</strong></span> <span class='ocrx_word' id='word_1_21' title='bbox 836 1498 978 1561; x_wconf 90' lang='lat' dir='ltr'><strong>consulta</strong></span> <span class='ocrx_word' id='word_1_22' title='bbox 1000 1498 1055 1561; x_wconf 93' lang='lat' dir='ltr'><strong>illo</strong></span> <span class='ocrx_word' id='word_1_23' title='bbox 1077 1500 1147 1581; x_wconf 94' lang='lat' dir='ltr'><strong>ipso</strong></span> <span class='ocrx_word' id='word_1_24' title='bbox 1169 1498 1220 1561; x_wconf 91' lang='lat' dir='ltr'><strong>die</strong></span> <span class='ocrx_word' id='word_1_25' title='bbox 1243 1498 1437 1580; x_wconf 82' lang='lat' dir='ltr'><strong>vespertina,</strong></span> <span class='ocrx_word' id='word_1_26' title='bbox 1460 1499 1586 1579; x_wconf 79' lang='lat' dir='ltr'><strong>provin-</strong></span> 
     </span>
     <span class='ocr_line' id='line_1_4' title="bbox 263 1591 1586 1675; baseline -0.001 -21"><span class='ocrx_word' id='word_1_27' title='bbox 263 1592 379 1654; x_wconf 90' lang='lat' dir='ltr'><strong>ciarum</strong></span> <span class='ocrx_word' id='word_1_28' title='bbox 401 1591 550 1674; x_wconf 87' lang='lat' dir='ltr'><strong>religiosa</strong></span> <span class='ocrx_word' id='word_1_29' title='bbox 571 1592 707 1666; x_wconf 80' lang='lat' dir='ltr'><strong>sortitio,</strong></span> <span class='ocrx_word' id='word_1_30' title='bbox 730 1593 835 1655; x_wconf 90' lang='lat' dir='ltr'><strong>divina</strong></span> <span class='ocrx_word' id='word_1_31' title='bbox 858 1613 932 1655; x_wconf 80' lang='lat' dir='ltr'><strong>vero</strong></span> <span class='ocrx_word' id='word_1_32' title='bbox 955 1593 1190 1675; x_wconf 74' lang='lat' dir='ltr'><strong>opportunitas,</strong></span> <span class='ocrx_word' id='word_1_33' title='bbox 1213 1601 1262 1665; x_wconf 90' lang='lat' dir='ltr'><strong>nt,</strong></span> <span class='ocrx_word' id='word_1_34' title='bbox 1285 1612 1366 1675; x_wconf 89' lang='lat' dir='ltr'><strong>quae</strong></span> <span class='ocrx_word' id='word_1_35' title='bbox 1381 1592 1497 1675; x_wconf 89' lang='lat' dir='ltr'><strong>cuique</strong></span> <span class='ocrx_word' id='word_1_36' title='bbox 1513 1599 1586 1673; x_wconf 90' lang='lat' dir='ltr'><strong>apta</strong></span> 
     </span>
     <span class='ocr_line' id='line_1_5' title="bbox 264 1684 1586 1769; baseline -0.003 -20"><span class='ocrx_word' id='word_1_37' title='bbox 264 1691 361 1759; x_wconf 87' lang='lat' dir='ltr'><strong>esset,</strong></span> <span class='ocrx_word' id='word_1_38' title='bbox 385 1704 423 1747; x_wconf 88' lang='lat' dir='ltr'><strong>ea</strong></span> <span class='ocrx_word' id='word_1_39' title='bbox 444 1686 559 1769; x_wconf 88' lang='lat' dir='ltr'><strong>cuique</strong></span> <span class='ocrx_word' id='word_1_40' title='bbox 582 1686 753 1750; x_wconf 81' lang='lat' dir='ltr'><strong>obveniret.</strong></span> <span class='ocrx_word' id='word_1_41' title='bbox 796 1684 846 1747; x_wconf 75' lang='lat'><strong>25.</strong></span> <span class='ocrx_word' id='word_1_42' title='bbox 870 1685 1032 1749; x_wconf 77' lang='lat' dir='ltr'><strong>Praeclare</strong></span> <span class='ocrx_word' id='word_1_43' title='bbox 1055 1685 1149 1767; x_wconf 90' lang='lat' dir='ltr'><strong>igitur</strong></span> <span class='ocrx_word' id='word_1_44' title='bbox 1170 1685 1291 1760; x_wconf 84' lang='lat' dir='ltr'><strong>facitis,</strong></span> <span class='ocrx_word' id='word_1_45' title='bbox 1313 1685 1432 1748; x_wconf 89' lang='lat' dir='ltr'><strong>tribuni</strong></span> <span class='ocrx_word' id='word_1_46' title='bbox 1453 1684 1507 1767; x_wconf 92' lang='lat' dir='ltr'><strong>pl.,</strong></span> <span class='ocrx_word' id='word_1_47' title='bbox 1530 1684 1586 1767; x_wconf 94' lang='lat' dir='ltr'><strong>qni</strong></span> 
     </span>
     <span class='ocr_line' id='line_1_6' title="bbox 265 1777 1613 1864; baseline -0.002 -23"><span class='ocrx_word' id='word_1_48' title='bbox 265 1779 304 1841; x_wconf 91' lang='lat' dir='ltr'><strong>de</strong></span> <span class='ocrx_word' id='word_1_49' title='bbox 328 1777 486 1862; x_wconf 89' lang='lat' dir='ltr'><strong>praesidio</strong></span> <span class='ocrx_word' id='word_1_50' title='bbox 509 1780 675 1843; x_wconf 89' lang='lat' dir='ltr'><strong>consulum</strong></span> <span class='ocrx_word' id='word_1_51' title='bbox 697 1789 887 1864; x_wconf 88' lang='lat' dir='ltr'><strong>senatusque</strong></span> <span class='ocrx_word' id='word_1_52' title='bbox 910 1779 1069 1854; x_wconf 85' lang='lat' dir='ltr'><strong>referatis,</strong></span> <span class='ocrx_word' id='word_1_53' title='bbox 1099 1781 1273 1862; x_wconf 91' lang='lat' dir='ltr'><strong>meritoque</strong></span> <span class='ocrx_word' id='word_1_54' title='bbox 1301 1787 1406 1842; x_wconf 86' lang='lat' dir='ltr'><strong>vestro</strong></span> <span class='ocrx_word' id='word_1_55' title='bbox 1434 1779 1613 1841; x_wconf 77' lang='lat' dir='ltr'><strong>maximaso</strong></span> 
     </span>
     <span class='ocr_line' id='line_1_7' title="bbox 264 1872 1586 1957; baseline -0.004 -17"><span class='ocrx_word' id='word_1_56' title='bbox 264 1873 352 1940; x_wconf 82' lang='lat' dir='ltr'><strong>vohis</strong></span> <span class='ocrx_word' id='word_1_57' title='bbox 380 1874 497 1956; x_wconf 89' lang='lat' dir='ltr'><strong>gratias</strong></span> <span class='ocrx_word' id='word_1_58' title='bbox 525 1893 635 1937; x_wconf 91' lang='lat' dir='ltr'><strong>omnes</strong></span> <span class='ocrx_word' id='word_1_59' title='bbox 661 1881 694 1938; x_wconf 87' lang='lat' dir='ltr'><strong>et</strong></span> <span class='ocrx_word' id='word_1_60' title='bbox 721 1894 814 1957; x_wconf 88' lang='lat' dir='ltr'><strong>agere</strong></span> <span class='ocrx_word' id='word_1_61' title='bbox 843 1883 875 1939; x_wconf 90' lang='lat' dir='ltr'><strong>et</strong></span> <span class='ocrx_word' id='word_1_62' title='bbox 894 1874 1011 1937; x_wconf 89' lang='lat' dir='ltr'><strong>hahere</strong></span> <span class='ocrx_word' id='word_1_63' title='bbox 1034 1873 1193 1936; x_wconf 89' lang='lat' dir='ltr'><strong>dehemus.</strong></span> <span class='ocrx_word' id='word_1_64' title='bbox 1237 1873 1301 1949; x_wconf 85' lang='lat' dir='ltr'><strong>Qui</strong></span> <span class='ocrx_word' id='word_1_65' title='bbox 1330 1872 1413 1936; x_wconf 92' lang='lat' dir='ltr'><strong>enim</strong></span> <span class='ocrx_word' id='word_1_66' title='bbox 1445 1872 1586 1954; x_wconf 90' lang='lat' dir='ltr'><strong>periculo</strong></span> 
     </span>
     <span class='ocr_line' id='line_1_8' title="bbox 264 1965 1585 2050; baseline -0.004 -17"><span class='ocrx_word' id='word_1_67' title='bbox 264 1988 369 2033; x_wconf 87' lang='lat' dir='ltr'><strong>carere</strong></span> <span class='ocrx_word' id='word_1_68' title='bbox 401 1986 569 2050; x_wconf 89' lang='lat' dir='ltr'><strong>possumus</strong></span> <span class='ocrx_word' id='word_1_69' title='bbox 602 1968 633 2030; x_wconf 92' lang='lat' dir='ltr'><strong>in</strong></span> <span class='ocrx_word' id='word_1_70' title='bbox 661 1977 749 2031; x_wconf 86' lang='lat' dir='ltr'><strong>tanta</strong></span> <span class='ocrx_word' id='word_1_71' title='bbox 774 1969 938 2031; x_wconf 91' lang='lat' dir='ltr'><strong>hominum</strong></span> <span class='ocrx_word' id='word_1_72' title='bbox 969 1966 1139 2049; x_wconf 87' lang='lat' dir='ltr'><strong>cupiditate</strong></span> <span class='ocrx_word' id='word_1_73' title='bbox 1168 1973 1201 2030; x_wconf 87' lang='lat' dir='ltr'><strong>et</strong></span> <span class='ocrx_word' id='word_1_74' title='bbox 1221 1967 1375 2031; x_wconf 78' lang='lat' dir='ltr'><strong>audaciai</strong></span> <span class='ocrx_word' id='word_1_75' title='bbox 1404 1965 1458 2029; x_wconf 91' lang='lat' dir='ltr'><strong>ille</strong></span> <span class='ocrx_word' id='word_1_76' title='bbox 1479 1971 1585 2028; x_wconf 87' lang='lat' dir='ltr'><strong>aulem</strong></span> 
     </span>
     <span class='ocr_line' id='line_1_9' title="bbox 263 2058 1586 2145; baseline -0.005 -19"><span class='ocrx_word' id='word_1_77' title='bbox 263 2063 357 2127; x_wconf 93' lang='lat' dir='ltr'><strong>homo</strong></span> <span class='ocrx_word' id='word_1_78' title='bbox 384 2058 518 2124; x_wconf 81' lang='lat' dir='ltr'><strong>afllictus</strong></span> <span class='ocrx_word' id='word_1_79' title='bbox 546 2067 578 2121; x_wconf 88' lang='lat' dir='ltr'><strong>et</strong></span> <span class='ocrx_word' id='word_1_80' title='bbox 604 2060 746 2143; x_wconf 92' lang='lat' dir='ltr'><strong>perditus</strong></span> <span class='ocrx_word' id='word_1_81' title='bbox 775 2082 857 2145; x_wconf 88' lang='lat' dir='ltr'><strong>qnae</strong></span> <span class='ocrx_word' id='word_1_82' title='bbox 882 2060 922 2124; x_wconf 91' lang='lat' dir='ltr'><strong>de</strong></span> <span class='ocrx_word' id='word_1_83' title='bbox 951 2081 986 2123; x_wconf 88' lang='lat' dir='ltr'><strong>se</strong></span> <span class='ocrx_word' id='word_1_84' title='bbox 1007 2067 1170 2143; x_wconf 82' lang='lat' dir='ltr'><strong>exspectat</strong></span> <span class='ocrx_word' id='word_1_85' title='bbox 1189 2060 1306 2124; x_wconf 88' lang='lat' dir='ltr'><strong>iudicia</strong></span> <span class='ocrx_word' id='word_1_86' title='bbox 1327 2060 1469 2143; x_wconf 85' lang='lat' dir='ltr'><strong>graviora</strong></span> <span class='ocrx_word' id='word_1_87' title='bbox 1491 2078 1586 2142; x_wconf 91' lang='lat' dir='ltr'><strong>quam</strong></span> 
     </span>
     <span class='ocr_line' id='line_1_10' title="bbox 262 2153 1586 2227; baseline -0.004 -8"><span class='ocrx_word' id='word_1_88' title='bbox 262 2156 435 2219; x_wconf 89' lang='lat' dir='ltr'><strong>amicorum</strong></span> <span class='ocrx_word' id='word_1_89' title='bbox 458 2158 611 2217; x_wconf 75' lang='lat' dir='ltr'><strong>suorum?</strong></span> <span class='ocrx_word' id='word_1_90' title='bbox 633 2155 905 2219; x_wconf 84' lang='lat' dir='ltr'><strong>Familiarissimus</strong></span> <span class='ocrx_word' id='word_1_91' title='bbox 920 2156 1004 2227; x_wconf 90' lang='lat' dir='ltr'><strong>eius,</strong></span> <span class='ocrx_word' id='word_1_92' title='bbox 1026 2153 1104 2216; x_wconf 91' lang='lat' dir='ltr'><strong>mihi</strong></span> <span class='ocrx_word' id='word_1_93' title='bbox 1118 2154 1214 2217; x_wconf 94' lang='lat' dir='ltr'><strong>homo</strong></span> <span class='ocrx_word' id='word_1_94' title='bbox 1229 2154 1432 2225; x_wconf 90' lang='lat' dir='ltr'><strong>coniunctus,</strong></span> <span class='ocrx_word' id='word_1_95' title='bbox 1455 2154 1490 2215; x_wconf 88' lang='lat' dir='ltr'><strong>L.</strong></span> <span class='ocrx_word' id='word_1_96' title='bbox 1505 2154 1586 2215; x_wconf 89' lang='lat' dir='ltr'><strong>Len·</strong></span> 
     </span>
     <span class='ocr_line' id='line_1_11' title="bbox 263 2243 1623 2331; baseline -0.007 -19"><span class='ocrx_word' id='word_1_97' title='bbox 263 2249 349 2312; x_wconf 88' lang='lat' dir='ltr'><strong>tulus</strong></span> <span class='ocrx_word' id='word_1_98' title='bbox 376 2256 408 2311; x_wconf 92' lang='lat' dir='ltr'><strong>ct</strong></span> <span class='ocrx_word' id='word_1_99' title='bbox 433 2248 466 2310; x_wconf 91' lang='lat' dir='ltr'><strong>P.</strong></span> <span class='ocrx_word' id='word_1_100' title='bbox 489 2248 586 2321; x_wconf 88' lang='lat' dir='ltr'><strong>Naso,</strong></span> <span class='ocrx_word' id='word_1_101' title='bbox 623 2248 710 2310; x_wconf 94' lang='lat' dir='ltr'><strong>omni</strong></span> <span class='ocrx_word' id='word_1_102' title='bbox 737 2269 847 2311; x_wconf 85' lang='lat' dir='ltr'><strong>carens</strong></span> <span class='ocrx_word' id='word_1_103' title='bbox 875 2247 1064 2331; x_wconf 89' lang='lat' dir='ltr'><strong>cupiditate,</strong></span> <span class='ocrx_word' id='word_1_104' title='bbox 1096 2243 1226 2331; x_wconf 77' lang='lat' dir='ltr'><strong>[nullam</strong></span> <span class='ocrx_word' id='word_1_105' title='bbox 1255 2266 1288 2309; x_wconf 90' lang='lat' dir='ltr'><strong>se</strong></span> <span class='ocrx_word' id='word_1_106' title='bbox 1316 2246 1432 2309; x_wconf 87' lang='lat' dir='ltr'><strong>hahere</strong></span> <span class='ocrx_word' id='word_1_107' title='bbox 1459 2247 1623 2329; x_wconf 82' lang='lat' dir='ltr'><strong>provin-to</strong></span> 
     </span>
     <span class='ocr_line' id='line_1_12' title="bbox 264 2337 1587 2423; baseline -0.004 -18"><span class='ocrx_word' id='word_1_108' title='bbox 264 2337 372 2423; x_wconf 89' lang='lat' dir='ltr'><strong>ciam‚]</strong></span> <span class='ocrx_word' id='word_1_109' title='bbox 397 2340 515 2404; x_wconf 89' lang='lat' dir='ltr'><strong>nullam</strong></span> <span class='ocrx_word' id='word_1_110' title='bbox 537 2341 665 2404; x_wconf 81' lang='lat' dir='ltr'><strong>Antonii</strong></span> <span class='ocrx_word' id='word_1_111' title='bbox 688 2342 882 2405; x_wconf 89' lang='lat' dir='ltr'><strong>sortitionem</strong></span> <span class='ocrx_word' id='word_1_112' title='bbox 906 2342 1004 2405; x_wconf 86' lang='lat' dir='ltr'><strong>luisse</strong></span> <span class='ocrx_word' id='word_1_113' title='bbox 1024 2341 1252 2404; x_wconf 87' lang='lat' dir='ltr'><strong>iudicaverunt.</strong></span> <span class='ocrx_word' id='word_1_114' title='bbox 1292 2339 1387 2416; x_wconf 86' lang='lat' dir='ltr'><strong>Quod</strong></span> <span class='ocrx_word' id='word_1_115' title='bbox 1408 2339 1492 2404; x_wconf 91' lang='lat' dir='ltr'><strong>idem</strong></span> <span class='ocrx_word' id='word_1_116' title='bbox 1513 2340 1587 2403; x_wconf 84' lang='lat' dir='ltr'><strong>feeit</strong></span> 
     </span>
     <span class='ocr_line' id='line_1_13' title="bbox 262 2433 1586 2518; baseline -0.002 -20"><span class='ocrx_word' id='word_1_117' title='bbox 262 2438 298 2500; x_wconf 89' lang='lat' dir='ltr'><strong>L.</strong></span> <span class='ocrx_word' id='word_1_118' title='bbox 320 2435 497 2518; x_wconf 89' lang='lat' dir='ltr'><strong>Philippus,</strong></span> <span class='ocrx_word' id='word_1_119' title='bbox 520 2435 569 2497; x_wconf 82' lang='lat' dir='ltr'><strong>vir</strong></span> <span class='ocrx_word' id='word_1_120' title='bbox 589 2442 695 2518; x_wconf 89' lang='lat' dir='ltr'><strong>patre,</strong></span> <span class='ocrx_word' id='word_1_121' title='bbox 718 2457 791 2510; x_wconf 89' lang='lat' dir='ltr'><strong>avo,</strong></span> <span class='ocrx_word' id='word_1_122' title='bbox 814 2436 982 2499; x_wconf 86' lang='lat' dir='ltr'><strong>maioribus</strong></span> <span class='ocrx_word' id='word_1_123' title='bbox 1004 2435 1071 2497; x_wconf 89' lang='lat' dir='ltr'><strong>suis</strong></span> <span class='ocrx_word' id='word_1_124' title='bbox 1086 2433 1298 2516; x_wconf 87' lang='lat' dir='ltr'><strong>dignissimus.</strong></span> <span class='ocrx_word' id='word_1_125' title='bbox 1332 2434 1369 2495; x_wconf 93' lang='lat' dir='ltr'><strong>ln</strong></span> <span class='ocrx_word' id='word_1_126' title='bbox 1385 2434 1496 2497; x_wconf 88' lang='lat' dir='ltr'><strong>eadem</strong></span> <span class='ocrx_word' id='word_1_127' title='bbox 1513 2454 1586 2496; x_wconf 89' lang='lat' dir='ltr'><strong>sen·</strong></span> 
     </span>
     <span class='ocr_line' id='line_1_14' title="bbox 262 2526 1584 2611; baseline -0.004 -17"><span class='ocrx_word' id='word_1_128' title='bbox 262 2530 360 2594; x_wconf 90' lang='lat' dir='ltr'><strong>tentia</strong></span> <span class='ocrx_word' id='word_1_129' title='bbox 382 2528 440 2590; x_wconf 89' lang='lat' dir='ltr'><strong>fuit</strong></span> <span class='ocrx_word' id='word_1_130' title='bbox 460 2528 555 2591; x_wconf 94' lang='lat' dir='ltr'><strong>homo</strong></span> <span class='ocrx_word' id='word_1_131' title='bbox 576 2549 696 2592; x_wconf 89' lang='lat' dir='ltr'><strong>summa</strong></span> <span class='ocrx_word' id='word_1_132' title='bbox 713 2530 893 2611; x_wconf 89' lang='lat' dir='ltr'><strong>integritate</strong></span> <span class='ocrx_word' id='word_1_133' title='bbox 908 2537 1003 2611; x_wconf 90' lang='lat' dir='ltr'><strong>atquc</strong></span> <span class='ocrx_word' id='word_1_134' title='bbox 1019 2528 1216 2600; x_wconf 89' lang='lat' dir='ltr'><strong>innocentia,</strong></span> <span class='ocrx_word' id='word_1_135' title='bbox 1240 2527 1273 2589; x_wconf 89' lang='lat' dir='ltr'><strong>C.</strong></span> <span class='ocrx_word' id='word_1_136' title='bbox 1289 2528 1470 2590; x_wconf 84' lang='lat' dir='ltr'><strong>Turranius.</strong></span> <span class='ocrx_word' id='word_1_137' title='bbox 1498 2526 1584 2590; x_wconf 88' lang='lat' dir='ltr'><strong>Idem</strong></span> 
     </span>
     <span class='ocr_line' id='line_1_15' title="bbox 262 2620 1587 2705; baseline -0.005 -17"><span class='ocrx_word' id='word_1_138' title='bbox 262 2625 339 2688; x_wconf 84' lang='lat' dir='ltr'><strong>fecit</strong></span> <span class='ocrx_word' id='word_1_139' title='bbox 367 2626 421 2705; x_wconf 88' lang='lat' dir='ltr'><strong>Sp.</strong></span> <span class='ocrx_word' id='word_1_140' title='bbox 444 2621 586 2704; x_wconf 80' lang='lat' dir='ltr'><strong>Oppius:</strong></span> <span class='ocrx_word' id='word_1_141' title='bbox 615 2622 674 2705; x_wconf 92' lang='lat' dir='ltr'><strong>ipsi</strong></span> <span class='ocrx_word' id='word_1_142' title='bbox 704 2624 816 2696; x_wconf 90' lang='lat' dir='ltr'><strong>etiam,</strong></span> <span class='ocrx_word' id='word_1_143' title='bbox 847 2623 901 2704; x_wconf 92' lang='lat' dir='ltr'><strong>qui</strong></span> <span class='ocrx_word' id='word_1_144' title='bbox 930 2622 1100 2685; x_wconf 85' lang='lat' dir='ltr'><strong>amicitiam</strong></span> <span class='ocrx_word' id='word_1_145' title='bbox 1129 2624 1171 2685; x_wconf 90' lang='lat' dir='ltr'><strong>M.</strong></span> <span class='ocrx_word' id='word_1_146' title='bbox 1192 2621 1320 2685; x_wconf 79' lang='lat' dir='ltr'><strong>Antonii</strong></span> <span class='ocrx_word' id='word_1_147' title='bbox 1343 2622 1435 2685; x_wconf 82' lang='lat' dir='ltr'><strong>veriti</strong></span> <span class='ocrx_word' id='word_1_148' title='bbox 1461 2620 1533 2704; x_wconf 91' lang='lat' dir='ltr'><strong>plus</strong></span> <span class='ocrx_word' id='word_1_149' title='bbox 1556 2620 1587 2684; x_wconf 91' lang='lat' dir='ltr'><strong>ei</strong></span> 
     </span>
     <span class='ocr_line' id='line_1_16' title="bbox 263 2713 1623 2798; baseline -0.004 -16"><span class='ocrx_word' id='word_1_150' title='bbox 263 2718 455 2789; x_wconf 87' lang='lat' dir='ltr'><strong>tribuerunt,</strong></span> <span class='ocrx_word' id='word_1_151' title='bbox 478 2734 573 2798; x_wconf 91' lang='lat' dir='ltr'><strong>quam</strong></span> <span class='ocrx_word' id='word_1_152' title='bbox 593 2713 726 2778; x_wconf 80' lang='lat' dir='ltr'><strong>sortasse</strong></span> <span class='ocrx_word' id='word_1_153' title='bbox 747 2715 881 2789; x_wconf 86' lang='lat' dir='ltr'><strong>vellent,</strong></span> <span class='ocrx_word' id='word_1_154' title='bbox 906 2718 947 2779; x_wconf 96' lang='lat' dir='ltr'><strong>M.</strong></span> <span class='ocrx_word' id='word_1_155' title='bbox 971 2716 1060 2791; x_wconf 88' lang='lat' dir='ltr'><strong>Piso,</strong></span> <span class='ocrx_word' id='word_1_156' title='bbox 1084 2716 1281 2779; x_wconf 89' lang='lat' dir='ltr'><strong>necessarius</strong></span> <span class='ocrx_word' id='word_1_157' title='bbox 1303 2736 1409 2789; x_wconf 89' lang='lat' dir='ltr'><strong>meus,</strong></span> <span class='ocrx_word' id='word_1_158' title='bbox 1431 2723 1463 2778; x_wconf 89' lang='lat' dir='ltr'><strong>et</strong></span> <span class='ocrx_word' id='word_1_159' title='bbox 1484 2716 1533 2777; x_wconf 87' lang='lat' dir='ltr'><strong>vir</strong></span> <span class='ocrx_word' id='word_1_160' title='bbox 1554 2721 1586 2777; x_wconf 88' lang='lat' dir='ltr'><strong>et</strong></span> <span class='ocrx_word' id='word_1_161' title='bbox 1595 2731 1623 2776; x_wconf 82' lang='grc'><strong>44</strong></span> 
     </span>
     <span class='ocr_line' id='line_1_17' title="bbox 264 2808 1586 2891; baseline -0.002 -18"><span class='ocrx_word' id='word_1_162' title='bbox 264 2812 340 2874; x_wconf 88' lang='lat' dir='ltr'><strong>civis</strong></span> <span class='ocrx_word' id='word_1_163' title='bbox 363 2808 522 2891; x_wconf 87' lang='lat' dir='ltr'><strong>egregius,</strong></span> <span class='ocrx_word' id='word_1_164' title='bbox 544 2808 676 2890; x_wconf 90' lang='lat' dir='ltr'><strong>parique</strong></span> <span class='ocrx_word' id='word_1_165' title='bbox 698 2809 880 2872; x_wconf 90' lang='lat' dir='ltr'><strong>innocentia</strong></span> <span class='ocrx_word' id='word_1_166' title='bbox 902 2811 942 2871; x_wconf 91' lang='lat' dir='ltr'><strong>M.</strong></span> <span class='ocrx_word' id='word_1_167' title='bbox 958 2809 1101 2872; x_wconf 83' lang='lat' dir='ltr'><strong>Vehilius</strong></span> <span class='ocrx_word' id='word_1_168' title='bbox 1124 2818 1252 2872; x_wconf 87' lang='lat' dir='ltr'><strong>senatus</strong></span> <span class='ocrx_word' id='word_1_169' title='bbox 1273 2809 1452 2873; x_wconf 83' lang='lat' dir='ltr'><strong>auctoritati</strong></span> <span class='ocrx_word' id='word_1_170' title='bbox 1474 2827 1508 2871; x_wconf 87' lang='lat' dir='ltr'><strong>se</strong></span> <span class='ocrx_word' id='word_1_171' title='bbox 1530 2809 1586 2871; x_wconf 94' lang='lat' dir='ltr'><strong>oh·</strong></span> 
     </span>
     <span class='ocr_line' id='line_1_18' title="bbox 265 2902 1585 2989; baseline -0.003 -20"><span class='ocrx_word' id='word_1_172' title='bbox 265 2911 491 2989; x_wconf 89' lang='lat' dir='ltr'><strong>temperaturos</strong></span> <span class='ocrx_word' id='word_1_173' title='bbox 519 2922 589 2964; x_wconf 84' lang='lat' dir='ltr'><strong>esse</strong></span> <span class='ocrx_word' id='word_1_174' title='bbox 617 2902 773 2965; x_wconf 85' lang='lat' dir='ltr'><strong>dixerunt.</strong></span> <span class='ocrx_word' id='word_1_175' title='bbox 817 2902 867 2964; x_wconf 77' lang='lat' dir='ltr'><strong>uc.</strong></span> <span class='ocrx_word' id='word_1_176' title='bbox 891 2903 974 2978; x_wconf 87' lang='lat' dir='ltr'><strong>Quid</strong></span> <span class='ocrx_word' id='word_1_177' title='bbox 1003 2924 1062 2984; x_wconf 88' lang='lat' dir='ltr'><strong>ego</strong></span> <span class='ocrx_word' id='word_1_178' title='bbox 1086 2903 1124 2966; x_wconf 88' lang='lat' dir='ltr'><strong>de</strong></span> <span class='ocrx_word' id='word_1_179' title='bbox 1151 2906 1186 2965; x_wconf 92' lang='lat' dir='ltr'><strong>L.</strong></span> <span class='ocrx_word' id='word_1_180' title='bbox 1211 2903 1309 2966; x_wconf 88' lang='lat' dir='ltr'><strong>Cinna</strong></span> <span class='ocrx_word' id='word_1_181' title='bbox 1332 2905 1466 2987; x_wconf 72' lang='lat' dir='ltr'><strong>loquar?</strong></span> <span class='ocrx_word' id='word_1_182' title='bbox 1495 2904 1585 2966; x_wconf 89' lang='lat' dir='ltr'><strong>cuius</strong></span> 
     </span>
     <span class='ocr_line' id='line_1_19' title="bbox 263 2995 1585 3081; baseline -0.003 -18"><span class='ocrx_word' id='word_1_183' title='bbox 263 3005 403 3081; x_wconf 88' lang='lat' dir='ltr'><strong>spectata</strong></span> <span class='ocrx_word' id='word_1_184' title='bbox 426 2996 531 3058; x_wconf 88' lang='lat' dir='ltr'><strong>multis</strong></span> <span class='ocrx_word' id='word_1_185' title='bbox 553 2995 740 3079; x_wconf 78' lang='lat' dir='ltr'><strong>magnisque</strong></span> <span class='ocrx_word' id='word_1_186' title='bbox 763 2997 856 3059; x_wconf 89' lang='lat' dir='ltr'><strong>rebus</strong></span> <span class='ocrx_word' id='word_1_187' title='bbox 878 2996 1045 3077; x_wconf 88' lang='lat' dir='ltr'><strong>singularis</strong></span> <span class='ocrx_word' id='word_1_188' title='bbox 1068 2997 1231 3080; x_wconf 75' lang='lat' dir='ltr'><strong>integritas</strong></span> <span class='ocrx_word' id='word_1_189' title='bbox 1250 2998 1353 3061; x_wconf 92' lang='lat' dir='ltr'><strong>minus</strong></span> <span class='ocrx_word' id='word_1_190' title='bbox 1368 2996 1585 3060; x_wconf 88' lang='lat' dir='ltr'><strong>admirabilem</strong></span> 
     </span>
     <span class='ocr_line' id='line_1_20' title="bbox 263 3089 1585 3173; baseline -0.005 -16"><span class='ocrx_word' id='word_1_191' title='bbox 263 3095 338 3157; x_wconf 84' lang='lat' dir='ltr'><strong>iacit</strong></span> <span class='ocrx_word' id='word_1_192' title='bbox 359 3091 454 3154; x_wconf 93' lang='lat' dir='ltr'><strong>huius</strong></span> <span class='ocrx_word' id='word_1_193' title='bbox 475 3089 690 3152; x_wconf 87' lang='lat' dir='ltr'><strong>honestissimi</strong></span> <span class='ocrx_word' id='word_1_194' title='bbox 712 3089 786 3152; x_wconf 84' lang='lat' dir='ltr'><strong>facti</strong></span> <span class='ocrx_word' id='word_1_195' title='bbox 809 3090 957 3173; x_wconf 85' lang='lat' dir='ltr'><strong>gloriam:</strong></span> <span class='ocrx_word' id='word_1_196' title='bbox 989 3091 1044 3172; x_wconf 93' lang='lat' dir='ltr'><strong>qui</strong></span> <span class='ocrx_word' id='word_1_197' title='bbox 1066 3092 1195 3153; x_wconf 91' lang='lat' dir='ltr'><strong>omnino</strong></span> <span class='ocrx_word' id='word_1_198' title='bbox 1219 3092 1412 3172; x_wconf 87' lang='lat' dir='ltr'><strong>provinciam</strong></span> <span class='ocrx_word' id='word_1_199' title='bbox 1433 3089 1585 3173; x_wconf 73' lang='lat' dir='ltr'><strong>neglexit,</strong></span> 
     </span>
     <span class='ocr_line' id='line_1_21' title="bbox 263 3183 1623 3272; baseline -0.004 -23"><span class='ocrx_word' id='word_1_200' title='bbox 263 3206 357 3272; x_wconf 89' lang='lat' dir='ltr'><strong>quam</strong></span> <span class='ocrx_word' id='word_1_201' title='bbox 385 3186 460 3247; x_wconf 88' lang='lat' dir='ltr'><strong>item</strong></span> <span class='ocrx_word' id='word_1_202' title='bbox 489 3202 602 3264; x_wconf 91' lang='lat' dir='ltr'><strong>magno</strong></span> <span class='ocrx_word' id='word_1_203' title='bbox 629 3184 735 3245; x_wconf 91' lang='lat' dir='ltr'><strong>animo</strong></span> <span class='ocrx_word' id='word_1_204' title='bbox 763 3190 794 3244; x_wconf 92' lang='lat' dir='ltr'><strong>et</strong></span> <span class='ocrx_word' id='word_1_205' title='bbox 822 3183 978 3245; x_wconf 89' lang='lat' dir='ltr'><strong>constanti</strong></span> <span class='ocrx_word' id='word_1_206' title='bbox 1003 3184 1035 3245; x_wconf 85' lang='lat' dir='ltr'><strong>C.</strong></span> <span class='ocrx_word' id='word_1_207' title='bbox 1059 3184 1181 3246; x_wconf 89' lang='lat' dir='ltr'><strong>Cestius</strong></span> <span class='ocrx_word' id='word_1_208' title='bbox 1203 3183 1390 3266; x_wconf 89' lang='lat' dir='ltr'><strong>repudiavit.</strong></span> <span class='ocrx_word' id='word_1_209' title='bbox 1430 3185 1492 3259; x_wconf 87' lang='lat' dir='ltr'><strong>Qui</strong></span> <span class='ocrx_word' id='word_1_210' title='bbox 1515 3191 1623 3246; x_wconf 77' lang='lat' dir='ltr'><strong>suntne</strong></span> 
     </span>
     <span class='ocr_line' id='line_1_22' title="bbox 263 3276 1584 3361; baseline -0.002 -19"><span class='ocrx_word' id='word_1_211' title='bbox 263 3280 359 3361; x_wconf 87' lang='lat' dir='ltr'><strong>igitur</strong></span> <span class='ocrx_word' id='word_1_212' title='bbox 381 3276 513 3358; x_wconf 89' lang='lat' dir='ltr'><strong>reliqui,</strong></span> <span class='ocrx_word' id='word_1_213' title='bbox 536 3296 616 3358; x_wconf 90' lang='lat' dir='ltr'><strong>quos</strong></span> <span class='ocrx_word' id='word_1_214' title='bbox 639 3297 708 3338; x_wconf 87' lang='lat' dir='ltr'><strong>sors</strong></span> <span class='ocrx_word' id='word_1_215' title='bbox 732 3277 838 3338; x_wconf 89' lang='lat' dir='ltr'><strong>divina</strong></span> <span class='ocrx_word' id='word_1_216' title='bbox 860 3276 1016 3339; x_wconf 74' lang='lat' dir='ltr'><strong>delectet?</strong></span> <span class='ocrx_word' id='word_1_217' title='bbox 1040 3276 1062 3355; x_wconf 86' lang='lat'>†</span> <span class='ocrx_word' id='word_1_218' title='bbox 1085 3277 1119 3338; x_wconf 90' lang='lat' dir='ltr'><strong>L.</strong></span> <span class='ocrx_word' id='word_1_219' title='bbox 1141 3278 1278 3350; x_wconf 73' lang='lat' dir='ltr'><strong>Annius,</strong></span> <span class='ocrx_word' id='word_1_220' title='bbox 1301 3279 1342 3339; x_wconf 92' lang='lat' dir='ltr'><strong>M.</strong></span> <span class='ocrx_word' id='word_1_221' title='bbox 1357 3278 1524 3341; x_wconf 73' lang='lat' dir='ltr'><strong>Antonius.</strong></span> <span class='ocrx_word' id='word_1_222' title='bbox 1558 3276 1584 3339; x_wconf 91' lang='grc' dir='ltr'>Ο</span> 
     </span>
     <span class='ocr_line' id='line_1_23' title="bbox 262 3368 1586 3452; baseline -0.003 -16"><span class='ocrx_word' id='word_1_223' title='bbox 262 3374 387 3436; x_wconf 78' lang='lat' dir='ltr'><strong>felicem</strong></span> <span class='ocrx_word' id='word_1_224' title='bbox 404 3370 585 3452; x_wconf 76' lang='lat' dir='ltr'><strong>utrumque!</strong></span> <span class='ocrx_word' id='word_1_225' title='bbox 608 3368 687 3431; x_wconf 92' lang='lat' dir='ltr'><strong>nihil</strong></span> <span class='ocrx_word' id='word_1_226' title='bbox 703 3370 787 3432; x_wconf 92' lang='lat' dir='ltr'><strong>enim</strong></span> <span class='ocrx_word' id='word_1_227' title='bbox 801 3370 988 3433; x_wconf 89' lang='lat' dir='ltr'><strong>maluerunt.</strong></span> <span class='ocrx_word' id='word_1_228' title='bbox 1023 3369 1055 3432; x_wconf 85' lang='lat' dir='ltr'><strong>C.</strong></span> <span class='ocrx_word' id='word_1_229' title='bbox 1071 3370 1228 3432; x_wconf 80' lang='lat' dir='ltr'><strong>Antonius</strong></span> <span class='ocrx_word' id='word_1_230' title='bbox 1243 3370 1472 3433; x_wconf 89' lang='lat' dir='ltr'><strong>Macedoniam.</strong></span> <span class='ocrx_word' id='word_1_231' title='bbox 1494 3372 1586 3432; x_wconf 89' lang='lat' dir='ltr'><strong>lluno</strong></span> 
     </span>
     <span class='ocr_line' id='line_1_24' title="bbox 264 3461 1587 3551; baseline -0.004 -21"><span class='ocrx_word' id='word_1_232' title='bbox 264 3486 391 3551; x_wconf 89' lang='lat' dir='ltr'><strong>quoque</strong></span> <span class='ocrx_word' id='word_1_233' title='bbox 412 3463 556 3538; x_wconf 85' lang='lat' dir='ltr'><strong>feliceml</strong></span> <span class='ocrx_word' id='word_1_234' title='bbox 578 3461 660 3525; x_wconf 91' lang='lat' dir='ltr'><strong>hanc</strong></span> <span class='ocrx_word' id='word_1_235' title='bbox 682 3463 766 3526; x_wconf 91' lang='lat' dir='ltr'><strong>enim</strong></span> <span class='ocrx_word' id='word_1_236' title='bbox 787 3462 924 3527; x_wconf 89' lang='lat' dir='ltr'><strong>habehat</strong></span> <span class='ocrx_word' id='word_1_237' title='bbox 944 3484 1070 3546; x_wconf 88' lang='lat' dir='ltr'><strong>semper</strong></span> <span class='ocrx_word' id='word_1_238' title='bbox 1090 3464 1123 3525; x_wconf 90' lang='lat' dir='ltr'><strong>in</strong></span> <span class='ocrx_word' id='word_1_239' title='bbox 1146 3484 1200 3527; x_wconf 91' lang='lat' dir='ltr'><strong>ore</strong></span> <span class='ocrx_word' id='word_1_240' title='bbox 1221 3465 1424 3547; x_wconf 89' lang='lat' dir='ltr'><strong>provinciam.</strong></span> <span class='ocrx_word' id='word_1_241' title='bbox 1462 3464 1495 3527; x_wconf 86' lang='lat' dir='ltr'><strong>C.</strong></span> <span class='ocrx_word' id='word_1_242' title='bbox 1517 3464 1587 3526; x_wconf 88' lang='lat' dir='ltr'><strong>Cal-</strong></span> 
     </span>
     <span class='ocr_line' id='line_1_25' title="bbox 263 3556 1587 3641; baseline -0.004 -18"><span class='ocrx_word' id='word_1_243' title='bbox 263 3561 362 3623; x_wconf 83' lang='lat' dir='ltr'><strong>visius</strong></span> <span class='ocrx_word' id='word_1_244' title='bbox 384 3558 532 3620; x_wconf 78' lang='lat' dir='ltr'><strong>Africam.</strong></span> <span class='ocrx_word' id='word_1_245' title='bbox 564 3556 648 3619; x_wconf 87' lang='lat' dir='ltr'><strong>Nihil</strong></span> <span class='ocrx_word' id='word_1_246' title='bbox 670 3556 809 3619; x_wconf 82' lang='lat' dir='ltr'><strong>feliciusl</strong></span> <span class='ocrx_word' id='word_1_247' title='bbox 831 3556 926 3620; x_wconf 93' lang='lat' dir='ltr'><strong>modo</strong></span> <span class='ocrx_word' id='word_1_248' title='bbox 952 3558 1037 3619; x_wconf 89' lang='lat' dir='ltr'><strong>enim</strong></span> <span class='ocrx_word' id='word_1_249' title='bbox 1059 3577 1099 3620; x_wconf 82' lang='lat' dir='ltr'><strong>ox</strong></span> <span class='ocrx_word' id='word_1_250' title='bbox 1113 3557 1219 3619; x_wconf 79' lang='lat' dir='ltr'><strong>Africa</strong></span> <span class='ocrx_word' id='word_1_251' title='bbox 1241 3557 1420 3622; x_wconf 85' lang='lat' dir='ltr'><strong>decesserat</strong></span> <span class='ocrx_word' id='word_1_252' title='bbox 1441 3566 1472 3620; x_wconf 90' lang='lat' dir='ltr'><strong>ct</strong></span> <span class='ocrx_word' id='word_1_253' title='bbox 1495 3556 1587 3641; x_wconf 89' lang='lat' dir='ltr'><strong>quasi</strong></span> 
     </span>
     <span class='ocr_line' id='line_1_26' title="bbox 263 3649 1624 3734; baseline -0.002 -18"><span class='ocrx_word' id='word_1_254' title='bbox 263 3653 409 3716; x_wconf 90' lang='lat' dir='ltr'><strong>divinans</strong></span> <span class='ocrx_word' id='word_1_255' title='bbox 432 3671 467 3715; x_wconf 88' lang='lat' dir='ltr'><strong>se</strong></span> <span class='ocrx_word' id='word_1_256' title='bbox 488 3650 664 3713; x_wconf 90' lang='lat' dir='ltr'><strong>rediturum</strong></span> <span class='ocrx_word' id='word_1_257' title='bbox 685 3651 766 3714; x_wconf 93' lang='lat' dir='ltr'><strong>duos</strong></span> <span class='ocrx_word' id='word_1_258' title='bbox 788 3649 910 3733; x_wconf 84' lang='lat' dir='ltr'><strong>legatos</strong></span> <span class='ocrx_word' id='word_1_259' title='bbox 932 3650 1039 3715; x_wconf 91' lang='lat' dir='ltr'><strong>Uticae</strong></span> <span class='ocrx_word' id='word_1_260' title='bbox 1060 3651 1242 3734; x_wconf 90' lang='lat' dir='ltr'><strong>reliquerat.</strong></span> <span class='ocrx_word' id='word_1_261' title='bbox 1284 3650 1407 3714; x_wconf 87' lang='lat' dir='ltr'><strong>Deinde</strong></span> <span class='ocrx_word' id='word_1_262' title='bbox 1429 3653 1470 3716; x_wconf 90' lang='lat' dir='ltr'><strong>M.</strong></span> <span class='ocrx_word' id='word_1_263' title='bbox 1486 3650 1510 3732; x_wconf 73' lang='lat' dir='ltr'><strong>’s</strong></span> <span class='ocrx_word' id='word_1_264' title='bbox 1526 3650 1624 3715; x_wconf 79' lang='lat' dir='ltr'><strong>eu-ss</strong></span> 
     </span>
     <span class='ocr_line' id='line_1_27' title="bbox 263 3743 1586 3828; baseline -0.001 -19"><span class='ocrx_word' id='word_1_265' title='bbox 263 3747 324 3810; x_wconf 91' lang='lat' dir='ltr'><strong>sini</strong></span> <span class='ocrx_word' id='word_1_266' title='bbox 346 3745 471 3818; x_wconf 88' lang='lat' dir='ltr'><strong>Sicilia,</strong></span> <span class='ocrx_word' id='word_1_267' title='bbox 494 3743 533 3818; x_wconf 86' lang='lat' dir='ltr'><strong>Q.</strong></span> <span class='ocrx_word' id='word_1_268' title='bbox 549 3743 648 3806; x_wconf 83' lang='lat' dir='ltr'><strong>Cassii</strong></span> <span class='ocrx_word' id='word_1_269' title='bbox 664 3744 825 3827; x_wconf 88' lang='lat' dir='ltr'><strong>Hispania.</strong></span> <span class='ocrx_word' id='word_1_270' title='bbox 858 3746 926 3808; x_wconf 90' lang='lat' dir='ltr'><strong>Non</strong></span> <span class='ocrx_word' id='word_1_271' title='bbox 948 3744 1051 3808; x_wconf 89' lang='lat' dir='ltr'><strong>haheo</strong></span> <span class='ocrx_word' id='word_1_272' title='bbox 1065 3743 1141 3828; x_wconf 91' lang='lat' dir='ltr'><strong>qnid</strong></span> <span class='ocrx_word' id='word_1_273' title='bbox 1158 3744 1320 3827; x_wconf 88' lang='lat' dir='ltr'><strong>suspicer:</strong></span> <span class='ocrx_word' id='word_1_274' title='bbox 1343 3744 1474 3809; x_wconf 86' lang='lat' dir='ltr'><strong>duarum</strong></span> <span class='ocrx_word' id='word_1_275' title='bbox 1490 3746 1586 3809; x_wconf 89' lang='lat' dir='ltr'><strong>credo</strong></span> 
     </span>
     <span class='ocr_line' id='line_1_28' title="bbox 262 3836 1588 3922; baseline 0.001 -21"><span class='ocrx_word' id='word_1_276' title='bbox 262 3839 496 3922; x_wconf 89' lang='lat' dir='ltr'><strong>provinciarum</strong></span> <span class='ocrx_word' id='word_1_277' title='bbox 516 3845 617 3900; x_wconf 90' lang='lat' dir='ltr'><strong>sortes</strong></span> <span class='ocrx_word' id='word_1_278' title='bbox 640 3838 743 3900; x_wconf 90' lang='lat' dir='ltr'><strong>minus</strong></span> <span class='ocrx_word' id='word_1_279' title='bbox 764 3838 886 3901; x_wconf 82' lang='lat' dir='ltr'><strong>divinas</strong></span> <span class='ocrx_word' id='word_1_280' title='bbox 907 3837 1016 3901; x_wconf 85' lang='lat' dir='ltr'><strong>luisse.</strong></span> <span class='ocrx_word' id='word_1_281' title='bbox 1059 3839 1115 3901; x_wconf 84' lang='lat' dir='ltr'><strong>xt.</strong></span> <span class='ocrx_word' id='word_1_282' title='bbox 1135 3836 1185 3900; x_wconf 73' lang='lat' dir='ltr'><strong>ut.</strong></span> <span class='ocrx_word' id='word_1_283' title='bbox 1209 3838 1235 3901; x_wconf 90' lang='lat'>0</span> <span class='ocrx_word' id='word_1_284' title='bbox 1258 3838 1292 3901; x_wconf 89' lang='lat' dir='ltr'><strong>C.</strong></span> <span class='ocrx_word' id='word_1_285' title='bbox 1312 3839 1428 3902; x_wconf 80' lang='lat' dir='ltr'><strong>Caeam</strong></span> <span class='ocrx_word' id='word_1_286' title='bbox 1448 3872 1490 3887; x_wconf 92' lang='lat'><em>-</em></span> <span class='ocrx_word' id='word_1_287' title='bbox 1510 3840 1588 3903; x_wconf 90' lang='lat' dir='ltr'><strong>ado·</strong></span> 
     </span>
     <span class='ocr_line' id='line_1_29' title="bbox 263 3930 1588 4017; baseline 0.001 -23"><span class='ocrx_word' id='word_1_288' title='bbox 263 3933 434 3995; x_wconf 90' lang='lat' dir='ltr'><strong>lescentem</strong></span> <span class='ocrx_word' id='word_1_289' title='bbox 456 3930 582 4013; x_wconf 90' lang='lat' dir='ltr'><strong>appello</strong></span> <span class='ocrx_word' id='word_1_290' title='bbox 595 3962 647 4004; x_wconf 89' lang='lat'><strong>-,</strong></span> <span class='ocrx_word' id='word_1_291' title='bbox 670 3950 763 4013; x_wconf 89' lang='lat' dir='ltr'><strong>quam</strong></span> <span class='ocrx_word' id='word_1_292' title='bbox 787 3938 820 3993; x_wconf 92' lang='lat' dir='ltr'><strong>tu</strong></span> <span class='ocrx_word' id='word_1_293' title='bbox 842 3930 977 3995; x_wconf 90' lang='lat' dir='ltr'><strong>salutem</strong></span> <span class='ocrx_word' id='word_1_294' title='bbox 999 3931 1211 4014; x_wconf 88' lang='lat' dir='ltr'><strong>reipublicae</strong></span> <span class='ocrx_word' id='word_1_295' title='bbox 1234 3931 1387 3995; x_wconf 78' lang='lat' dir='ltr'><strong>attulisti!</strong></span> <span class='ocrx_word' id='word_1_296' title='bbox 1412 3953 1506 4017; x_wconf 77' lang='grc'><strong>44444</strong></span> <span class='ocrx_word' id='word_1_297' title='bbox 1529 3935 1588 3995; x_wconf 90' lang='lat' dir='ltr'><strong>im-</strong></span> 
     </span>
     <span class='ocr_line' id='line_1_30' title="bbox 263 4024 1589 4108; baseline 0.002 -22"><span class='ocrx_word' id='word_1_298' title='bbox 263 4024 436 4106; x_wconf 76' lang='lat' dir='ltr'><strong>provisam!</strong></span> <span class='ocrx_word' id='word_1_299' title='bbox 466 4043 560 4106; x_wconf 90' lang='lat' dir='ltr'><strong>quam</strong></span> <span class='ocrx_word' id='word_1_300' title='bbox 584 4025 797 4106; x_wconf 87' lang='lat' dir='ltr'><strong>repentinaml</strong></span> <span class='ocrx_word' id='word_1_301' title='bbox 826 4024 881 4108; x_wconf 90' lang='lat' dir='ltr'><strong>qui</strong></span> <span class='ocrx_word' id='word_1_302' title='bbox 904 4025 990 4087; x_wconf 92' lang='lat' dir='ltr'><strong>enim</strong></span> <span class='ocrx_word' id='word_1_303' title='bbox 1012 4024 1090 4086; x_wconf 88' lang='lat' dir='ltr'><strong>haec</strong></span> <span class='ocrx_word' id='word_1_304' title='bbox 1111 4024 1236 4106; x_wconf 84' lang='lat' dir='ltr'><strong>fugiens</strong></span> <span class='ocrx_word' id='word_1_305' title='bbox 1258 4024 1351 4099; x_wconf 86' lang='lat' dir='ltr'><strong>feeit,</strong></span> <span class='ocrx_word' id='word_1_306' title='bbox 1373 4026 1448 4108; x_wconf 95' lang='lat' dir='ltr'><strong>quid</strong></span> <span class='ocrx_word' id='word_1_307' title='bbox 1469 4026 1589 4090; x_wconf 86' lang='lat' dir='ltr'><strong>faceret</strong></span> 
     </span>
     <span class='ocr_line' id='line_1_31' title="bbox 263 4118 1624 4202; baseline 0 -22"><span class='ocrx_word' id='word_1_308' title='bbox 263 4119 456 4201; x_wconf 75' lang='lat' dir='ltr'><strong>insequens?</strong></span> <span class='ocrx_word' id='word_1_309' title='bbox 486 4118 610 4180; x_wconf 86' lang='lat' dir='ltr'><strong>Etenim</strong></span> <span class='ocrx_word' id='word_1_310' title='bbox 639 4118 672 4180; x_wconf 90' lang='lat' dir='ltr'><strong>in</strong></span> <span class='ocrx_word' id='word_1_311' title='bbox 701 4119 848 4182; x_wconf 90' lang='lat' dir='ltr'><strong>contione</strong></span> <span class='ocrx_word' id='word_1_312' title='bbox 877 4118 1002 4181; x_wconf 88' lang='lat' dir='ltr'><strong>dixerat</strong></span> <span class='ocrx_word' id='word_1_313' title='bbox 1028 4137 1063 4180; x_wconf 85' lang='lat' dir='ltr'><strong>se</strong></span> <span class='ocrx_word' id='word_1_314' title='bbox 1086 4118 1250 4181; x_wconf 85' lang='lat' dir='ltr'><strong>custodem</strong></span> <span class='ocrx_word' id='word_1_315' title='bbox 1277 4118 1346 4182; x_wconf 82' lang='lat' dir='ltr'><strong>fore</strong></span> <span class='ocrx_word' id='word_1_316' title='bbox 1373 4119 1459 4181; x_wconf 91' lang='lat' dir='ltr'><strong>urhis</strong></span> <span class='ocrx_word' id='word_1_317' title='bbox 1486 4135 1624 4202; x_wconf 73' lang='lat' dir='ltr'><strong>sequeno</strong></span> 
     </span>
    </p>
   </div>
   <div class='ocr_carea' id='block_1_3' title="bbox 1470 4302 1585 4315">
    <p class='ocr_par' dir='ltr' id='par_1_3' title="bbox 1470 4302 1585 4315">
     <span class='ocr_line' id='line_1_32' title="bbox 1470 4302 1585 4315; baseline 0.009 -4"><span class='ocrx_word' id='word_1_318' title='bbox 1470 4302 1585 4315; x_wconf 83' lang='grc'>-...</span> 
     </span>
    </p>
   </div>
   <div class='ocr_carea' id='block_1_4' title="bbox 262 4425 1592 5992">
    <p class='ocr_par' dir='ltr' id='par_1_4' title="bbox 262 4425 1592 5992">
     <span class='ocr_line' id='line_1_33' title="bbox 328 4425 1586 4488; baseline 0.002 -12"><span class='ocrx_word' id='word_1_319' title='bbox 328 4429 352 4476; x_wconf 96' lang='grc'><strong>4.</strong></span> <span class='ocrx_word' id='word_1_320' title='bbox 369 4425 519 4488; x_wconf 73' lang='lat' dir='ltr'><strong>populosum</strong></span> <span class='ocrx_word' id='word_1_321' title='bbox 535 4426 546 4475; x_wconf 83' lang='lat' dir='ltr'><strong>t</strong></span> <span class='ocrx_word' id='word_1_322' title='bbox 562 4450 591 4460; x_wconf 94' lang='lat'>-</span> <span class='ocrx_word' id='word_1_323' title='bbox 613 4425 723 4474; x_wconf 82' lang='lat' dir='ltr'><strong>miraera</strong></span> <span class='ocrx_word' id='word_1_324' title='bbox 739 4425 761 4472; x_wconf 89' lang='lat' dir='ltr'>V</span> <span class='ocrx_word' id='word_1_325' title='bbox 779 4451 806 4461; x_wconf 93' lang='lat'>-</span> <span class='ocrx_word' id='word_1_326' title='bbox 829 4425 853 4474; x_wconf 72' lang='grc'><strong>4.</strong></span> <span class='ocrx_word' id='word_1_327' title='bbox 873 4425 900 4473; x_wconf 92' lang='lat' dir='ltr'><strong>in</strong></span> <span class='ocrx_word' id='word_1_328' title='bbox 919 4425 962 4473; x_wconf 87' lang='grc'><strong>4444</strong></span> <span class='ocrx_word' id='word_1_329' title='bbox 980 4425 1033 4487; x_wconf 86' lang='lat' dir='ltr'><strong>ipso</strong></span> <span class='ocrx_word' id='word_1_330' title='bbox 1050 4425 1131 4488; x_wconf 80' lang='lat' dir='ltr'><strong>ahg3</strong></span> <span class='ocrx_word' id='word_1_331' title='bbox 1154 4425 1181 4474; x_wconf 85' lang='lat' dir='ltr'><strong>in</strong></span> <span class='ocrx_word' id='word_1_332' title='bbox 1197 4426 1308 4488; x_wconf 84' lang='lat' dir='ltr'><strong>ipsoillo</strong></span> <span class='ocrx_word' id='word_1_333' title='bbox 1326 4429 1335 4476; x_wconf 90' lang='lat' dir='ltr'><strong>t</strong></span> <span class='ocrx_word' id='word_1_334' title='bbox 1353 4454 1380 4463; x_wconf 91' lang='lat'><em>-</em></span> <span class='ocrx_word' id='word_1_335' title='bbox 1403 4429 1586 4488; x_wconf 73' lang='lat' dir='ltr'><strong>nmprstinaV</strong></span> 
     </span>
     <span class='ocr_line' id='line_1_34' title="bbox 265 4500 1587 4568; baseline -0.002 -12"><span class='ocrx_word' id='word_1_336' title='bbox 265 4536 290 4542; x_wconf 95' lang='lat'><strong>—</strong></span> <span class='ocrx_word' id='word_1_337' title='bbox 312 4507 335 4556; x_wconf 83' lang='grc'><strong>3.</strong></span> <span class='ocrx_word' id='word_1_338' title='bbox 355 4505 510 4568; x_wconf 81' lang='lat' dir='ltr'><strong>oportunitas</strong></span> <span class='ocrx_word' id='word_1_339' title='bbox 527 4505 586 4566; x_wconf 87' lang='grc'><strong>434</strong></span> <span class='ocrx_word' id='word_1_340' title='bbox 604 4529 631 4538; x_wconf 94' lang='grc'>-</span> <span class='ocrx_word' id='word_1_341' title='bbox 656 4507 764 4564; x_wconf 80' lang='lat' dir='ltr'><strong>optasset</strong></span> <span class='ocrx_word' id='word_1_342' title='bbox 779 4503 802 4551; x_wconf 91' lang='lat' dir='ltr'>V</span> <span class='ocrx_word' id='word_1_343' title='bbox 820 4527 846 4536; x_wconf 92' lang='lat'>—</span> <span class='ocrx_word' id='word_1_344' title='bbox 874 4500 898 4552; x_wconf 81' lang='grc'><strong>4.</strong></span> <span class='ocrx_word' id='word_1_345' title='bbox 917 4513 947 4549; x_wconf 85' lang='grc'><strong>44</strong></span> <span class='ocrx_word' id='word_1_346' title='bbox 965 4500 986 4547; x_wconf 90' lang='lat' dir='ltr'>V</span> <span class='ocrx_word' id='word_1_347' title='bbox 1004 4513 1073 4550; x_wconf 82' lang='lat' dir='ltr'><strong>corr.</strong></span> <span class='ocrx_word' id='word_1_348' title='bbox 1093 4514 1124 4550; x_wconf 83' lang='lat' dir='ltr'><strong>ex</strong></span> <span class='ocrx_word' id='word_1_349' title='bbox 1142 4514 1160 4550; x_wconf 91' lang='lat' dir='ltr'><strong>a</strong></span> <span class='ocrx_word' id='word_1_350' title='bbox 1179 4528 1201 4538; x_wconf 91' lang='lat'><em>—</em></span> <span class='ocrx_word' id='word_1_351' title='bbox 1225 4503 1373 4551; x_wconf 81' lang='lat' dir='ltr'><strong>oneniretV</strong></span> <span class='ocrx_word' id='word_1_352' title='bbox 1393 4529 1420 4538; x_wconf 92' lang='lat'><em>-</em></span> <span class='ocrx_word' id='word_1_353' title='bbox 1439 4504 1482 4564; x_wconf 88' lang='lat' dir='ltr'><strong>qni</strong></span> <span class='ocrx_word' id='word_1_354' title='bbox 1499 4504 1528 4553; x_wconf 85' lang='lat' dir='ltr'><strong>de</strong></span> <span class='ocrx_word' id='word_1_355' title='bbox 1544 4517 1587 4554; x_wconf 81' lang='lat' dir='ltr'><strong>re-</strong></span> 
     </span>
     <span class='ocr_line' id='line_1_35' title="bbox 262 4576 1589 4641; baseline -0.004 -10"><span class='ocrx_word' id='word_1_356' title='bbox 262 4583 324 4632; x_wconf 83' lang='grc'><strong>44444</strong></span> <span class='ocrx_word' id='word_1_357' title='bbox 340 4579 447 4629; x_wconf 84' lang='lat' dir='ltr'><strong>consulis</strong></span> <span class='ocrx_word' id='word_1_358' title='bbox 458 4580 492 4639; x_wconf 69' lang='lat' dir='ltr'><strong>V:</strong></span> <span class='ocrx_word' id='word_1_359' title='bbox 512 4581 555 4640; x_wconf 85' lang='lat' dir='ltr'><strong>qai</strong></span> <span class='ocrx_word' id='word_1_360' title='bbox 569 4579 695 4641; x_wconf 81' lang='lat' dir='ltr'><strong>praesidio</strong></span> <span class='ocrx_word' id='word_1_361' title='bbox 711 4579 839 4627; x_wconf 80' lang='lat' dir='ltr'><strong>consilinm</strong></span> <span class='ocrx_word' id='word_1_362' title='bbox 855 4579 865 4626; x_wconf 90' lang='lat' dir='ltr'><strong>t</strong></span> <span class='ocrx_word' id='word_1_363' title='bbox 886 4603 913 4610; x_wconf 79' lang='lat'><em>-</em></span> <span class='ocrx_word' id='word_1_364' title='bbox 933 4576 957 4624; x_wconf 89' lang='grc'><strong>6.</strong></span> <span class='ocrx_word' id='word_1_365' title='bbox 974 4576 1086 4638; x_wconf 70' lang='lat' dir='ltr'><strong>pentano</strong></span> <span class='ocrx_word' id='word_1_366' title='bbox 1103 4577 1237 4626; x_wconf 80' lang='lat' dir='ltr'><strong>carereV:</strong></span> <span class='ocrx_word' id='word_1_367' title='bbox 1256 4590 1343 4627; x_wconf 82' lang='lat' dir='ltr'><strong>carere</strong></span> <span class='ocrx_word' id='word_1_368' title='bbox 1358 4582 1425 4627; x_wconf 82' lang='lat' dir='ltr'><strong>meta</strong></span> <span class='ocrx_word' id='word_1_369' title='bbox 1440 4583 1463 4627; x_wconf 89' lang='grc'><strong>44</strong></span> <span class='ocrx_word' id='word_1_370' title='bbox 1477 4579 1589 4640; x_wconf 72' lang='lat' dir='ltr'><strong>peniculo</strong></span> 
     </span>
     <span class='ocr_line' id='line_1_36' title="bbox 263 4650 1584 4715; baseline -0.005 -7"><span class='ocrx_word' id='word_1_371' title='bbox 263 4659 326 4715; x_wconf 87' lang='lat' dir='ltr'><strong>DO,</strong></span> <span class='ocrx_word' id='word_1_372' title='bbox 350 4657 380 4704; x_wconf 88' lang='lat' dir='ltr'><strong>ut</strong></span> <span class='ocrx_word' id='word_1_373' title='bbox 400 4657 441 4704; x_wconf 87' lang='lat' dir='ltr'><strong>est</strong></span> <span class='ocrx_word' id='word_1_374' title='bbox 462 4657 488 4705; x_wconf 89' lang='lat' dir='ltr'><strong>io</strong></span> <span class='ocrx_word' id='word_1_375' title='bbox 512 4652 576 4704; x_wconf 86' lang='lat' dir='ltr'><strong>Phil.</strong></span> <span class='ocrx_word' id='word_1_376' title='bbox 595 4654 652 4711; x_wconf 84' lang='lat' dir='ltr'><strong>Vll,</strong></span> <span class='ocrx_word' id='word_1_377' title='bbox 676 4653 738 4715; x_wconf 71' lang='lat' dir='ltr'><strong>§rt</strong></span> <span class='ocrx_word' id='word_1_378' title='bbox 756 4655 823 4702; x_wconf 82' lang='lat' dir='ltr'><strong>extr.</strong></span> <span class='ocrx_word' id='word_1_379' title='bbox 842 4679 869 4688; x_wconf 89' lang='lat'><em>-</em></span> <span class='ocrx_word' id='word_1_380' title='bbox 894 4652 917 4700; x_wconf 82' lang='lat'><strong>7.</strong></span> <span class='ocrx_word' id='word_1_381' title='bbox 935 4665 1060 4712; x_wconf 74' lang='lat' dir='ltr'><strong>portemur</strong></span> <span class='ocrx_word' id='word_1_382' title='bbox 1076 4650 1120 4713; x_wconf 83' lang='lat' dir='ltr'><strong>hg</strong></span> <span class='ocrx_word' id='word_1_383' title='bbox 1141 4678 1166 4687; x_wconf 97' lang='lat'>-</span> <span class='ocrx_word' id='word_1_384' title='bbox 1194 4653 1219 4701; x_wconf 84' lang='lat'><strong>8.</strong></span> <span class='ocrx_word' id='word_1_385' title='bbox 1238 4650 1401 4715; x_wconf 74' lang='grc'><strong>444444444441</strong></span> <span class='ocrx_word' id='word_1_386' title='bbox 1421 4678 1448 4688; x_wconf 93' lang='lat'>-</span> <span class='ocrx_word' id='word_1_387' title='bbox 1474 4666 1506 4702; x_wconf 89' lang='lat' dir='ltr'><strong>ac</strong></span> <span class='ocrx_word' id='word_1_388' title='bbox 1523 4668 1537 4701; x_wconf 88' lang='lat' dir='ltr'><strong>a</strong></span> <span class='ocrx_word' id='word_1_389' title='bbox 1557 4679 1584 4688; x_wconf 94' lang='lat'>-</span> 
     </span>
     <span class='ocr_line' id='line_1_37' title="bbox 263 4725 1588 4793; baseline -0.003 -13"><span class='ocrx_word' id='word_1_390' title='bbox 263 4735 376 4793; x_wconf 78' lang='lat' dir='ltr'><strong>aspectat</strong></span> <span class='ocrx_word' id='word_1_391' title='bbox 393 4730 458 4788; x_wconf 88' lang='lat' dir='ltr'><strong>mei,</strong></span> <span class='ocrx_word' id='word_1_392' title='bbox 477 4731 506 4778; x_wconf 86' lang='lat' dir='ltr'><strong>ut</strong></span> <span class='ocrx_word' id='word_1_393' title='bbox 522 4728 577 4778; x_wconf 86' lang='lat' dir='ltr'><strong>lere</strong></span> <span class='ocrx_word' id='word_1_394' title='bbox 594 4740 711 4792; x_wconf 89' lang='lat' dir='ltr'><strong>semper.</strong></span> <span class='ocrx_word' id='word_1_395' title='bbox 728 4754 753 4764; x_wconf 94' lang='lat'><em>-</em></span> <span class='ocrx_word' id='word_1_396' title='bbox 773 4729 813 4777; x_wconf 93' lang='grc'><strong>40.</strong></span> <span class='ocrx_word' id='word_1_397' title='bbox 831 4741 893 4776; x_wconf 82' lang='lat' dir='ltr'><strong>nara</strong></span> <span class='ocrx_word' id='word_1_398' title='bbox 909 4729 975 4782; x_wconf 75' lang='lat' dir='ltr'><strong>imni</strong></span> <span class='ocrx_word' id='word_1_399' title='bbox 990 4725 1020 4773; x_wconf 85' lang='lat' dir='ltr'><strong>V¹</strong></span> <span class='ocrx_word' id='word_1_400' title='bbox 1035 4753 1063 4763; x_wconf 96' lang='lat'>-</span> <span class='ocrx_word' id='word_1_401' title='bbox 1082 4728 1177 4776; x_wconf 85' lang='lat' dir='ltr'><strong>nattam</strong></span> <span class='ocrx_word' id='word_1_402' title='bbox 1194 4740 1220 4776; x_wconf 84' lang='grc'><strong>44</strong></span> <span class='ocrx_word' id='word_1_403' title='bbox 1235 4728 1293 4776; x_wconf 81' lang='lat' dir='ltr'><strong>hab.</strong></span> <span class='ocrx_word' id='word_1_404' title='bbox 1304 4741 1375 4789; x_wconf 83' lang='lat' dir='ltr'><strong>prov.</strong></span> <span class='ocrx_word' id='word_1_405' title='bbox 1389 4740 1442 4776; x_wconf 91' lang='lat' dir='ltr'><strong>orn.</strong></span> <span class='ocrx_word' id='word_1_406' title='bbox 1455 4726 1496 4787; x_wconf 88' lang='lat' dir='ltr'><strong>V¹,</strong></span> <span class='ocrx_word' id='word_1_407' title='bbox 1515 4725 1588 4791; x_wconf 93' lang='lat' dir='ltr'><strong>quod</strong></span> 
     </span>
     <span class='ocr_line' id='line_1_38' title="bbox 264 4788 1589 4867; baseline -0.004 -11"><span class='ocrx_word' id='word_1_408' title='bbox 264 4819 358 4856; x_wconf 85' lang='lat' dir='ltr'><strong>vereor</strong></span> <span class='ocrx_word' id='word_1_409' title='bbox 375 4818 408 4855; x_wconf 91' lang='lat' dir='ltr'><strong>ne</strong></span> <span class='ocrx_word' id='word_1_410' title='bbox 425 4805 459 4853; x_wconf 88' lang='lat' dir='ltr'><strong>sit</strong></span> <span class='ocrx_word' id='word_1_411' title='bbox 475 4801 615 4867; x_wconf 86' lang='lat' dir='ltr'><strong>glossema.</strong></span> <span class='ocrx_word' id='word_1_412' title='bbox 636 4828 661 4838; x_wconf 90' lang='lat'><strong>-·</strong></span> <span class='ocrx_word' id='word_1_413' title='bbox 682 4803 708 4851; x_wconf 91' lang='grc'><strong>44</strong></span> <span class='ocrx_word' id='word_1_414' title='bbox 731 4804 758 4852; x_wconf 86' lang='lat' dir='ltr'><strong>et</strong></span> <span class='ocrx_word' id='word_1_415' title='bbox 775 4801 816 4852; x_wconf 85' lang='lat' dir='ltr'><strong>tt.</strong></span> <span class='ocrx_word' id='word_1_416' title='bbox 834 4788 959 4852; x_wconf 66' lang='lat' dir='ltr'><strong>antonPV</strong></span> <span class='ocrx_word' id='word_1_417' title='bbox 979 4827 1005 4837; x_wconf 95' lang='lat'>—</span> <span class='ocrx_word' id='word_1_418' title='bbox 1027 4803 1067 4851; x_wconf 75' lang='lat'><strong>⁴2.</strong></span> <span class='ocrx_word' id='word_1_419' title='bbox 1085 4803 1126 4850; x_wconf 83' lang='lat' dir='ltr'><strong>vir</strong></span> <span class='ocrx_word' id='word_1_420' title='bbox 1142 4815 1195 4852; x_wconf 89' lang='lat' dir='ltr'><strong>om.</strong></span> <span class='ocrx_word' id='word_1_421' title='bbox 1214 4800 1246 4849; x_wconf 89' lang='lat' dir='ltr'><strong>V¹</strong></span> <span class='ocrx_word' id='word_1_422' title='bbox 1259 4828 1285 4838; x_wconf 95' lang='lat'>-</span> <span class='ocrx_word' id='word_1_423' title='bbox 1303 4801 1440 4851; x_wconf 75' lang='lat' dir='ltr'><strong>maioribus</strong></span> <span class='ocrx_word' id='word_1_424' title='bbox 1455 4802 1511 4850; x_wconf 87' lang='lat' dir='ltr'><strong>Vt:</strong></span> <span class='ocrx_word' id='word_1_425' title='bbox 1530 4816 1589 4852; x_wconf 81' lang='lat' dir='ltr'><strong>nsa-</strong></span> 
     </span>
     <span class='ocr_line' id='line_1_39' title="bbox 263 4874 1587 4943; baseline -0.003 -12"><span class='ocrx_word' id='word_1_426' title='bbox 263 4881 403 4942; x_wconf 81' lang='lat' dir='ltr'><strong>ioribasqno</strong></span> <span class='ocrx_word' id='word_1_427' title='bbox 419 4878 500 4943; x_wconf 83' lang='lat' dir='ltr'><strong>ahg,</strong></span> <span class='ocrx_word' id='word_1_428' title='bbox 518 4882 548 4928; x_wconf 86' lang='lat' dir='ltr'><strong>ut</strong></span> <span class='ocrx_word' id='word_1_429' title='bbox 563 4879 588 4928; x_wconf 89' lang='lat' dir='ltr'><strong>in</strong></span> <span class='ocrx_word' id='word_1_430' title='bbox 600 4878 624 4926; x_wconf 94' lang='lat' dir='ltr'>V</span> <span class='ocrx_word' id='word_1_431' title='bbox 635 4891 742 4942; x_wconf 90' lang='lat' dir='ltr'><strong>quoque</strong></span> <span class='ocrx_word' id='word_1_432' title='bbox 759 4880 863 4928; x_wconf 81' lang='lat' dir='ltr'><strong>exstare</strong></span> <span class='ocrx_word' id='word_1_433' title='bbox 881 4877 944 4927; x_wconf 86' lang='lat' dir='ltr'><strong>dicit</strong></span> <span class='ocrx_word' id='word_1_434' title='bbox 956 4878 1095 4936; x_wconf 83' lang='lat' dir='ltr'><strong>Garatoni;</strong></span> <span class='ocrx_word' id='word_1_435' title='bbox 1115 4876 1148 4926; x_wconf 86' lang='lat' dir='ltr'><strong>cl.</strong></span> <span class='ocrx_word' id='word_1_436' title='bbox 1169 4877 1194 4925; x_wconf 89' lang='lat' dir='ltr'><strong>in</strong></span> <span class='ocrx_word' id='word_1_437' title='bbox 1212 4875 1342 4935; x_wconf 85' lang='lat' dir='ltr'><strong>Verr.1V,</strong></span> <span class='ocrx_word' id='word_1_438' title='bbox 1362 4874 1377 4938; x_wconf 75' lang='lat'>5</span> <span class='ocrx_word' id='word_1_439' title='bbox 1394 4875 1434 4924; x_wconf 80' lang='lat' dir='ltr'><strong>ot.</strong></span> <span class='ocrx_word' id='word_1_440' title='bbox 1452 4876 1478 4924; x_wconf 90' lang='lat' dir='ltr'><strong>in</strong></span> <span class='ocrx_word' id='word_1_441' title='bbox 1496 4878 1553 4927; x_wconf 85' lang='lat' dir='ltr'><strong>Cat.</strong></span> <span class='ocrx_word' id='word_1_442' title='bbox 1567 4879 1587 4938; x_wconf 87' lang='lat' dir='ltr'><strong>l,</strong></span> 
     </span>
     <span class='ocr_line' id='line_1_40' title="bbox 263 4949 1586 5020; baseline -0.003 -14"><span class='ocrx_word' id='word_1_443' title='bbox 263 4958 278 5020; x_wconf 67' lang='lat'>5</span> <span class='ocrx_word' id='word_1_444' title='bbox 296 4955 320 5006; x_wconf 83' lang='grc'><strong>4.</strong></span> <span class='ocrx_word' id='word_1_445' title='bbox 341 4981 367 4993; x_wconf 95' lang='grc'>-</span> <span class='ocrx_word' id='word_1_446' title='bbox 385 4956 483 5018; x_wconf 76' lang='lat' dir='ltr'><strong>anteque</strong></span> <span class='ocrx_word' id='word_1_447' title='bbox 499 4962 579 5004; x_wconf 89' lang='lat' dir='ltr'><strong>at·-</strong></span> <span class='ocrx_word' id='word_1_448' title='bbox 598 4955 743 5003; x_wconf 82' lang='lat' dir='ltr'><strong>sententiam</strong></span> <span class='ocrx_word' id='word_1_449' title='bbox 759 4954 781 5001; x_wconf 96' lang='lat' dir='ltr'>V</span> <span class='ocrx_word' id='word_1_450' title='bbox 797 4980 830 4990; x_wconf 94' lang='lat'><em>-</em></span> <span class='ocrx_word' id='word_1_451' title='bbox 847 4953 886 5002; x_wconf 81' lang='grc'><strong>43.</strong></span> <span class='ocrx_word' id='word_1_452' title='bbox 904 4965 959 5001; x_wconf 84' lang='lat' dir='ltr'><strong>sam</strong></span> <span class='ocrx_word' id='word_1_453' title='bbox 976 4951 1039 4998; x_wconf 91' lang='lat' dir='ltr'><strong>V-</strong></span> <span class='ocrx_word' id='word_1_454' title='bbox 1058 4951 1085 5001; x_wconf 85' lang='lat' dir='ltr'><strong>C.</strong></span> <span class='ocrx_word' id='word_1_455' title='bbox 1108 4950 1247 5000; x_wconf 71' lang='lat' dir='ltr'><strong>Turranius</strong></span> <span class='ocrx_word' id='word_1_456' title='bbox 1263 4949 1298 4998; x_wconf 88' lang='lat' dir='ltr'><strong>V:</strong></span> <span class='ocrx_word' id='word_1_457' title='bbox 1316 4962 1351 4998; x_wconf 87' lang='lat' dir='ltr'><strong>nr.</strong></span> <span class='ocrx_word' id='word_1_458' title='bbox 1369 4952 1535 5001; x_wconf 68' lang='lat' dir='ltr'><strong>ammonias</strong></span> <span class='ocrx_word' id='word_1_459' title='bbox 1552 4953 1586 5008; x_wconf 80' lang='lat' dir='ltr'><strong>D:</strong></span> 
     </span>
     <span class='ocr_line' id='line_1_41' title="bbox 263 5025 1584 5089; baseline -0.005 -8"><span class='ocrx_word' id='word_1_460' title='bbox 263 5030 304 5081; x_wconf 76' lang='lat' dir='ltr'><strong>M.</strong></span> <span class='ocrx_word' id='word_1_461' title='bbox 324 5031 447 5079; x_wconf 77' lang='grc'><strong>44444444</strong></span> <span class='ocrx_word' id='word_1_462' title='bbox 467 5031 486 5080; x_wconf 93' lang='lat'>0</span> <span class='ocrx_word' id='word_1_463' title='bbox 509 5042 571 5081; x_wconf 93' lang='lat' dir='ltr'><strong>cum</strong></span> <span class='ocrx_word' id='word_1_464' title='bbox 594 5031 714 5078; x_wconf 86' lang='lat' dir='ltr'><strong>Grutero.</strong></span> <span class='ocrx_word' id='word_1_465' title='bbox 738 5054 765 5064; x_wconf 91' lang='lat'><em>-</em></span> <span class='ocrx_word' id='word_1_466' title='bbox 792 5027 832 5079; x_wconf 87' lang='lat' dir='ltr'><strong>tt.</strong></span> <span class='ocrx_word' id='word_1_467' title='bbox 857 5029 899 5089; x_wconf 81' lang='lat' dir='ltr'><strong>Sp.</strong></span> <span class='ocrx_word' id='word_1_468' title='bbox 918 5026 957 5074; x_wconf 91' lang='lat' dir='ltr'><strong>V:</strong></span> <span class='ocrx_word' id='word_1_469' title='bbox 984 5027 1011 5075; x_wconf 85' lang='lat' dir='ltr'><strong>P.</strong></span> <span class='ocrx_word' id='word_1_470' title='bbox 1034 5027 1085 5075; x_wconf 86' lang='lat' dir='ltr'><strong>Do</strong></span> <span class='ocrx_word' id='word_1_471' title='bbox 1110 5052 1138 5063; x_wconf 97' lang='lat'><em>-</em></span> <span class='ocrx_word' id='word_1_472' title='bbox 1163 5026 1221 5088; x_wconf 81' lang='lat' dir='ltr'><strong>pins</strong></span> <span class='ocrx_word' id='word_1_473' title='bbox 1237 5026 1259 5074; x_wconf 86' lang='lat' dir='ltr'><strong>ei</strong></span> <span class='ocrx_word' id='word_1_474' title='bbox 1278 5025 1299 5071; x_wconf 93' lang='lat' dir='ltr'>V</span> <span class='ocrx_word' id='word_1_475' title='bbox 1317 5037 1386 5075; x_wconf 91' lang='lat' dir='ltr'><strong>corr.</strong></span> <span class='ocrx_word' id='word_1_476' title='bbox 1406 5038 1438 5075; x_wconf 81' lang='lat' dir='ltr'><strong>er</strong></span> <span class='ocrx_word' id='word_1_477' title='bbox 1453 5039 1501 5088; x_wconf 76' lang='lat' dir='ltr'><strong>par</strong></span> <span class='ocrx_word' id='word_1_478' title='bbox 1516 5031 1540 5076; x_wconf 89' lang='grc'><strong>44</strong></span> <span class='ocrx_word' id='word_1_479' title='bbox 1556 5052 1584 5062; x_wconf 91' lang='grc'><strong>-</strong></span> 
     </span>
     <span class='ocr_line' id='line_1_42' title="bbox 263 5099 1587 5170; baseline -0.003 -15"><span class='ocrx_word' id='word_1_480' title='bbox 263 5104 622 5170; x_wconf 68' lang='lat' dir='ltr'><strong>tattttattntpsot-</strong></span> <span class='ocrx_word' id='word_1_481' title='bbox 646 5116 786 5155; x_wconf 73' lang='grc'><strong>44444444</strong></span> <span class='ocrx_word' id='word_1_482' title='bbox 809 5104 844 5152; x_wconf 88' lang='lat' dir='ltr'><strong>V:</strong></span> <span class='ocrx_word' id='word_1_483' title='bbox 870 5102 1143 5152; x_wconf 73' lang='grc'><strong>444444444414-</strong></span> <span class='ocrx_word' id='word_1_484' title='bbox 1167 5100 1260 5152; x_wconf 75' lang='lat' dir='ltr'><strong>tunt.</strong></span> <span class='ocrx_word' id='word_1_485' title='bbox 1282 5099 1437 5150; x_wconf 79' lang='lat' dir='ltr'><strong>VsdiliurV:</strong></span> <span class='ocrx_word' id='word_1_486' title='bbox 1462 5102 1587 5151; x_wconf 87' lang='lat' dir='ltr'><strong>nell)-</strong></span> 
     </span>
     <span class='ocr_line' id='line_1_43' title="bbox 263 5172 1588 5242; baseline -0.005 -12"><span class='ocrx_word' id='word_1_487' title='bbox 263 5180 412 5230; x_wconf 82' lang='lat' dir='ltr'><strong>ancton&#39;tatr</strong></span> <span class='ocrx_word' id='word_1_488' title='bbox 427 5178 490 5229; x_wconf 83' lang='lat' dir='ltr'><strong>aht</strong></span> <span class='ocrx_word' id='word_1_489' title='bbox 508 5205 535 5215; x_wconf 90' lang='lat'><strong>-·</strong></span> <span class='ocrx_word' id='word_1_490' title='bbox 553 5184 766 5242; x_wconf 74' lang='lat' dir='ltr'><strong>optemperatum</strong></span> <span class='ocrx_word' id='word_1_491' title='bbox 780 5179 823 5228; x_wconf 89' lang='lat' dir='ltr'><strong>Vt</strong></span> <span class='ocrx_word' id='word_1_492' title='bbox 841 5203 869 5214; x_wconf 95' lang='lat'>-</span> <span class='ocrx_word' id='word_1_493' title='bbox 892 5177 932 5226; x_wconf 84' lang='lat' dir='ltr'><strong>tt.</strong></span> <span class='ocrx_word' id='word_1_494' title='bbox 951 5189 1011 5241; x_wconf 79' lang='lat' dir='ltr'><strong>erqo</strong></span> <span class='ocrx_word' id='word_1_495' title='bbox 1028 5179 1107 5227; x_wconf 86' lang='lat' dir='ltr'><strong>at-</strong></span> <span class='ocrx_word' id='word_1_496' title='bbox 1127 5177 1251 5226; x_wconf 77' lang='grc'><strong>4444444444</strong></span> <span class='ocrx_word' id='word_1_497' title='bbox 1267 5177 1357 5237; x_wconf 72' lang='lat' dir='ltr'><strong>noan</strong></span> <span class='ocrx_word' id='word_1_498' title='bbox 1372 5178 1383 5226; x_wconf 86' lang='grc'><strong>4</strong></span> <span class='ocrx_word' id='word_1_499' title='bbox 1401 5202 1428 5212; x_wconf 95' lang='grc'><strong>-</strong></span> <span class='ocrx_word' id='word_1_500' title='bbox 1449 5175 1488 5225; x_wconf 88' lang='grc'><strong>49.</strong></span> <span class='ocrx_word' id='word_1_501' title='bbox 1505 5172 1588 5232; x_wconf 77' lang='grc'><strong>444444</strong></span> 
     </span>
     <span class='ocr_line' id='line_1_44' title="bbox 266 5248 1591 5315; baseline -0.004 -11"><span class='ocrx_word' id='word_1_502' title='bbox 266 5281 292 5291; x_wconf 92' lang='grc'>-</span> <span class='ocrx_word' id='word_1_503' title='bbox 311 5255 352 5304; x_wconf 80' lang='lat'><strong>20.</strong></span> <span class='ocrx_word' id='word_1_504' title='bbox 369 5265 392 5303; x_wconf 88' lang='lat' dir='ltr'><strong>c.</strong></span> <span class='ocrx_word' id='word_1_505' title='bbox 410 5254 485 5304; x_wconf 85' lang='grc'><strong>444444</strong></span> <span class='ocrx_word' id='word_1_506' title='bbox 500 5254 535 5312; x_wconf 78' lang='lat' dir='ltr'><strong>V:</strong></span> <span class='ocrx_word' id='word_1_507' title='bbox 558 5267 580 5304; x_wconf 87' lang='grc'><strong>4.</strong></span> <span class='ocrx_word' id='word_1_508' title='bbox 598 5255 699 5304; x_wconf 83' lang='grc'><strong>44444444</strong></span> <span class='ocrx_word' id='word_1_509' title='bbox 714 5268 743 5312; x_wconf 81' lang='lat' dir='ltr'><strong>a:</strong></span> <span class='ocrx_word' id='word_1_510' title='bbox 761 5267 783 5303; x_wconf 89' lang='lat' dir='ltr'><strong>c.</strong></span> <span class='ocrx_word' id='word_1_511' title='bbox 800 5251 920 5302; x_wconf 77' lang='grc'><strong>4444444444</strong></span> <span class='ocrx_word' id='word_1_512' title='bbox 936 5253 963 5310; x_wconf 89' lang='grc'><strong>4;</strong></span> <span class='ocrx_word' id='word_1_513' title='bbox 986 5266 1008 5301; x_wconf 87' lang='grc'><strong>4.</strong></span> <span class='ocrx_word' id='word_1_514' title='bbox 1026 5251 1143 5300; x_wconf 81' lang='grc'><strong>4444444444</strong></span> <span class='ocrx_word' id='word_1_515' title='bbox 1163 5263 1193 5315; x_wconf 84' lang='grc'><strong>3;</strong></span> <span class='ocrx_word' id='word_1_516' title='bbox 1216 5248 1400 5301; x_wconf 70' lang='lat' dir='ltr'><strong>canonino</strong></span> <span class='ocrx_word' id='word_1_517' title='bbox 1420 5276 1447 5286; x_wconf 91' lang='grc'>-</span> <span class='ocrx_word' id='word_1_518' title='bbox 1465 5250 1591 5312; x_wconf 80' lang='lat' dir='ltr'><strong>repudiati</strong></span> 
     </span>
     <span class='ocr_line' id='line_1_45' title="bbox 263 5323 1591 5394; baseline -0.002 -17"><span class='ocrx_word' id='word_1_519' title='bbox 263 5329 306 5390; x_wconf 92' lang='lat' dir='ltr'><strong>V¹‚</strong></span> <span class='ocrx_word' id='word_1_520' title='bbox 325 5328 384 5378; x_wconf 84' lang='lat' dir='ltr'><strong>tort.</strong></span> <span class='ocrx_word' id='word_1_521' title='bbox 396 5330 512 5391; x_wconf 79' lang='lat' dir='ltr'><strong>rspattat</strong></span> <span class='ocrx_word' id='word_1_522' title='bbox 524 5356 551 5366; x_wconf 92' lang='lat'>-</span> <span class='ocrx_word' id='word_1_523' title='bbox 564 5331 604 5381; x_wconf 80' lang='lat' dir='ltr'><strong>tt.</strong></span> <span class='ocrx_word' id='word_1_524' title='bbox 618 5331 677 5394; x_wconf 77' lang='grc'><strong>4444</strong></span> <span class='ocrx_word' id='word_1_525' title='bbox 687 5330 711 5378; x_wconf 92' lang='lat' dir='ltr'>V</span> <span class='ocrx_word' id='word_1_526' title='bbox 720 5356 747 5365; x_wconf 93' lang='lat'><em>-</em></span> <span class='ocrx_word' id='word_1_527' title='bbox 767 5330 794 5379; x_wconf 87' lang='lat' dir='ltr'><strong>l..</strong></span> <span class='ocrx_word' id='word_1_528' title='bbox 807 5327 901 5378; x_wconf 78' lang='grc'><strong>,444444</strong></span> <span class='ocrx_word' id='word_1_529' title='bbox 912 5327 948 5375; x_wconf 89' lang='lat' dir='ltr'><strong>V:</strong></span> <span class='ocrx_word' id='word_1_530' title='bbox 970 5327 995 5376; x_wconf 82' lang='lat' dir='ltr'><strong>T.</strong></span> <span class='ocrx_word' id='word_1_531' title='bbox 1007 5325 1128 5376; x_wconf 81' lang='grc'><strong>44444444</strong></span> <span class='ocrx_word' id='word_1_532' title='bbox 1139 5326 1160 5375; x_wconf 90' lang='lat' dir='ltr'>D</span> <span class='ocrx_word' id='word_1_533' title='bbox 1174 5325 1232 5387; x_wconf 84' lang='lat' dir='ltr'><strong>(sed</strong></span> <span class='ocrx_word' id='word_1_534' title='bbox 1243 5329 1254 5375; x_wconf 94' lang='lat' dir='ltr'><strong>t</strong></span> <span class='ocrx_word' id='word_1_535' title='bbox 1265 5337 1319 5375; x_wconf 90' lang='lat' dir='ltr'><strong>om.</strong></span> <span class='ocrx_word' id='word_1_536' title='bbox 1334 5323 1383 5386; x_wconf 74' lang='lat' dir='ltr'><strong>nt:</strong></span> <span class='ocrx_word' id='word_1_537' title='bbox 1401 5325 1459 5388; x_wconf 83' lang='lat' dir='ltr'><strong>†l..</strong></span> <span class='ocrx_word' id='word_1_538' title='bbox 1471 5325 1591 5374; x_wconf 81' lang='grc'><strong>,44444444</strong></span> 
     </span>
     <span class='ocr_line' id='line_1_46' title="bbox 263 5400 1590 5456; baseline -0.005 -3"><span class='ocrx_word' id='word_1_539' title='bbox 263 5405 323 5453; x_wconf 92' lang='lat'><strong>0-</strong></span> <span class='ocrx_word' id='word_1_540' title='bbox 341 5405 376 5453; x_wconf 85' lang='lat' dir='ltr'><strong>tt.</strong></span> <span class='ocrx_word' id='word_1_541' title='bbox 395 5404 461 5455; x_wconf 90' lang='lat' dir='ltr'><strong>VD:</strong></span> <span class='ocrx_word' id='word_1_542' title='bbox 479 5410 503 5455; x_wconf 85' lang='grc'><strong>44</strong></span> <span class='ocrx_word' id='word_1_543' title='bbox 518 5406 628 5456; x_wconf 87' lang='lat' dir='ltr'><strong>tt.0-</strong></span> <span class='ocrx_word' id='word_1_544' title='bbox 646 5403 769 5456; x_wconf 71' lang='grc'><strong>444443.</strong></span> <span class='ocrx_word' id='word_1_545' title='bbox 787 5403 917 5453; x_wconf 82' lang='lat' dir='ltr'><strong>enimam.</strong></span> <span class='ocrx_word' id='word_1_546' title='bbox 933 5404 944 5451; x_wconf 83' lang='lat' dir='ltr'><strong>t</strong></span> <span class='ocrx_word' id='word_1_547' title='bbox 961 5429 986 5439; x_wconf 94' lang='lat'><em>-</em></span> <span class='ocrx_word' id='word_1_548' title='bbox 1007 5401 1203 5451; x_wconf 67' lang='grc'><strong>4444444444</strong></span> <span class='ocrx_word' id='word_1_549' title='bbox 1218 5401 1253 5449; x_wconf 89' lang='lat' dir='ltr'><strong>V:</strong></span> <span class='ocrx_word' id='word_1_550' title='bbox 1273 5400 1487 5449; x_wconf 72' lang='grc'><strong>4444444441)-</strong></span> <span class='ocrx_word' id='word_1_551' title='bbox 1502 5404 1590 5449; x_wconf 87' lang='lat' dir='ltr'><strong>onata·</strong></span> 
     </span>
     <span class='ocr_line' id='line_1_47' title="bbox 263 5473 1590 5542; baseline -0.004 -14"><span class='ocrx_word' id='word_1_552' title='bbox 263 5480 319 5528; x_wconf 87' lang='lat' dir='ltr'><strong>ninr</strong></span> <span class='ocrx_word' id='word_1_553' title='bbox 329 5476 360 5528; x_wconf 93' lang='lat' dir='ltr'><strong>V¹</strong></span> <span class='ocrx_word' id='word_1_554' title='bbox 372 5506 398 5516; x_wconf 95' lang='lat'>-</span> <span class='ocrx_word' id='word_1_555' title='bbox 410 5479 451 5530; x_wconf 74' lang='lat'><strong>23.</strong></span> <span class='ocrx_word' id='word_1_556' title='bbox 464 5479 520 5529; x_wconf 83' lang='grc'><strong>444.</strong></span> <span class='ocrx_word' id='word_1_557' title='bbox 534 5480 675 5542; x_wconf 77' lang='lat' dir='ltr'><strong>semper-V:</strong></span> <span class='ocrx_word' id='word_1_558' title='bbox 693 5476 856 5541; x_wconf 81' lang='lat' dir='ltr'><strong>rernpcrhab.</strong></span> <span class='ocrx_word' id='word_1_559' title='bbox 868 5478 925 5526; x_wconf 85' lang='lat' dir='ltr'><strong>D-</strong></span> <span class='ocrx_word' id='word_1_560' title='bbox 940 5476 1110 5527; x_wconf 69' lang='lat' dir='ltr'><strong>Caluninstlz</strong></span> <span class='ocrx_word' id='word_1_561' title='bbox 1129 5475 1235 5526; x_wconf 81' lang='grc'><strong>44444444</strong></span> <span class='ocrx_word' id='word_1_562' title='bbox 1246 5473 1268 5522; x_wconf 97' lang='lat' dir='ltr'>V</span> <span class='ocrx_word' id='word_1_563' title='bbox 1279 5499 1305 5510; x_wconf 97' lang='lat'>-</span> <span class='ocrx_word' id='word_1_564' title='bbox 1318 5473 1358 5523; x_wconf 76' lang='lat' dir='ltr'><strong>Ml.</strong></span> <span class='ocrx_word' id='word_1_565' title='bbox 1372 5475 1408 5523; x_wconf 88' lang='grc'><strong>44.</strong></span> <span class='ocrx_word' id='word_1_566' title='bbox 1421 5475 1590 5525; x_wconf 68' lang='lat' dir='ltr'><strong>mantnano</strong></span> 
     </span>
     <span class='ocr_line' id='line_1_48' title="bbox 264 5549 1591 5617; baseline -0.003 -17"><span class='ocrx_word' id='word_1_567' title='bbox 264 5554 297 5600; x_wconf 90' lang='lat' dir='ltr'><strong>V:</strong></span> <span class='ocrx_word' id='word_1_568' title='bbox 314 5554 393 5602; x_wconf 82' lang='grc'><strong>444444</strong></span> <span class='ocrx_word' id='word_1_569' title='bbox 407 5554 456 5603; x_wconf 82' lang='lat' dir='ltr'><strong>niti</strong></span> <span class='ocrx_word' id='word_1_570' title='bbox 472 5555 517 5603; x_wconf 87' lang='grc'><strong>4444</strong></span> <span class='ocrx_word' id='word_1_571' title='bbox 534 5555 613 5616; x_wconf 71' lang='lat' dir='ltr'><strong>(Viam</strong></span> <span class='ocrx_word' id='word_1_572' title='bbox 630 5554 681 5617; x_wconf 86' lang='lat' dir='ltr'><strong>ab)</strong></span> <span class='ocrx_word' id='word_1_573' title='bbox 700 5554 776 5613; x_wconf 80' lang='lat' dir='ltr'><strong>aht3</strong></span> <span class='ocrx_word' id='word_1_574' title='bbox 794 5566 828 5603; x_wconf 82' lang='lat' dir='ltr'><strong>tn.</strong></span> <span class='ocrx_word' id='word_1_575' title='bbox 847 5553 924 5603; x_wconf 79' lang='grc'><strong>444444</strong></span> <span class='ocrx_word' id='word_1_576' title='bbox 939 5553 987 5602; x_wconf 78' lang='lat' dir='ltr'><strong>nisi</strong></span> <span class='ocrx_word' id='word_1_577' title='bbox 1004 5552 1074 5601; x_wconf 83' lang='lat' dir='ltr'><strong>illam</strong></span> <span class='ocrx_word' id='word_1_578' title='bbox 1091 5565 1120 5614; x_wconf 86' lang='grc'><strong>3;</strong></span> <span class='ocrx_word' id='word_1_579' title='bbox 1138 5553 1174 5602; x_wconf 84' lang='grc' dir='ltr'><strong>Μ,</strong></span> <span class='ocrx_word' id='word_1_580' title='bbox 1192 5549 1270 5599; x_wconf 77' lang='lat' dir='ltr'><strong>lccittt</strong></span> <span class='ocrx_word' id='word_1_581' title='bbox 1285 5549 1443 5607; x_wconf 77' lang='grc' dir='ltr'><strong>844444444ος</strong></span> <span class='ocrx_word' id='word_1_582' title='bbox 1462 5562 1495 5599; x_wconf 85' lang='lat' dir='ltr'><strong>ex</strong></span> <span class='ocrx_word' id='word_1_583' title='bbox 1511 5549 1591 5598; x_wconf 84' lang='grc'><strong>444444</strong></span> 
     </span>
     <span class='ocr_line' id='line_1_49' title="bbox 263 5622 1591 5690; baseline -0.002 -15"><span class='ocrx_word' id='word_1_584' title='bbox 263 5628 331 5676; x_wconf 89' lang='lat' dir='ltr'><strong>coni.</strong></span> <span class='ocrx_word' id='word_1_585' title='bbox 351 5628 472 5677; x_wconf 88' lang='lat' dir='ltr'><strong>Garatoni</strong></span> <span class='ocrx_word' id='word_1_586' title='bbox 489 5629 604 5688; x_wconf 74' lang='lat' dir='ltr'><strong>Coscinii,</strong></span> <span class='ocrx_word' id='word_1_587' title='bbox 623 5630 705 5678; x_wconf 88' lang='lat' dir='ltr'><strong>immo</strong></span> <span class='ocrx_word' id='word_1_588' title='bbox 723 5628 815 5679; x_wconf 84' lang='lat' dir='ltr'><strong>Corinii</strong></span> <span class='ocrx_word' id='word_1_589' title='bbox 828 5654 855 5664; x_wconf 95' lang='lat'><em>-</em></span> <span class='ocrx_word' id='word_1_590' title='bbox 873 5630 914 5678; x_wconf 75' lang='lat'><strong>26.</strong></span> <span class='ocrx_word' id='word_1_591' title='bbox 935 5628 976 5690; x_wconf 76' lang='grc'><strong>(4]</strong></span> <span class='ocrx_word' id='word_1_592' title='bbox 994 5641 1058 5690; x_wconf 81' lang='lat' dir='ltr'><strong>qaae</strong></span> <span class='ocrx_word' id='word_1_593' title='bbox 1074 5640 1115 5690; x_wconf 86' lang='grc'><strong>43</strong></span> <span class='ocrx_word' id='word_1_594' title='bbox 1129 5654 1155 5664; x_wconf 97' lang='grc'>-</span> <span class='ocrx_word' id='word_1_595' title='bbox 1174 5627 1254 5678; x_wconf 81' lang='lat' dir='ltr'><strong>Cassii</strong></span> <span class='ocrx_word' id='word_1_596' title='bbox 1270 5628 1346 5688; x_wconf 84' lang='lat' dir='ltr'><strong>agt:</strong></span> <span class='ocrx_word' id='word_1_597' title='bbox 1364 5626 1430 5675; x_wconf 82' lang='grc'><strong>44444</strong></span> <span class='ocrx_word' id='word_1_598' title='bbox 1445 5622 1508 5682; x_wconf 72' lang='lat' dir='ltr'><strong>Vh:</strong></span> <span class='ocrx_word' id='word_1_599' title='bbox 1528 5624 1591 5673; x_wconf 83' lang='lat' dir='ltr'><strong>Car-</strong></span> 
     </span>
     <span class='ocr_line' id='line_1_50' title="bbox 263 5699 1592 5766; baseline -0.002 -17"><span class='ocrx_word' id='word_1_600' title='bbox 263 5703 314 5750; x_wconf 81' lang='grc'><strong>4444</strong></span> <span class='ocrx_word' id='word_1_601' title='bbox 330 5702 350 5749; x_wconf 93' lang='lat'>0</span> <span class='ocrx_word' id='word_1_602' title='bbox 368 5727 395 5737; x_wconf 94' lang='lat'>-</span> <span class='ocrx_word' id='word_1_603' title='bbox 413 5703 535 5765; x_wconf 79' lang='lat' dir='ltr'><strong>Hispania</strong></span> <span class='ocrx_word' id='word_1_604' title='bbox 551 5702 607 5752; x_wconf 87' lang='lat' dir='ltr'><strong>Vt:</strong></span> <span class='ocrx_word' id='word_1_605' title='bbox 626 5704 744 5765; x_wconf 82' lang='lat' dir='ltr'><strong>hispania</strong></span> <span class='ocrx_word' id='word_1_606' title='bbox 760 5708 796 5753; x_wconf 83' lang='lat' dir='ltr'><strong>ast</strong></span> <span class='ocrx_word' id='word_1_607' title='bbox 811 5716 867 5765; x_wconf 84' lang='lat' dir='ltr'><strong>ag;</strong></span> <span class='ocrx_word' id='word_1_608' title='bbox 885 5704 1028 5766; x_wconf 80' lang='lat' dir='ltr'><strong>ntspantam</strong></span> <span class='ocrx_word' id='word_1_609' title='bbox 1044 5707 1079 5751; x_wconf 83' lang='grc'><strong>444</strong></span> <span class='ocrx_word' id='word_1_610' title='bbox 1096 5701 1129 5759; x_wconf 77' lang='lat' dir='ltr'><strong>h:</strong></span> <span class='ocrx_word' id='word_1_611' title='bbox 1146 5702 1295 5764; x_wconf 77' lang='lat' dir='ltr'><strong>Hispaniam</strong></span> <span class='ocrx_word' id='word_1_612' title='bbox 1310 5701 1331 5750; x_wconf 92' lang='lat'>0</span> <span class='ocrx_word' id='word_1_613' title='bbox 1344 5726 1371 5736; x_wconf 93' lang='lat'>-</span> <span class='ocrx_word' id='word_1_614' title='bbox 1390 5701 1431 5749; x_wconf 72' lang='lat' dir='ltr'><strong>hl.</strong></span> <span class='ocrx_word' id='word_1_615' title='bbox 1447 5699 1592 5760; x_wconf 75' lang='grc'><strong>444444444-</strong></span> 
     </span>
     <span class='ocr_line' id='line_1_51' title="bbox 263 5774 1590 5839; baseline -0.002 -15"><span class='ocrx_word' id='word_1_616' title='bbox 263 5776 409 5825; x_wconf 69' lang='lat' dir='ltr'><strong>rumorido</strong></span> <span class='ocrx_word' id='word_1_617' title='bbox 427 5779 436 5825; x_wconf 91' lang='lat' dir='ltr'><strong>t</strong></span> <span class='ocrx_word' id='word_1_618' title='bbox 455 5803 481 5813; x_wconf 92' lang='lat'><em>-</em></span> <span class='ocrx_word' id='word_1_619' title='bbox 499 5789 626 5826; x_wconf 78' lang='lat' dir='ltr'><strong>caesarem</strong></span> <span class='ocrx_word' id='word_1_620' title='bbox 643 5790 685 5839; x_wconf 85' lang='lat' dir='ltr'><strong>ag</strong></span> <span class='ocrx_word' id='word_1_621' title='bbox 704 5802 730 5812; x_wconf 91' lang='lat'><em>—</em></span> <span class='ocrx_word' id='word_1_622' title='bbox 750 5777 791 5826; x_wconf 80' lang='lat'><strong>28.</strong></span> <span class='ocrx_word' id='word_1_623' title='bbox 810 5778 920 5828; x_wconf 83' lang='lat' dir='ltr'><strong>adtatirti</strong></span> <span class='ocrx_word' id='word_1_624' title='bbox 937 5779 999 5825; x_wconf 96' lang='lat' dir='ltr'><strong>V-</strong></span> <span class='ocrx_word' id='word_1_625' title='bbox 1019 5777 1175 5838; x_wconf 80' lang='lat' dir='ltr'><strong>tnproatram</strong></span> <span class='ocrx_word' id='word_1_626' title='bbox 1191 5777 1254 5838; x_wconf 73' lang='lat' dir='ltr'><strong>Vg:</strong></span> <span class='ocrx_word' id='word_1_627' title='bbox 1271 5776 1404 5839; x_wconf 76' lang='lat' dir='ltr'><strong>impulsam</strong></span> <span class='ocrx_word' id='word_1_628' title='bbox 1421 5778 1471 5825; x_wconf 84' lang='lat' dir='ltr'><strong>t-</strong></span> <span class='ocrx_word' id='word_1_629' title='bbox 1490 5775 1531 5824; x_wconf 77' lang='lat'><strong>29.</strong></span> <span class='ocrx_word' id='word_1_630' title='bbox 1547 5774 1590 5835; x_wconf 77' lang='grc'><strong>[4-</strong></span> 
     </span>
     <span class='ocr_line' id='line_1_52' title="bbox 264 5847 1587 5917; baseline 0.002 -18"><span class='ocrx_word' id='word_1_631' title='bbox 264 5853 333 5914; x_wconf 78' lang='lat' dir='ltr'><strong>pion</strong></span> <span class='ocrx_word' id='word_1_632' title='bbox 348 5851 409 5900; x_wconf 83' lang='grc'><strong>4444</strong></span> <span class='ocrx_word' id='word_1_633' title='bbox 425 5853 436 5901; x_wconf 87' lang='grc'><strong>4</strong></span> <span class='ocrx_word' id='word_1_634' title='bbox 452 5876 479 5886; x_wconf 95' lang='grc'><strong>-</strong></span> <span class='ocrx_word' id='word_1_635' title='bbox 497 5850 554 5913; x_wconf 72' lang='lat' dir='ltr'><strong>(ecit</strong></span> <span class='ocrx_word' id='word_1_636' title='bbox 570 5852 591 5899; x_wconf 94' lang='lat' dir='ltr'>V</span> <span class='ocrx_word' id='word_1_637' title='bbox 609 5847 680 5914; x_wconf 69' lang='grc'><strong>(44444</strong></span> <span class='ocrx_word' id='word_1_638' title='bbox 698 5851 784 5913; x_wconf 72' lang='grc'><strong>4444444</strong></span> <span class='ocrx_word' id='word_1_639' title='bbox 799 5852 850 5901; x_wconf 88' lang='lat' dir='ltr'><strong>D0</strong></span> <span class='ocrx_word' id='word_1_640' title='bbox 869 5879 896 5889; x_wconf 94' lang='lat'><em>-</em></span> <span class='ocrx_word' id='word_1_641' title='bbox 915 5852 956 5903; x_wconf 84' lang='lat'><strong>30.</strong></span> <span class='ocrx_word' id='word_1_642' title='bbox 971 5864 1120 5915; x_wconf 79' lang='lat' dir='ltr'><strong>persequens</strong></span> <span class='ocrx_word' id='word_1_643' title='bbox 1135 5865 1150 5901; x_wconf 90' lang='grc'><strong>4</strong></span> <span class='ocrx_word' id='word_1_644' title='bbox 1167 5879 1190 5889; x_wconf 97' lang='grc'>-</span> <span class='ocrx_word' id='word_1_645' title='bbox 1208 5852 1264 5917; x_wconf 76' lang='lat' dir='ltr'><strong>sors</strong></span> <span class='ocrx_word' id='word_1_646' title='bbox 1280 5851 1344 5902; x_wconf 92' lang='lat' dir='ltr'><strong>Vh:</strong></span> <span class='ocrx_word' id='word_1_647' title='bbox 1360 5851 1474 5914; x_wconf 77' lang='grc'><strong>[4444444</strong></span> <span class='ocrx_word' id='word_1_648' title='bbox 1490 5853 1587 5916; x_wconf 81' lang='grc'><strong>434-</strong></span> 
     </span>
     <span class='ocr_line' id='line_1_53' title="bbox 265 5927 931 5992; baseline -0.002 -16"><span class='ocrx_word' id='word_1_649' title='bbox 265 5939 338 5988; x_wconf 82' lang='grc'><strong>44444</strong></span> <span class='ocrx_word' id='word_1_650' title='bbox 354 5939 430 5992; x_wconf 80' lang='lat' dir='ltr'><strong>nsque</strong></span> <span class='ocrx_word' id='word_1_651' title='bbox 447 5927 578 5980; x_wconf 85' lang='lat' dir='ltr'><strong>Muretus:</strong></span> <span class='ocrx_word' id='word_1_652' title='bbox 596 5940 708 5991; x_wconf 79' lang='lat' dir='ltr'><strong>seqnasq.</strong></span> <span class='ocrx_word' id='word_1_653' title='bbox 728 5928 761 5987; x_wconf 74' lang='lat' dir='ltr'><strong>V,</strong></span> <span class='ocrx_word' id='word_1_654' title='bbox 779 5940 856 5990; x_wconf 84' lang='lat' dir='ltr'><strong>nsqno</strong></span> <span class='ocrx_word' id='word_1_655' title='bbox 872 5927 931 5977; x_wconf 90' lang='lat' dir='ltr'><strong>DO.</strong></span> 
     </span>
    </p>
   </div>
   <div class='ocr_carea' id='block_1_5' title="bbox 0 0 1907 7348">
    <p class='ocr_par' dir='ltr' id='par_1_5' title="bbox 0 0 1907 7348">
     <span class='ocr_line' id='line_1_54' title="bbox 0 0 1907 7348; baseline 0 0"><span class='ocrx_word' id='word_1_656' title='bbox 0 0 1907 7348; x_wconf 95' lang='lat' dir='ltr'><strong> </strong></span> 
     </span>
    </p>
   </div>
  </div>
 </body>
</html>
