3800 7350
737 1220 810 1285 cr».
832 1222 902 1285 xn.
928 1219 975 1305 pp
997 1217 1144 1285 sr-at.
1524 1220 1605 1287 raas

289 1412 394 1456 nonne
416 1411 454 1454 eo
477 1411 517 1454 ex
539 1390 629 1454 ltalia
650 1392 782 1455 consilio
804 1391 963 1475 proiectus
986 1398 1051 1466 est,
1079 1399 1115 1454 ut
1143 1393 1326 1477 prohiberet
1348 1393 1438 1478 Syria
1458 1392 1604 1457 Dolabel·

288 1488 372 1550 lam‘t
405 1485 475 1562 Qua
497 1487 587 1568 leget
615 1506 679 1571 quo
701 1488 790 1549 iuret
820 1487 880 1559 Eo,
912 1486 996 1569 quod
1027 1486 1170 1570 luppiter
1190 1486 1258 1570 ipse
1281 1488 1403 1561 sanxit,
1425 1492 1461 1549 ut
1482 1487 1603 1562 omnia,

288 1600 370 1666 quae
399 1580 446 1643 rei
474 1578 618 1666 publicae
647 1580 795 1644 salutaria
817 1586 938 1653 essent,
968 1579 1106 1662 legitima
1136 1588 1167 1644 et
1195 1582 1277 1645 iusta
1306 1581 1507 1645 haberentur.
1548 1582 1606 1646 Est

288 1676 371 1739 euim
393 1675 447 1738 lex
467 1674 546 1738 nibil
568 1674 655 1737 aliud
677 1673 738 1737 nisi
761 1682 846 1737 reeta
868 1680 899 1736 et
921 1693 939 1736 a
960 1674 1089 1737 numine
1110 1673 1241 1739 deorum
1263 1683 1361 1739 tracta
1383 1676 1477 1751 ratio,
1506 1677 1606 1761 impe-

287 1790 359 1834 rans
381 1769 526 1843 bonesta,
548 1768 720 1851 prohibens
742 1770 906 1831 contraria.
942 1767 1024 1831 Huic
1046 1769 1142 1850 igitur
1162 1769 1223 1851 legi
1246 1770 1350 1853 paruit
1369 1768 1511 1845 Cassius,
1534 1787 1629 1833 eume

287 1863 389 1927 estin
413 1863 535 1946 Syriam
557 1860 735 1944 proiectus,
758 1861 890 1925 alienam
910 1862 1122 1944 provinciam,
1144 1862 1171 1924 si
1186 1855 1329 1925 homines
1344 1863 1466 1945 legibus
1481 1863 1606 1945 scriptis

287 1965 463 2032 uterentur,
486 1957 525 2020 iis
547 1976 621 2019 vero
645 1956 821 2039 oppressis,
843 1975 930 2019 suam
953 1956 1022 2038 lege
1044 1963 1186 2018 naturae.
1230 1953 1280 2018 29.
1304 1956 1365 2019 Sed
1389 1964 1424 2020 ut
1445 1977 1482 2020 ea
1503 1964 1606 2019 restra

287 2073 414 2136 quoque
447 2052 632 2114 auctoritate
655 2047 832 2123 firmentur,
866 2071 998 2113 censeo:
1037 2050 1113 2113 Cum
1143 2052 1176 2113 P.
1198 2050 1362 2113 Dolabella
1389 2053 1508 2135 quique
1538 2052 1606 2113 eius

286 2144 493 2208 erudelissimi
520 2152 551 2207 et
584 2145 752 2208 taeterrimi
781 2144 929 2208 facinoris
963 2145 1114 2219 ministri,
1147 2146 1241 2218 socii,
1274 2144 1435 2209 adiutores
1463 2146 1606 2218 fuerunt,

285 2240 394 2302 hostes
424 2240 533 2321 populi
563 2240 696 2301 Romani
719 2260 737 2301 a
759 2246 868 2302 senatu
891 2239 1019 2302 iudicati
1043 2239 1121 2313 sint,
1153 2258 1286 2321 cumque
1309 2247 1437 2302 senatus
1458 2241 1491 2303 P.
1513 2239 1643 2302 Dola-to

209 2370 218 2384 ·
285 2334 399 2396 bellam
429 2333 511 2395 bello
539 2332 793 2416 persequendum
817 2335 990 2407 censuerit,
1023 2340 1056 2395 ut
1078 2335 1119 2406 is,
1149 2333 1205 2416 qui
1228 2333 1333 2396 omnia
1354 2333 1486 2396 deorum
1507 2332 1607 2394 bomi-

286 2447 424 2510 numque
446 2428 514 2488 iura
537 2445 636 2499 novo,
659 2426 820 2498 inaudito,
850 2427 1034 2508 inexpiabili
1057 2427 1175 2489 scelere
1197 2426 1345 2510 polluerit
1366 2426 1551 2509 nefarioque
1573 2445 1607 2487 se

287 2523 405 2605 patriae
435 2518 602 2603 parricidio
632 2520 850 2593 obstrinxerit,
881 2540 1000 2601 poenas
1024 2520 1072 2581 dis
1100 2520 1348 2603 hominibusque
1370 2521 1497 2583 meritas
1520 2518 1607 2581 debi-

287 2626 397 2697 tasque
419 2614 596 2697 persolvat:
619 2611 669 2675 30.
693 2615 814 2676 senatui
837 2614 963 2696 placere
986 2614 1018 2676 C.
1036 2614 1177 2677 Cassium
1193 2633 1251 2695 pro
1267 2612 1397 2676 consule
1412 2609 1606 2696 provinciam

286 2710 405 2792 Syriam
430 2708 587 2781 obtinere,
610 2716 646 2770 ut
667 2709 722 2791 qui
746 2709 863 2791 optimo
886 2709 955 2770 iure
978 2727 1045 2770 eam
1068 2708 1259 2790 provinciam
1283 2708 1470 2782 obtinuerit;
1493 2725 1565 2768 eum
1586 2724 1643 2772 ata

286 2802 323 2878 Q.
347 2801 463 2864 Marcio
487 2802 596 2886 Crispo
618 2823 676 2884 pro
699 2802 845 2875 consule,
868 2802 903 2863 L.
927 2802 1026 2864 Statio
1047 2804 1154 2864 Murco
1178 2821 1236 2885 pro
1258 2802 1407 2877 consule,
1428 2801 1465 2862 Α.
1479 2798 1605 2862 Allieno

284 2897 387 2979 legato
417 2895 589 2958 exercitum
620 2896 762 2977 accipere
793 2915 911 2978 eosque
941 2897 970 2958 ei
1002 2895 1142 2970 tradere,
1175 2916 1312 2979 eumque
1340 2896 1380 2957 iis
1403 2894 1503 2977 copiis
1525 2900 1556 2955 et
1578 2893 1605 2956 si

286 3009 364 3074 quas
392 2995 555 3071 praeterea
582 2990 739 3071 paraverit
765 2989 849 3051 bello
878 2991 910 3052 P.
933 2989 1128 3053 Dolabellam
1156 2996 1239 3053 terra
1266 2990 1407 3073 marique
1436 2986 1604 3073 persequi3

286 3086 353 3148 eius
375 3082 450 3145 belli
475 3083 604 3165 gerendi
626 3104 738 3158 eausa,
763 3084 877 3168 quibus
899 3083 929 3146 ei
950 3083 1107 3158 videatur,
1137 3104 1251 3158 naves,
1280 3091 1406 3158 nautas,
1439 3084 1603 3166 pecuniam

285 3186 467 3259 ceteraque,
500 3197 582 3260 quae
609 3176 649 3240 ad
677 3177 709 3239 id
736 3177 853 3240 bellum
881 3179 1053 3260 gerendum
1082 3179 1275 3263 pertineant,
1308 3186 1343 3240 ut
1373 3174 1548 3259 imperandi
1570 3173 1641 3238 into

285 3270 393 3354 Syria,
414 3271 505 3344 Asia,
535 3271 699 3355 Ritbynia,
726 3273 824 3334 Ponto
847 3272 896 3334 ius
917 3280 1167 3355 potestatemque
1189 3272 1320 3346 habeat,
1341 3273 1472 3355 utique,
1495 3287 1605 3353 quam-

285 3385 421 3449 cumque
444 3364 476 3426 in
498 3365 692 3448 provinciam
715 3366 784 3427 eius
805 3364 880 3426 belli
903 3365 1032 3447 gerendi
1055 3385 1149 3428 causa
1171 3365 1343 3438 advenerit,
1365 3365 1409 3427 ibi
1431 3363 1531 3428 maius
1547 3364 1605 3424 im·

283 3460 404 3543 perium
428 3459 462 3521 C.
487 3458 585 3521 Cassii
607 3478 666 3540 pro
690 3459 820 3522 consule
842 3461 898 3532 sit,
928 3479 1022 3542 quam
1045 3460 1113 3522 eius
1138 3460 1214 3534 erit,
1242 3460 1296 3544 qui
1320 3478 1387 3522 eam
1411 3455 1604 3541 provinciam

284 3564 349 3617 tum
371 3552 540 3625 obtinebit,
570 3572 640 3613 curn
664 3552 697 3614 C.
721 3551 847 3614 Cassius
869 3573 925 3635 pro
948 3553 1078 3616 consule
1101 3555 1132 3615 in
1156 3573 1223 3616 eam
1246 3552 1440 3636 provinciam
1461 3549 1603 3613 venerit:

284 3644 334 3711 31.
357 3666 461 3730 regem
484 3648 664 3711 Deiotarum
687 3654 806 3731 patrem
829 3653 860 3708 et
888 3665 992 3729 regem
1016 3647 1198 3711 Deiotarum
1218 3648 1335 3723 tilium,
1365 3646 1408 3722 si,
1438 3652 1474 3709 ut
1495 3642 1640 3709 mutuas

282 3742 375 3806 bellis
397 3761 490 3822 saepe
514 3761 643 3804 numero
665 3742 831 3823 imperium
853 3741 963 3823 populi
985 3741 1116 3803 Romani
1140 3743 1291 3817 iuverint,
1313 3744 1388 3806 item
1411 3740 1444 3802 C.
1461 3737 1602 3801 Cassium

283 3859 338 3921 pro
362 3837 490 3898 consule
513 3835 611 3916 copiis
634 3836 697 3896 suis
721 3834 896 3917 opibusque
918 3834 1089 3910 iuvissent,
1113 3836 1235 3898 senatui
1256 3835 1440 3919 populoque
1458 3832 1600 3895 Romano

282 3938 405 4014 gratum
437 3949 505 3990 esse
532 3927 686 3990 facturos:
715 3929 853 4010 itemque
881 3927 907 3990 si
930 3930 1025 3990 ceteri
1047 3948 1153 4010 reges,
1183 3928 1356 3991 tetrarchae
1385 3926 1600 4010 dynastaeque

281 4024 444 4096 iecissent,
467 4028 608 4083 senatum
632 4020 848 4102 populumque
869 4022 1043 4083 Romanum
1064 4042 1173 4085 eorum
1189 4021 1283 4084 officii
1300 4041 1363 4083 nou
1384 4021 1599 4082 immemorem

282 4116 439 4180 iuturum:
460 4116 569 4197 utique
593 4114 625 4176 C.
641 4116 741 4177 Pansa
763 4117 798 4175 Α.
814 4114 935 4176 Hirtius
958 4116 1120 4189 consules,
1143 4115 1221 4178 alter
1242 4115 1387 4188 ambove,
1409 4114 1436 4176 si
1451 4112 1498 4175 eis
1512 4111 1636 4175 vide-ao

282 4219 385 4284 retur,
413 4229 446 4272 re
477 4208 600 4290 publiea
625 4215 807 4290 recuperata
830 4207 869 4269 de
892 4209 1062 4290 provinciis
1085 4209 1318 4282 consularibus,
1345 4206 1529 4289 praetoriis,
1557 4205 1598 4268 ad

282 4304 366 4365 buno
389 4301 530 4365 ordinem
553 4302 653 4383 primo
676 4321 805 4384 quoque
828 4309 968 4384 tempore
991 4302 1143 4366 referant:
1165 4304 1286 4366 interea
1300 4302 1480 4384 provinciae
1495 4301 1533 4363 ab
1548 4301 1598 4375 iis,

348 4639 371 4689 t.
390 4645 425 4690 est
440 4652 493 4690 om.
511 4638 550 4689 bt
568 4664 595 4674 -
618 4638 642 4688 2.
660 4638 771 4701 lnpptter
792 4641 818 4687 t:
841 4638 935 4701 tupiter
951 4638 971 4688 0
990 4664 1017 4675 -
1041 4641 1069 4687 ut
1084 4637 1183 4699 mata,
1206 4649 1271 4700 prroe
1291 4637 1373 4700 reip.
1391 4635 1515 4686 automata
1532 4642 1598 4700 strat,

281 4713 348 4779 loptt.
367 4720 390 4764 at
406 4714 472 4763 tusto
487 4713 609 4766 dotentur
625 4713 692 4763 coni.
711 4712 781 4762 Bake
799 4711 833 4763 ad
849 4713 928 4777 Legg.
945 4728 972 4778 p.
985 4711 1041 4764 tus.
1060 4714 1093 4763 ts
1109 4712 1226 4778 pendent
1240 4710 1324 4762 verba
1341 4712 1496 4774 aprofsetus
1510 4716 1553 4761 ast.
1566 4739 1600 4749 -

282 4788 306 4841 t·
325 4793 348 4839 st
365 4789 389 4837 t:
413 4790 525 4839 ettomD
545 4814 572 4824 -
595 4790 620 4839 a.
638 4789 738 4838 honesta
756 4800 843 4838 oms
866 4816 898 4824 —
919 4788 943 4838 7.
963 4789 994 4837 its
1015 4789 1042 4837 t:
1068 4788 1106 4838 tlte
1126 4787 1238 4851 abgio
1257 4814 1285 4824 -
1310 4799 1357 4836 sno
1373 4785 1424 4849 lopo
1439 4787 1501 4837 mei.
1519 4813 1553 4824 -
1569 4800 1600 4837 ea

280 4868 364 4913 oestro
375 4887 413 4902 --
423 4862 638 4925 mausolieis
656 4863 697 4923 [ad
717 4863 771 4912 Cic.
791 4860 825 4911 de
842 4860 909 4925 legg.
927 4875 954 4926 p.
968 4861 1039 4921 tasi:
1051 4877 1096 4913 aa
1111 4868 1196 4913 nestro
1213 4863 1307 4925 (matra
1322 4860 1349 4924 h)
1365 4887 1404 4899 ·-
1413 4862 1528 4925 firmans·
1542 4862 1598 4920 Di:

280 4952 312 4988 eo
332 4939 622 5001 vestrm-firmamo
645 4951 706 4988 eum
730 4938 857 4987 Perrarto.
876 4963 903 4972 -
927 4936 952 4987 8.
971 4939 1078 5000 putaque
1099 4940 1111 4988 t
1134 4966 1161 4976 -
1185 4939 1225 4988 to.
1243 4939 1292 4987 siat
1306 4939 1332 4987 t:
1353 4936 1448 4986 ΜΗ)
1468 4959 1496 4972 -
1519 4937 1559 4986 ⁴2.
1577 4941 1601 4986 st

281 5011 427 5074 taezptobtll
443 5011 450 5059 i
469 5036 496 5046 -
518 5013 642 5075 polluerat
652 5038 689 5050 ·-
700 5013 868 5063 obstrinxerat
885 5013 892 5062 i
910 5038 936 5048 -
962 5026 987 5063 se
1002 5014 1103 5076 patrios
1119 5014 1153 5063 D:
1170 5013 1271 5075 patrios
1286 5025 1312 5062 se
1327 5011 1364 5061 i0
1377 5036 1405 5048 -
1425 5009 1465 5060 ta.
1484 5010 1531 5058 dtis
1547 5010 1599 5059 mei

282 5089 310 5136 el
327 5088 346 5136 0
365 5112 391 5120 -
410 5087 501 5136 muita
517 5100 532 5136 a
551 5113 576 5123 -
597 5087 742 5151 debitosque
759 5090 769 5137 t
786 5114 813 5123 -
834 5089 873 5137 ta.
893 5088 1004 5150 optinere
1020 5102 1036 5151 g
1054 5115 1082 5127 -
1100 5094 1128 5138 ot
1144 5089 1186 5150 qui
1202 5087 1285 5151 btg¹:
1307 5091 1383 5148 utque
1398 5085 1442 5146 qus
1457 5080 1541 5146 ag¹i3
1563 5083 1600 5132 att

282 5162 324 5223 qut
341 5163 361 5211 0
378 5175 439 5212 curn
459 5163 585 5213 ferrario.
606 5190 633 5201 -
660 5169 710 5226 opt.
732 5165 788 5214 tura
808 5177 864 5214 eom
881 5177 956 5225 pron.
976 5166 1012 5215 D:
1039 5177 1094 5214 eam
1113 5178 1188 5227 prou.
1206 5165 1262 5213 tare
1281 5168 1330 5225 opt.
1348 5163 1372 5220 i;
1400 5173 1457 5210 eom
1478 5162 1528 5221 opt.
1546 5157 1602 5207 ture

282 5250 352 5298 prou.
372 5238 392 5287 0
411 5264 438 5273 -
458 5239 589 5300 optinuerit
606 5241 641 5303 gt
658 5265 685 5274 -
705 5252 794 5288 mmo
812 5240 841 5301 ο.
860 5238 956 5302 bgti:
976 5251 1056 5300 orme.
1076 5253 1107 5298 a,
1125 5252 1228 5301 eumque
1244 5253 1262 5288 o
1279 5239 1341 5300 (to
1361 5263 1388 5272 -
1408 5236 1447 5285 46.
1464 5233 1556 5283 mortio
1573 5232 1600 5282 ti

285 5339 311 5348 -
331 5314 410 5360 Stots'o
427 5313 573 5362 Ferrarius:
596 5318 660 5363 stato
677 5313 708 5371 b;
731 5318 798 5363 statu
814 5317 887 5376 agt;
910 5327 1000 5364 scauro
1018 5315 1025 5362 i
1045 5343 1071 5351 -
1095 5329 1182 5365 murco
1203 5328 1231 5373 a;
1255 5326 1308 5364 om.
1327 5314 1335 5363 i
1353 5339 1380 5349 -
1403 5314 1432 5362 A.
1451 5310 1597 5361 Ferrarius:

283 5385 313 5434 ab
332 5387 365 5447 D;
385 5401 401 5435 o
419 5388 427 5435 i
446 5415 472 5424 -
491 5389 571 5437 otteuo
588 5391 637 5451 gt;
656 5390 742 5438 eoterm
758 5388 791 5445 b,
808 5389 937 5450 proulleno
955 5403 985 5447 a;
1003 5391 1119 5451 prolecto
1136 5392 1204 5452 (ceno
1220 5391 1246 5439 in
1260 5390 1343 5451 rasti
1360 5414 1387 5424 -
1407 5387 1447 5437 tr.
1465 5385 1601 5436 annulum

283 5460 361 5523 bgt:
380 5464 579 5512 exenterato
599 5491 625 5501 -
644 5465 676 5512 tta
693 5467 718 5514 t:
743 5465 789 5513 litis
806 5465 830 5523 i;
856 5462 1007 5527 btsabgO
1028 5493 1054 5501 -
1073 5465 1112 5513 ⁴9.
1130 5465 1260 5515 etsa't-
1279 5460 1599 5524 sumt-pecuniam

283 5548 336 5586 om.
355 5549 370 5584 a
389 5561 415 5571 -
434 5538 475 5587 20.
493 5544 621 5600 ceteroque
637 5552 700 5601 quoe
716 5540 740 5588 i:
760 5544 841 5587 cetero
857 5552 920 5602 quoa
935 5552 965 5602 g;
985 5544 1091 5603 ceteroq·
1109 5542 1155 5599 at;
1173 5545 1301 5603 ceteroque
1318 5538 1402 5588 omnio
1418 5550 1481 5601 qnos
1497 5535 1556 5584 b-
1575 5535 1602 5583 id

283 5624 335 5661 orn.
354 5613 362 5659 i
382 5637 409 5647 -
427 5615 564 5674 qnondam
581 5627 635 5662 e-
655 5615 777 5675 pertineat
793 5615 804 5662 t
822 5640 847 5649 -
867 5615 907 5663 Sl.
927 5614 1037 5663 brullato
1054 5628 1109 5678 g-
1128 5616 1211 5678 utique
1229 5617 1254 5664 t:
1272 5619 1346 5677 utque
1362 5611 1477 5675 abgiO
1491 5636 1517 5646 -
1537 5622 1601 5673 qua-

282 5690 435 5749 cumquest
453 5715 480 5724 -
499 5689 537 5737 22.
556 5689 684 5749 proututs'o
702 5691 712 5737 t
730 5714 756 5724 —
775 5690 880 5751 poenos
897 5702 912 5737 a
932 5715 958 5722 —
978 5703 1055 5738 cosso
1072 5693 1148 5739 omt
1166 5715 1193 5725 -
1212 5689 1253 5739 st.
1272 5694 1325 5738 trau
1341 5700 1393 5738 our.
1407 5688 1429 5746 i;
1449 5690 1525 5735 totum
1542 5686 1552 5733 t
1570 5709 1598 5719 -

282 5764 355 5824 optt
373 5788 401 5797 -
419 5763 460 5811 25.
478 5763 538 5811 sieut
555 5764 564 5811 t
584 5790 609 5798 -
628 5763 794 5825 saepserat
812 5789 840 5800 -
859 5763 899 5813 28.
913 5765 971 5812 item
988 5766 994 5812 i
1014 5790 1040 5799 -
1060 5765 1218 5827 dinastosque
1235 5765 1293 5827 agt
1311 5787 1338 5798 —
1357 5761 1399 5812 ss.
1416 5775 1466 5810 oon
1481 5761 1601 5809 tonnano-

281 5849 335 5886 rem
351 5838 374 5895 ῖς
393 5837 559 5888 immanerem
574 5854 623 5888 aon
640 5839 658 5889 b
673 5867 706 5876 -
722 5839 762 5890 30.
780 5845 853 5901 utque
870 5839 925 5902 agi
945 5865 972 5875 -
991 5837 1069 5902 C.]p.
1088 5851 1145 5887 a-
1164 5850 1261 5888 ‚oona
1278 5840 1299 5897 t;
1321 5836 1354 5888 ct.
1367 5835 1400 5886 ad
1413 5833 1478 5886 Phil.
1490 5834 1521 5902 V,
1534 5833 1598 5897 553.

284 5939 311 5950 -
329 5910 370 5962 st.
389 5925 455 5963 eoos.
473 5917 495 5963 at
508 5919 590 5978 praet.
609 5915 734 5965 bturetus.
755 5940 781 5950 -
801 5915 840 5965 ³2.
860 5920 967 5979 tempore
982 5915 1065 5978 [mont
1081 5914 1120 5965 Di
1139 5940 1165 5951 -
1184 5915 1215 5964 its
1231 5914 1256 5964 i:
1275 5914 1297 5964 ts
1313 5915 1339 5973 l;
1356 5913 1394 5963 bis
1409 5908 1486 5973 abg.
