3800 7350
305 1162 387 1233 4452
648 1164 803 1235 ORATIO
824 1169 903 1235 PRO
925 1173 962 1237 T.
982 1171 1106 1236 ANNIO
1128 1171 1283 1237 MILONE

386 1338 411 1399 i.
433 1331 464 1401 4.
487 1336 553 1400 Etsi
575 1356 702 1413 vereor,
732 1338 871 1416 iudices,
898 1361 939 1404 ne
969 1348 1060 1425 turpe
1082 1340 1125 1404 444
1152 1359 1210 1423 pro
1232 1338 1405 1403 fortissimo
1428 1340 1496 1404 viro
1519 1338 1631 1403 dicere

301 1430 505 1513 incipientem
526 1430 638 1494 timere
659 1433 850 1517 minimeque
872 1435 995 1509 deceat,
1016 1455 1088 1498 cum
1109 1436 1145 1496 T.
1167 1434 1290 1497 Annius
1311 1433 1379 1518 ipse
1403 1435 1501 1517 magis
1517 1435 1558 1497 de
1578 1432 1631 1496 rei

301 1523 445 1608 publicae
474 1523 574 1588 salute
605 1546 697 1610 quam
725 1528 764 1590 de
793 1548 851 1592 sua
878 1529 1095 1612 perturbetur,
1123 1548 1174 1592 me
1202 1527 1242 1591 ad
1271 1528 1340 1591 eius
1367 1548 1493 1592 causam
1515 1548 1629 1611 parem

300 1617 396 1682 animi
425 1616 674 1701 magnitudinem
703 1623 815 1685 4114444
844 1642 908 1687 non
937 1642 1051 1707 posse,
1081 1631 1186 1685 tamen
1213 1621 1291 1685 baec
1312 1623 1387 1686 novi
1409 1621 1520 1685 iudicii
1542 1640 1631 1685 nava

276 1711 400 1779 siarma
420 1718 516 1776 terret
541 1712 665 1789 oculos,
688 1716 762 1799 qui,
784 1736 986 1801 quocumque
1008 1715 1203 1803 inciderunt,
1226 1715 1488 1779 consuetudinem
1509 1715 1572 1779 fori
1596 1722 1630 1778 et

299 1806 467 1890 pristinum
490 1826 608 1870 morem
636 1806 824 1872 iudiciorum
846 1812 1020 1893 requirunt.
1064 1806 1294 1873 sannanim
1317 1797 1433 1873 4444444
1455 1829 1630 1874 consessus

298 1907 403 1963 vester
424 1900 545 1964 cinctus
568 1909 630 1975 est,
652 1911 689 1965 ut
710 1903 849 1979 solebat;
872 1923 937 1967 uon
959 1905 1073 1967 usitata
1094 1902 1273 1986 frequentia
1288 1903 1393 1985 stipati
1411 1925 1536 1980 sumus3
1559 1923 1629 1966 nan

299 1994 354 2057 iila
374 1995 549 2078 praesidia,
571 2016 652 2080 quae
674 2017 733 2080 pro
754 1998 880 2079 templis
896 1997 1041 2061 omnibus
1063 1996 1209 2071 semitis,
1231 1998 1290 2059 etsi
1312 2004 1421 2060 contra
1441 1998 1503 2059 vim
1527 1997 1630 2061 colia·

300 2095 369 2151 cata
391 2096 481 2163 sunt,
508 2109 571 2152 nou
593 2091 729 2154 aderunt
751 2100 855 2155 tamen
878 2092 995 2153 aratori
1017 2088 1154 2173 aliquid,
1180 2091 1268 2152 utin
1290 2088 1359 2153 ioro
1382 2098 1413 2153 et
1438 2091 1472 2153 in
1495 2091 1630 2166 iudicio,

263 2201 493 2267 taquamquam
521 2184 688 2266 praesidiis
711 2185 900 2249 salutaribus
923 2191 955 2249 et
976 2185 1164 2248 necessariis
1186 2187 1287 2267 saepti
1310 2206 1434 2259 sumus,
1456 2194 1563 2249 tamen
1586 2204 1630 2247 ne

300 2298 365 2341 nou
387 2276 499 2340 timere
522 2278 647 2361 quidem
676 2280 746 2343 sine
768 2279 877 2363 aliqua
900 2280 1011 2342 timore
1033 2279 1201 2363 possimus.
1235 2280 1325 2355 Quae
1348 2280 1375 2341 si
1398 2280 1544 2363 opposita
1567 2278 1632 2341 bii·

245 2400 251 2412 ·
300 2371 366 2434 iani
389 2377 548 2454 putarem,
571 2370 715 2437 cederem
738 2373 889 2458 tempori,
911 2373 1047 2447 iudices,
1069 2392 1129 2436 uec
1151 2374 1235 2436 inter
1257 2381 1373 2436 tantam
1389 2373 1451 2436 vim
1464 2393 1630 2437 armorum

300 2465 511 2529 existimarem
535 2484 604 2528 esse
627 2466 742 2531 4444444
765 2466 880 2530 iocum.
921 2466 984 2530 Sed
1006 2486 1056 2530 ma
1078 2475 1199 2531 recreat
1220 2474 1253 2531 et
1273 2463 1373 2529 reiicit
1394 2466 1449 2530 Cn.
1471 2465 1630 2549 Pompeii,

364 2773 500 2822 insusurra
517 2783 655 2822 4441444444.
681 2772 770 2835 incipit
783 2786 832 2835 pro
849 2773 940 2824 iiilons
956 2775 1014 2826 TE.
1033 2774 1107 2824 initio
1125 2773 1250 2824 orationis
1267 2772 1362 2823 iisdem
1380 2771 1435 2823 iere
1452 2770 1557 2834 litteris,
1578 2771 1631 2824 ssd

299 2845 377 2913 paulo
395 2844 550 2907 minorihus,
569 2846 669 2898 codicis
686 2847 705 2897 E
722 2848 833 2912 margini
850 2848 1014 2913 adscriptam
1032 2852 1073 2900 est
1089 2849 1141 2899 hac
1157 2851 1358 2912 argumentum:
1376 2848 1403 2896 Ρ.
1415 2848 1510 2897 4144444
1524 2854 1632 2898 unctor

299 2923 425 2973 seditiosus
441 2926 540 2972 crates
556 2922 687 2973 4444444444
697 2922 815 2971 mortain.
834 2922 857 2972 14
872 2922 957 2973 mullis
972 2924 1081 2974 iniurias
1096 2923 1162 2985 iecit.
1175 2928 1199 2973 et
1213 2923 1291 2972 cedes.
1304 2928 1327 2971 41
1342 2921 1457 2971 incendia
1467 2926 1490 2972 41
1500 2923 1632 2985 impleris-

299 3010 346 3059 pue
361 2997 465 3046 mutatis
482 2996 613 3059 (imitatus)
631 2998 770 3047 catilinam.
789 3001 906 3048 cateruas
921 2998 1027 3048 4444441
1043 2997 1138 3047 circuni
1148 3010 1174 3046 se
1184 2997 1278 3046 4144444
1285 2997 1450 3059 perditorum.
1469 2996 1532 3046 lirul
1542 3004 1633 3046 autem

299 3072 413 3123 inimicus
428 3071 523 3120 miloni.
540 3065 565 3120 a.
583 3084 606 3121 4.
624 3076 647 3121 41
664 3071 723 3121 bene
738 3073 825 3122 4444414
842 3073 872 3123 44
887 3085 924 3124 re.
935 3086 963 3136 p.
976 3074 1081 3137 liepenle
1097 3072 1176 3135 ipilur
1191 3072 1282 3122 4441444
1298 3071 1403 3121 4444414.
1419 3071 1518 3133 petebat
1532 3072 1633 3122 clodius

296 3153 454 3211 praeturam.
482 3146 548 3209 Quia
567 3146 646 3208 ipitur
665 3145 710 3195 444
724 3146 816 3196 milone
831 3146 929 3197 consule
945 3146 1045 3197 uidebat
1059 3161 1086 3197 se
1100 3147 1155 3209 [444
1168 3152 1310 3209 praetorem
1325 3147 1427 3195 4144144,
1444 3150 1555 3196 metuens
1569 3147 1632 3195 444-

300 3227 362 3274 tutes
377 3222 484 3271 milonis.
502 3225 526 3271 41
541 3220 618 3270 sciens
634 3221 700 3284 qasod
714 3236 765 3271 non
775 3223 983 3288 moriperalurus.
1001 3223 1043 3272 sed
1058 3234 1245 3285 compresmms
1259 3223 1290 3271 sit
1305 3221 1365 3271 milo
1381 3222 1490 3271 iniurias
1505 3236 1569 3284 quas
1583 3223 1632 3285 [4-

299 3312 354 3351 cere
368 3300 533 3362 proposuerat
548 3295 651 3345 clodius.
671 3298 758 3346 statuit
774 3297 869 3347 insidiis
885 3297 1088 3361 adprediendum.
1114 3298 1147 3348 El
1169 3298 1228 3346 dum
1243 3297 1409 3360 4444444144
1423 3296 1484 3346 milo
1500 3298 1534 3345 44
1550 3297 1631 3347 1444-

272 3433 276 3442 ,
299 3377 370 3426 uium
386 3374 512 3437 oppidum.
530 3371 635 3421 441144144
650 3373 729 3422 seruis
744 3372 795 3421 suis
810 3378 833 3422 et
849 3372 997 3423 latronibus.
1015 3373 1105 3434 incepit
1121 3372 1148 3421 in
1164 3372 1210 3421 uio
1222 3383 1346 3435 pupnnre.
1364 3371 1425 3421 iiila
1441 3384 1502 3420 uero
1518 3372 1630 3422 desiluit.

301 3455 324 3502 et
345 3463 377 3500 44
397 3450 499 3499 deutero
521 3447 598 3497 141444
613 3448 726 3497 recedam
739 3446 878 3511 pupnabat.
906 3448 1005 3511 clodius
1021 3452 1105 3497 autem
1121 3460 1179 3496 cum
1195 3446 1298 3496 44414441
1313 3447 1341 3494 44
1356 3445 1585 3506 4114444441444.
1605 3452 1631 3497 el

300 3526 445 3576 contendere
464 3522 564 3572 uidisset
583 3535 668 3572 seruos
686 3523 793 3572 44414414.
812 3524 872 3585 quid
886 3508 1146 3583 4444444144444444.
1164 3536 1221 3571 cium
1237 3522 1290 3571 iam
1306 3522 1420 3570 dominus
1434 3526 1515 3569 uester
1531 3522 1632 3569 4444444

300 3598 350 3650 sit?
367 3598 440 3648 Serrei
455 3609 516 3646 uero
530 3596 621 3660 444144.
638 3597 690 3644 4414
704 3610 796 3646 reuera
812 3610 868 3647 eum
879 3598 980 3646 4441444.
992 3611 1053 3647 moa
1069 3596 1253 3659 interfecerunt.
1270 3597 1326 3646 Post
1341 3596 1403 3645 4444
1418 3596 1488 3645 lelius
1499 3592 1629 3657 (cloelius)

299 3674 374 3727 414444
393 3672 486 3724 sodalis
505 3671 609 3723 44141144.
634 3686 739 3735 quocum
755 3679 778 3723 44
798 3672 862 3737 lepes
880 3679 1018 3735 praeturae
1033 3671 1224 3734 conscripserat.
1243 3685 1333 3734 corpus
1349 3671 1401 3722 eius
1418 3670 1501 3720 4114141
1515 3684 1627 3721 rantum

299 3757 323 3802 41
336 3751 474 3813 plurimum
489 3748 622 3798 tumultum
638 3748 767 3798 4444414441.
785 3753 808 3799 41
823 3747 895 3811 41444
910 3748 1169 3811 [4414414444444444.
1185 3762 1248 3811 pars
1261 3749 1348 3797 curiae
1359 3748 1458 3797 4444444
1468 3751 1511 3796 441.
1524 3752 1547 3797 41
1558 3749 1631 3798 cedes

300 3826 423 3877 4444444444
438 3829 503 3875 sunt.
526 3829 601 3886 41444
622 3823 723 3884 insuper
737 3835 796 3873 reus
810 3824 839 3887 41
854 3824 919 3873 cedis
934 3823 1002 3873 mila.
1030 3824 1091 3873 Tum
1107 3823 1235 3885 Pompeius
1251 3823 1367 3873 44414144.
1384 3835 1476 3871 saunis
1490 3822 1627 3873 inuidiam.

299 3902 392 3951 iudices
413 3901 487 3951 dedit.
508 3900 612 3962 optimos
628 3904 651 3948 41
669 3899 816 3961 [4414444444
830 3900 907 3948 viros.
925 3899 953 3948 44
969 3898 1058 3961 quibus
1073 3899 1207 3948 4444444444
1219 3899 1360 3961 principem
1375 3902 1529 3959 spernentem
1544 3900 1630 3949 minas

299 3977 507 4028 tumultuosam
522 3980 546 4026 41
562 3980 674 4024 44444444
688 3974 778 4024 milites
793 3973 888 4023 circum
905 3974 1017 4024 triturat
1031 3976 1164 4025 4444141441.
1182 3979 1211 4024 41
1226 3987 1283 4022 cum
1295 3974 1374 4035 441414
1384 3986 1424 4023 444
1434 3973 1627 4025 4444444444.

298 4052 439 4102 4141444441
454 4054 537 4102 cutm
552 4055 653 4101 senatres
669 4052 727 4101 iiem
744 4063 801 4099 cum
811 4050 934 4112 Paupeio.
952 4055 976 4100 et
992 4051 1138 4100 4444444444
1148 4050 1258 4099 strictius
1271 4052 1442 4112 praeceperat.
1455 4049 1528 4110 quasi
1537 4054 1630 4099 444144

299 4141 353 4178 rem
370 4126 496 4190 pubiicum
515 4125 613 4177 4444444
632 4125 791 4177 commisisset
809 4125 930 4176 incendio.
953 4129 977 4175 sl
995 4125 1052 4174 41144
1067 4125 1228 4188 (cummim.
1249 4125 1319 4186 0444
1335 4123 1443 4173 41444444
1457 4137 1505 4185 pro
1518 4124 1629 4185 proeiu-

299 4202 373 4253 44414.
391 4206 414 4251 41
426 4214 475 4264 pro
491 4215 535 4252 suo
551 4202 649 4252 4441144
664 4199 834 4252 4444444441.
852 4200 926 4261 quasi
942 4200 995 4250 iam
1012 4201 1073 4250 data
1088 4200 1211 4251 sentencia
1227 4203 1286 4249 esset
1296 4204 1386 4249 contra
1396 4197 1519 4248 milonem.
1536 4204 1628 4248 41444

296 4276 375 4341 possit
390 4275 458 4325 locus
473 4288 523 4326 esse
538 4277 702 4327 sarmationi.
727 4277 775 4327 Pro
792 4288 840 4338 prta
858 4276 903 4326 41.
921 4275 1002 4326 444444
1018 4275 1108 4325 444444.
1126 4276 1239 4338 primun
1255 4274 1344 4337 refellit
1360 4273 1445 4323 omnia
1455 4273 1626 4336 praeiudicia.

300 4356 324 4403 41
339 4350 441 4401 44144441
463 4350 608 4401 insidiatum
623 4351 738 4401 milonem
754 4364 772 4401 a
787 4349 874 4399 414414.
892 4354 916 4401 41
931 4349 1014 4400 cedern
1028 4350 1084 4401 4444
1102 4351 1198 4413 [comm
1213 4364 1232 4401 4
1247 4349 1326 4400 444444
1339 4349 1438 4398 44114444
1455 4354 1543 4398 444144
1559 4361 1626 4399 nnn.
1689 4360 1699 4373 ·

301 4427 344 4491 qui
358 4426 431 4490 prior
446 4426 549 4476 insidias
564 4427 709 4478 tetendisset.
727 4425 906 4476 Nicbtlominur
922 4429 1006 4475 144444
1021 4424 1155 4488 manifesta
1170 4426 1240 4476 cedes
1253 4425 1390 4475 uindicata.
1407 4424 1475 4473 Nam
1485 4424 1512 4472 44
1522 4424 1628 4474 44411444

299 4504 388 4555 missus
403 4507 439 4553 441
452 4501 511 4551 mila
527 4503 651 4553 444144444
666 4502 784 4552 14444444.
802 4501 830 4550 in
846 4499 955 4549 14444444
970 4499 1080 4560 serum.

366 4587 440 4639 1-7.
458 4586 512 4636 11141
527 4590 699 4637 uereor--ul
715 4584 806 4635 solebat
822 4582 904 4634 habet
920 4582 1093 4644 Quintilianus
1109 4584 1157 4645 xi,
1175 4584 1199 4646 6,
1215 4583 1330 4643 47-64;
1348 4582 1402 4633 Etsi
1416 4595 1516 4645 444444,
1533 4584 1628 4634 iudices

302 4662 373 4714 idem
390 4661 437 4722 111,
455 4658 483 4723 i,
501 4660 549 4719 71;
567 4661 648 4711 444444
663 4660 818 4722 incipientem
834 4659 921 4709 timere
936 4658 1009 4710 idem
1025 4660 1073 4717 111,
1091 4658 1116 4720 4,
1130 4657 1175 4718 934
1192 4660 1247 4709 11144
1261 4671 1350 4709 aerem
1360 4659 1463 4709 --oira
1478 4659 1559 4709 444444
1575 4659 1627 4709 isi·

302 4737 384 4789 dorus
401 4736 486 4801 Oripp.
504 4736 542 4795 11,
560 4735 605 4794 sa,
622 4735 654 4791 44
676 4733 730 4783 iltsi
750 4732 1051 4794 aeeon-incipientem
1072 4735 1158 4784 timere
1173 4733 1317 4785 Diomedes
1333 4746 1361 4798 p.
1379 4733 1442 4796 las,
1461 4734 1507 4793 tt;
1529 4732 1625 4796 Aquila

302 4814 435 4864 Romanus
456 4810 486 4860 44
504 4811 547 4874 dp.
570 4813 630 4859 4441.
653 4813 676 4859 41
696 4807 755 4858 eim.
775 4807 790 4871 g
808 4806 852 4866 t8;
880 4807 1022 4858 Martianus
1043 4806 1149 4872 capelia
1171 4808 1266 4872 54484
1288 4821 1320 4858 44
1341 4809 1626 4872 turpe--inciplentem

302 4885 405 4938 Grillius
427 4881 473 4935 141.Ι
488 4882 534 4944 38,
551 4881 579 4933 b.
599 4908 626 4919 -
650 4881 948 4944 44444441444444
968 4881 1060 4932 444444
1081 4880 1184 4933 Grillius
1205 4881 1248 4933 141.
1265 4880 1311 4944 it),
1330 4895 1358 4942 a;
1383 4895 1439 4932 cum
1459 4884 1518 4933 titus
1534 4884 1628 4934 annius

301 4962 354 5024 ipse
368 4959 450 5023 mapls
461 4959 491 5009 de
501 4971 554 5020 rep.
568 4971 645 5020 44444
660 4958 691 5008 de
706 4970 752 5006 sua
768 4956 847 5007 salute
859 4957 1020 5020 perturbetur
1035 4957 1107 5008 idem
1120 4956 1164 5008 iai.
1176 4956 1218 5018 10,
1231 4957 1259 5008 b.
1274 4983 1301 4994 -
1320 4958 1350 5008 44
1361 4971 1394 5008 .4.
1404 4970 1433 5019 p.
1448 4958 1482 5016 Ti
1500 4959 1625 5021 444414.
1694 5002 1698 5009 .

302 5037 323 5088 Ε
341 5062 370 5074 -
388 5035 413 5086 3.
431 5033 544 5084 turbetur
559 5033 579 5084 T
598 5059 625 5070 -
649 5034 673 5083 4.
691 5033 889 5082 consutudinen
903 5033 924 5083 T
933 5033 952 5083 E
970 5035 997 5084 et
1013 5031 1198 5094 Quintilianus:
1221 5037 1327 5084 ueterem
1342 5033 1540 5083 consuetudinem
1556 5033 1576 5084 0
1595 5059 1623 5071 -

302 5111 327 5162 6.
342 5110 477 5173 pristinum
496 5122 591 5158 morem
614 5108 762 5158 iudiciorum
784 5108 915 5169 444414441
930 5109 1074 5160 Diomedes
1091 5121 1117 5172 p.
1136 5107 1197 5169 ltili,
1215 5109 1262 5166 ca;
1283 5113 1390 5158 44144444
1406 5108 1555 5158 iudiciorum
1569 5123 1628 5160 mo-

301 5200 355 5236 rem
374 5185 506 5247 4444144441
525 5182 597 5234 idem
618 5197 644 5247 p.
662 5181 724 5243 162,
742 5182 773 5231 17
791 5184 818 5232 et
833 5182 949 5233 isidorus
966 5182 983 5233 i.
1002 5182 1019 5233 i.
1049 5185 1122 5244 Quae
1143 5197 1159 5232 4
1180 5183 1304 5233 Putscbio
1325 5183 1446 5234 Diomedi
1466 5183 1549 5234 altero
1566 5184 1628 5236 ioco

302 5263 363 5326 post
377 5264 483 5310 ueterem
499 5257 632 5309 adduntur
647 5256 731 5308 verba
746 5258 945 5308 consuetudinem
960 5259 1012 5322 tori
1027 5264 1050 5309 et
1066 5258 1211 5322 pristinum,
1229 5271 1244 5306 a
1261 5257 1397 5308 codicibus
1415 5258 1522 5311 absunt.
1548 5260 1625 5312 Cani.

302 5335 462 5400 Madvigium
479 5335 567 5397 04444.
586 5334 659 5383 acad.
677 5335 721 5383 411.
740 5346 766 5396 p.
785 5331 833 5383 344
851 5347 876 5383 n.
897 5360 924 5370 -
946 5348 998 5383 non
1013 5334 1079 5383 enim
1090 5359 1126 5370 ·-
1137 5338 1165 5381 ut
1181 5331 1272 5382 4414441
1288 5332 1364 5382 411444
1380 5332 1467 5383 Scbai.
1486 5335 1583 5385 Lucani
1601 5337 1625 5395 1,
1645 5338 1654 5349 ’

303 5411 359 5462 320.
375 5437 403 5447 -
422 5409 445 5459 7.
463 5423 514 5460 444
529 5409 575 5458 4114
591 5408 652 5458 TE:
671 5410 689 5470 †
704 5409 772 5457 Nam
786 5407 832 5456 illu
849 5409 908 5467 SO;
926 5422 972 5459 nec
987 5408 1032 5458 4114
1048 5407 1211 5458 Garatonius.
1228 5405 1294 5456 Vide
1310 5407 1442 5457 iiaimium
1459 5410 1485 5459 in
1497 5408 1540 5459 ed.
1554 5408 1625 5472 1444.

303 5485 337 5549 (41
357 5484 404 5535 4114
422 5484 565 5547 praesidia,
591 5483 835 5546 ouae·-cottocata
857 5488 929 5544 sunt,
955 5484 1000 5533 444
1021 5486 1129 5547 speum
1151 5487 1249 5542 144444,
1274 5482 1527 5546 41441444841444
1544 5481 1625 5532 Soloi.

303 5561 425 5622 iinpomu.
443 5558 477 5608 iV
494 5571 520 5622 p.
532 5558 581 5609 285
597 5559 648 5621 sq.)
669 5584 695 5595 -
714 5557 739 5609 8.
758 5557 878 5607 441144414
895 5557 1052 5609 Lambinus:
1070 5559 1162 5608 4411414
1178 5557 1252 5608 TES
1267 5584 1293 5593 -
1313 5557 1337 5607 a.
1354 5559 1450 5607 4441444
1461 5556 1556 5608 0441144
1568 5557 1627 5606 erut
1696 5614 1701 5623 ,

304 5634 542 5699 suspectissimum.
561 5658 588 5669 -
612 5632 715 5697 aliquid]
733 5637 841 5683 terrores
857 5633 953 5695 utquid
968 5633 989 5683 Ε
1008 5661 1034 5670 -
1057 5634 1097 5683 10.
1115 5632 1259 5683 4441444444
1274 5633 1294 5682 T
1313 5658 1340 5667 -
1359 5646 1390 5683 44
1406 5647 1456 5681 444
1472 5633 1558 5681 timere
1573 5631 1627 5681 sine

304 5709 389 5771 aliquo
405 5707 493 5757 timore
505 5706 627 5769 pessimius
641 5706 719 5757 411444
734 5705 854 5757 Placidus
871 5707 1020 5758 bacuntius
1036 5708 1071 5757 44
1088 5709 1161 5758 Statii
1177 5706 1259 5758 Theb.
1278 5708 1302 5768 1,
1321 5706 1379 5757 379.
1399 5733 1426 5742 -
1447 5708 1487 5756 ti.
1505 5706 1626 5767 tempori-

305 5782 349 5833 444
364 5783 396 5842 Τ;
420 5780 564 5833 delendum
581 5783 673 5834 censet
688 5780 840 5832 Wunderus
857 5779 917 5833 coil.
935 5794 973 5833 or.
992 5794 1019 5847 p.
1037 5780 1141 5833 Plancio
1161 5781 1234 5846 516.
1254 5809 1282 5819 -
1306 5781 1346 5832 13.
1364 5782 1462 5832 4441444
1478 5780 1538 5832 TS:
1561 5793 1625 5831 orc-

305 5858 449 5909 1144111-
467 5850 610 5923 psipomp.
627 5856 660 5918 T;
679 5851 886 5920 6444444414.
