3800 7350
593 1231 686 1297 vcn.
708 1230 1043 1295 xxxv-xxxin.
1070 1227 1116 1314 §5
1137 1226 1282 1293 ss-co.
1525 1207 1607 1278 ioci

290 1402 371 1465 torio
398 1401 567 1485 imposito,
601 1402 699 1463 servis
726 1402 789 1463 tuis
824 1398 1023 1485 [publicanis]
1054 1420 1073 1463 a
1104 1407 1133 1463 te
1161 1399 1275 1462 iactam
1309 1418 1378 1462 esse
1409 1393 1605 1459 meministi!

289 1492 341 1557 88.
363 1493 465 1579 quid?
487 1495 679 1558 centuriatus
700 1495 803 1578 palam
818 1494 1106 1577 venditoslquid‘l
1129 1513 1185 1576 per
1199 1500 1288 1555 tuum
1303 1490 1463 1556 servulum
1478 1487 1605 1552 ordines

289 1587 486 1672 assignatos?
502 1589 600 1672 quidl
615 1588 806 1673 stipendium
821 1589 972 1652 militibus
987 1610 1042 1673 per
1057 1608 1166 1652 omnes
1180 1607 1281 1651 annos
1295 1609 1314 1650 a
1328 1585 1504 1649 civitatibus
1518 1601 1606 1646 men·

290 1682 333 1745 sis
347 1680 449 1765 palam
465 1682 635 1765 propositis
656 1703 727 1750 esse
747 1685 971 1745 numeratum?
1001 1682 1085 1759 Quid
1108 1681 1163 1744 illa
1186 1682 1218 1743 in
1244 1683 1375 1744 Pontum
1397 1675 1550 1761 profectio
1574 1680 1606 1737 et

289 1782 420 1839 conatus
431 1778 527 1839 tuus‘l
550 1776 625 1859 quid
637 1775 812 1839 debilitatio
823 1777 1061 1860 atqueabiectio
1077 1776 1173 1839 animi
1187 1776 1234 1838 tui
1249 1773 1434 1838 Macedonia
1448 1766 1629 1853 praetorias

289 1868 441 1942 nuntiata,
456 1888 528 1931 cum
545 1877 579 1932 tu
595 1890 657 1934 non
672 1870 785 1942 solum,
800 1871 885 1954 quod
903 1870 959 1933 tibi
974 1871 1203 1944 succederetur,
1219 1866 1278 1933 sed
1294 1867 1379 1952 quod
1392 1863 1526 1928 Gabinio
1541 1879 1605 1923 non

289 1960 525 2036 succederetur,
548 1964 717 2046 exsanguis
739 1972 770 2026 et
793 1970 932 2027 mortuus
955 1963 1145 2026 concidisti?
1169 1961 1252 2038 Quid
1277 1967 1426 2047 quaestor
1440 1955 1606 2022 aedilicius

288 2054 446 2118 reiectus?
467 2055 690 2140 praepositas*
704 2055 745 2118 *i
767 2056 940 2140 legatorum
963 2065 1090 2121 tuorum
1104 2056 1241 2140 optimus
1256 2057 1312 2119 ahs
1336 2063 1367 2118 te
1382 2055 1518 2139 quisque
1539 2050 1606 2111 rio-

288 2147 391 2213 latusl
406 2149 521 2213 tribuni
538 2150 688 2214 militares
704 2170 766 2213 non
777 2151 918 2233 receptit
934 2153 974 2214 ll.
982 2150 1126 2224 Baebius,
1142 2151 1190 2214 rir
1203 2149 1304 2224 fortis,
1319 2147 1500 2212 interfectus
1516 2146 1603 2208 iussu

288 2245 368 2306 tuot
411 2240 461 2305 89.
495 2242 601 2319 Quid?
637 2244 721 2327 qnod
748 2252 782 2307 tu
816 2246 929 2307 totiens
951 2241 1097 2307 diffidens
1120 2264 1155 2307 ac
1179 2243 1350 2326 desperans
1372 2241 1465 2304 rebus
1486 2237 1549 2302 tuis
1570 2236 1642 2299 ina

287 2327 451 2401 sordibus,
473 2328 616 2391 lamentis
637 2328 785 2413 luctuque
808 2329 949 2392 iacuisti?
973 2328 1060 2412 quod
1079 2329 1223 2411 populari
1244 2328 1292 2390 illi
1308 2325 1465 2390 sacerdoti
1481 2341 1606 2386 sescen-

287 2428 337 2484 tos
352 2422 391 2484 ad
410 2421 527 2485 bestias
549 2421 653 2485 socios
674 2422 959 2506 stipendiariusque
981 2423 1120 2486 misisti‘l
1142 2422 1243 2506 quod,
1267 2441 1338 2484 cum
1360 2425 1534 2483 sustentare
1553 2416 1605 2478 vix

288 2535 398 2599 posses
412 2535 584 2579 maerorem
598 2524 687 2579 tuum
702 2517 904 2600 doloremque
919 2516 1130 2590 decessionis,
1154 2514 1399 2580 Samothraciam
1414 2519 1445 2575 te
1460 2509 1606 2594 primum,

287 2617 359 2694 post
380 2610 455 2674 inde
470 2608 608 2673 Thasum
631 2629 701 2671 curn
725 2611 786 2673 tuis
809 2611 926 2674 teneris
949 2611 1149 2673 saltatoribus
1172 2617 1203 2673 et
1225 2630 1296 2672 cum
1313 2606 1488 2678 Autobulo,
1511 2601 1607 2665 Atha·

287 2710 409 2776 mente,
432 2702 589 2777 Timocle,
617 2703 765 2767 formosis
785 2704 947 2777 iratribus,
977 2704 1164 2767 contulisti?
1194 2702 1281 2788 quod
1301 2702 1377 2765 inde
1397 2708 1429 2764 te
1450 2697 1606 2781 recipiens
1615 2718 1643 2763 ia

287 2795 321 2858 in
343 2795 418 2858 villa
439 2796 636 2869 Euchadiae,
672 2817 754 2881 quae
781 2797 839 2861 luit
867 2818 950 2861 uxor
977 2798 1142 2873 Execesti,
1176 2798 1297 2862 iacuisti
1321 2816 1463 2860 maerens
1484 2793 1608 2875 aliquot

287 2891 374 2964 dies,
396 2898 492 2974 atque
515 2890 589 2953 inde
613 2891 773 2954 obsoletus
789 2891 1045 2956 Thessalonicam
1061 2893 1208 2956 omnibus
1225 2891 1430 2955 inscientibus
1445 2896 1605 2968 noctuque

287 2984 423 3047 venisti?
460 2985 543 3067 quod
575 3005 644 3048 cum
667 3004 854 3049 concursum
876 2985 1068 3068 plorantium
1090 3006 1127 3048 ac
1155 2992 1372 3068 tempestatem
1395 2980 1605 3067 querellarum

286 3076 367 3140 terre
389 3095 453 3139 non
475 3097 603 3159 posses,
635 3081 667 3141 in
690 3077 842 3161 oppidum
866 3078 992 3142 devium
1014 3081 1163 3143 beroeam
1185 3079 1376 3163 profugistil
1409 3096 1472 3159 quo
1493 3076 1526 3139 in
1548 3093 1605 3155 op

284 3168 360 3254 pido
390 3189 459 3233 cum
492 3171 548 3233 tibi
581 3193 637 3254 spe
667 3171 760 3245 falsa,
797 3172 883 3253 quod
914 3173 953 3248 Q.
983 3172 1172 3235 Ancharium
1203 3193 1266 3235 non
1295 3191 1365 3235 esse
1386 3185 1642 3234 successurumaa

284 3271 427 3346 putares,
449 3264 572 3327 animos
594 3285 701 3327 rumor
722 3266 880 3340 inflasset,
903 3286 968 3349 quo
990 3275 1021 3329 te
1044 3267 1139 3330 moda
1161 3268 1200 3330 ad
1222 3273 1307 3328 tuam
1324 3261 1605 3347 intemperantiam,

286 3356 453 3431 scelerate,
476 3357 657 3422 innovasti‘t
700 3361 861 3422 xxxvii.
893 3357 945 3422 90.
977 3362 1067 3423 blitto
1089 3380 1201 3438 aurum
1224 3359 1435 3429 coronarium,
1466 3353 1550 3438 quod
1574 3362 1605 3417 te

286 3451 464 3514 diutissime
485 3451 592 3526 torsit,
616 3473 685 3516 cum
708 3455 802 3517 modo
824 3453 941 3526 velles,
966 3452 1058 3517 modo
1081 3454 1191 3517 nolles.
1235 3453 1303 3516 Lex
1324 3452 1409 3515 enim
1431 3448 1539 3532 generi
1559 3448 1606 3512 tui

285 3552 318 3606 et
338 3542 467 3607 decerni
496 3552 529 3608 et
556 3540 611 3631 [tel
642 3547 785 3630 accipere
808 3548 933 3612 vetabat
954 3548 1015 3611 nisi
1038 3548 1164 3612 decreto
1186 3547 1355 3630 triumpho.
1406 3544 1443 3608 ln
1465 3562 1529 3626 quo
1552 3549 1605 3614 tu,

284 3645 413 3722 accepta
440 3646 544 3703 tamen
573 3647 605 3704 et
636 3638 785 3706 devorata
813 3644 965 3726 pecunia,
994 3649 1029 3706 ut
1051 3643 1084 3706 in
1105 3642 1302 3706 Achaeorum
1324 3646 1448 3705 centum
1471 3636 1643 3710 talentis„

285 3752 431 3796 evomere
454 3753 517 3795 non
539 3742 683 3816 poteras:
716 3736 865 3800 vocabula
893 3744 1013 3799 tantum
1036 3736 1241 3820 pecuniarum
1264 3743 1296 3798 et
1316 3752 1431 3819 genera
1453 3731 1605 3794 mutabas.

284 3828 372 3889 blitto
395 3826 566 3908 diplomata
587 3836 653 3890 tota
675 3829 709 3890 in
732 3830 894 3912 provincia
917 3832 1033 3914 passim
1057 3831 1145 3903 data,
1175 3829 1265 3892 mitto
1288 3847 1453 3892 numerum
1477 3824 1603 3889 navium

284 3923 501 4002 summamque
516 3923 667 4003 praedae,
690 3924 780 3986 mitto
803 3924 956 3991 rationem
979 3924 1082 3987 exacti
1104 3923 1313 4006 imperatique
1328 3920 1491 3992 frumenti,
1514 3919 1604 3980 mitto

284 4021 423 4094 ereptam
446 4012 622 4077 libertatern
646 4017 772 4098 populis
794 4036 830 4079 ac
852 4018 1004 4100 singulis,
1027 4018 1081 4100 qui
1105 4026 1194 4079 erant
1215 4017 1317 4079 allecti
1341 4014 1488 4098 praemiis
1504 4011 1605 4075 nomi·

348 4335 371 4382 4.
387 4333 525 4396 publicanis
542 4330 672 4395 glossema
692 4345 751 4384 esse
770 4333 833 4383 vidit
849 4334 918 4385 Bake
936 4348 962 4398 p.
976 4335 1037 4393 aim
1053 4335 1159 4398 publicis
1175 4335 1242 4384 coni.
1257 4335 1427 4384 Hotomanus.
1442 4359 1469 4370 -
1488 4333 1558 4396 (acta
1570 4334 1603 4395 Ες

280 4408 439 4470 faciamos
457 4433 484 4444 -
504 4409 528 4456 2.
547 4410 733 4457 centurionatus
749 4407 873 4460 Abrami:
892 4415 918 4460 at
935 4425 960 4460 r.
980 4425 1005 4474 p.
1023 4411 1081 4467 448,
1099 4411 1139 4461 28.
1162 4436 1187 4444 -
1207 4409 1231 4461 i.
1249 4422 1299 4459 csse
1314 4410 1468 4472 suspectum
1485 4409 1604 4457 Emestio

283 4486 309 4532 et
326 4484 474 4533 Garatonio.
494 4508 521 4518 -
540 4483 565 4533 8.
582 4483 739 4545 praepositas
757 4481 851 4533 codd:
874 4486 1030 4548 turpissimas
1045 4486 1118 4535 boma
1133 4485 1289 4546 praepositas
1304 4483 1397 4534 hamb.
1416 4483 1491 4541 iata,
1512 4479 1560 4532 sed
1578 4483 1604 4533 in

283 4571 366 4621 marg.
385 4561 571 4622 repetitarum:
597 4572 711 4620 praepos.
735 4559 807 4608 laonio
832 4561 988 4622 turpissimus
1010 4585 1037 4594 —
1064 4560 1088 4609 9.
1106 4560 1213 4609 militam
1233 4560 1258 4609 bt
1281 4585 1308 4594 -
1336 4558 1376 4606 44.
1395 4559 1605 4619 quod--miristi

283 4631 363 4683 habet
380 4636 400 4683 A
421 4660 445 4670 »-
465 4639 583 4683 sescentos
601 4636 633 4683 G:
653 4635 815 4683 sementosO
835 4661 860 4669 -
882 4635 921 4684 42.
940 4635 1018 4684 aanor
1033 4635 1252 4697 stipendiariosqac
1269 4633 1325 4697 (sed
1342 4634 1358 4683 3
1375 4634 1454 4685 codd.
1471 4635 1605 4698 stipendia·

282 4708 333 4756 rios
348 4708 451 4771 qaoque]
471 4711 507 4758 A:
527 4709 620 4758 amicas
635 4710 760 4770 sonosque
777 4710 812 4768 ῦς
830 4711 923 4759 amicos
938 4711 1016 4760 aomos
1032 4711 1252 4774 stipendiariusque
1268 4711 1298 4760 0.
1325 4710 1434 4761 abitrum
1452 4710 1501 4759 nisi
1518 4712 1602 4759 totam

282 4782 334 4832 hoc
352 4781 503 4833 membrum
526 4780 583 4832 loco
601 4795 650 4833 suo
667 4786 767 4833 molum
787 4783 864 4833 luerit
880 4783 1148 4850 subiungendumque
1165 4787 1199 4836 sit
1216 4785 1279 4836 illis:
1300 4786 1442 4849 intersectas
1459 4787 1526 4834 tensa
1542 4785 1604 4835 tao?

283 4857 364 4918 Quid?
381 4859 446 4918 qaod
460 4857 737 4920 pcpalari··raisisli?
755 4859 819 4918 Ouid
831 4861 897 4920 qaod
907 4865 935 4909 ta
946 4861 1078 4911 mitescet.
1093 4863 1192 4912 Ouarar.
1205 4887 1232 4897 -
1251 4862 1317 4923 qaod
1327 4860 1466 4911 Garatoni:
1485 4860 1544 4921 quid
1560 4860 1603 4909 EF

282 4935 343 4989 GP;
362 4935 422 4994 qaid
438 4936 503 4996 qaod
520 4936 614 4991 Sth,
632 4932 803 4997 redolente]
823 4960 849 4970 -
870 4935 909 4985 43.
928 4936 1125 4986 detornatam
1140 4950 1309 4998 mereremini
1325 4938 1341 4986 S
1358 4962 1385 4971 -
1404 4936 1552 4985 maenis
1568 4934 1601 4988 E:

281 5008 441 5059 ammaonte
463 5010 548 5067 Frs;
573 5009 718 5070 defensionis
740 5011 760 5057 G
781 5036 807 5044 —
832 5009 871 5059 44.
888 5015 944 5073 post
966 5025 1019 5062 om.
1038 5013 1055 5060 S
1074 5039 1100 5048 -
1127 5014 1231 5062 lbaaainr
1250 5009 1403 5062 Turnebus:
1429 5011 1541 5059 tharsum
1560 5006 1602 5057 rel

281 5086 412 5134 tarscmc
433 5111 460 5120 —-
478 5085 639 5134 saltatoribus
654 5086 720 5134 tls:
744 5098 797 5134 oni.
817 5085 849 5142 4’;
871 5087 1050 5148 praemoritur
1066 5089 1145 5138 EGP
1164 5115 1191 5125 -
1212 5087 1329 5137 wicbald
1345 5087 1395 5137 tls
1413 5112 1440 5121 -
1459 5086 1605 5135 Athanasio

281 5158 424 5223 Madvigius
443 5159 483 5218 (ad
497 5161 550 5211 Cic.
565 5158 598 5209 de
611 5161 681 5209 lino.
697 5173 725 5223 p.
739 5161 808 5219 aral:
827 5160 975 5211 Athamante
991 5168 1013 5210 et
1030 5162 1076 5212 CO
1088 5188 1115 5198 -
1135 5164 1174 5214 ia.
1193 5163 1283 5213 timcdc
1298 5163 1413 5222 EGPS;
1431 5162 1535 5213 tbimode
1552 5162 1603 5211 Fu

283 5263 309 5269 -
329 5235 394 5296 qaod
411 5236 550 5284 Garatoni:
577 5236 620 5296 qai
636 5247 693 5283 cum
711 5236 772 5292 Gr;
791 5237 851 5296 qrcid
866 5250 923 5285 cam
940 5238 1033 5292 Fris,
1057 5238 1199 5300 quidquod
1214 5251 1271 5288 cam
1287 5239 1307 5288 E
1325 5264 1352 5274 —
1371 5239 1428 5287 inda
1444 5239 1475 5299 te]
1490 5242 1569 5287 mente
1586 5237 1602 5287 l·'

282 5335 308 5343 —
330 5310 369 5358 tii.
387 5310 508 5360 euladius
524 5310 557 5363 E:
586 5310 645 5360 tort.
664 5310 785 5372 b'aadaae
808 5336 834 5346 -
859 5313 973 5362 licecasti
998 5314 1136 5363 Garatoni:
1160 5315 1303 5378 saepestic
1327 5314 1364 5376 (in
1384 5314 1446 5363 villa
1468 5313 1600 5369 manda.

280 5398 346 5445 qaae
361 5386 409 5447 tait
424 5384 635 5449 amarulentam
651 5386 808 5448 Turnebus).
832 5386 872 5436 Gt.
892 5385 955 5436 had.
971 5387 1035 5437 lioss
1052 5388 1079 5436 in
1093 5387 1234 5438 Kanatblatt
1246 5387 1323 5449 iata,
1342 5401 1369 5452 p.
1383 5389 1423 5438 66.
1439 5415 1466 5426 -
1486 5386 1525 5436 48.
1538 5387 1603 5448 qaod

280 5474 338 5508 mani
355 5458 511 5510 Lambinus:
531 5461 573 5521 qai
589 5474 646 5509 cani
663 5460 698 5515 C;
723 5459 765 5509 abi
781 5474 837 5511 cina
854 5460 965 5511 Ernesti.
986 5487 1013 5496 -
1035 5465 1058 5510 et
1074 5465 1148 5523 remp.
1166 5463 1186 5510 G
1206 5488 1234 5499 -
1251 5461 1419 5523 querellarum
1435 5463 1470 5511 G:
1488 5460 1603 5523 wrin-

281 5548 338 5584 ram
354 5536 375 5585 0
393 5560 420 5571 -
440 5535 480 5584 49.
501 5534 599 5595 insons
615 5537 653 5591 bt;
673 5535 773 5585 beram
790 5536 893 5587 Erus
911 5562 937 5571 -
953 5537 1085 5599 persapisti
1103 5537 1219 5587 FMS—
1238 5539 1279 5588 20.
1297 5537 1403 5600 qando.
1417 5536 1470 5585 FS:
1491 5535 1603 5597 micdqae

283 5609 330 5658 EG
351 5635 377 5644 -
401 5607 443 5658 ri.
461 5613 485 5659 st
505 5614 528 5659 te
549 5609 662 5672 accipere
684 5610 717 5660 C:
744 5615 768 5660 te
789 5623 843 5660 om.
867 5610 950 5661 codex
973 5611 1064 5661 latini
1087 5611 1116 5660 ct
1136 5610 1165 5660 0.
1192 5610 1231 5660 Cl.
1248 5610 1334 5661 Madv.
1352 5609 1386 5660 ad
1403 5610 1458 5660 Cic.
1477 5609 1510 5660 de
1529 5611 1600 5661 Pina.

282 5696 308 5748 p.
328 5683 375 5731 449
392 5684 420 5732 et
435 5683 492 5733 848.
514 5711 541 5721 -
559 5688 587 5733 ta
603 5687 690 5734 omi}
710 5711 736 5720 -
755 5686 795 5735 25.
814 5692 942 5748 acceptam
958 5690 982 5735 cl
997 5686 1143 5735 dwmatarn
1155 5687 1288 5747 pecaniam
1304 5687 1371 5737 coni.
1384 5683 1505 5742 Abrami;
1523 5690 1546 5735 at
1557 5687 1601 5736 de-

281 5762 372 5807 corata
391 5755 534 5808 delendum
558 5763 651 5810 censet
668 5759 809 5811 Lambinus
830 5762 855 5811 in
878 5774 962 5824 marg.
982 5787 1008 5795 -
1032 5761 1073 5811 ti.
1090 5765 1143 5812 tota
1157 5762 1289 5824 provincia
1305 5762 1468 5812 Hotomanus
1485 5760 1601 5813 malebat

282 5831 378 5884 oblitus
401 5833 498 5895 gemini
520 5833 570 5886 loci
591 5848 618 5902 p.
637 5835 710 5893 44496,
728 5835 769 5886 au.
796 5835 1145 5899 coni.1teisigiirctalasde
1159 5835 1220 5904 lina.
1241 5836 1295 5888 tat.
1313 5849 1373 5902 pag.
1392 5837 1448 5889 4448.
1468 5862 1495 5873 -
1517 5836 1558 5888 49.
1576 5843 1600 5890 rt
