3800 7350
313 1166 376 1233 006
730 1173 883 1239 ORATIO
905 1173 985 1239 PRO
1006 1174 1040 1238 P.
1063 1173 1205 1239 SESTIO

314 1352 483 1426 quaerant,
516 1349 570 1407 aut
599 1344 653 1426 qni
683 1352 814 1426 propter
842 1343 972 1406 insitum
1002 1343 1158 1427 quendam
1188 1343 1284 1406 animi
1312 1342 1450 1406 furorem
1473 1341 1640 1405 discordiis

314 1436 430 1500 civium
452 1457 489 1500 ac
511 1438 666 1501 seditione
687 1444 873 1521 pascantur,
902 1444 957 1499 aut
978 1437 1034 1520 qui
1062 1442 1191 1519 propter
1212 1436 1461 1521 implicationem
1483 1436 1529 1499 rei
1550 1435 1641 1499 fami·

313 1530 400 1594 liaris
422 1531 579 1595 communi
600 1530 749 1594 incendio
772 1531 882 1594 malint
904 1549 999 1614 quam
1021 1550 1080 1592 suo
1103 1532 1285 1613 deflagrare.
1327 1530 1390 1605 Qui
1418 1549 1490 1593 cum
1519 1536 1640 1593 tutores

314 1631 389 1686 sunt
410 1632 442 1688 et
462 1625 559 1688 duces
581 1645 710 1689 suorum
732 1626 908 1689 studiorum
931 1624 1146 1707 vitiorumque
1160 1624 1259 1698 nacti,
1280 1624 1313 1686 in
1333 1644 1367 1686 re
1382 1623 1511 1706 publica
1523 1623 1640 1686 fluctus

290 1716 507 1792 sexcitantur,
533 1727 568 1781 ut
596 1718 790 1800 vigilandum
819 1720 860 1781 sit
881 1719 937 1791 iis,
968 1716 1022 1799 qui
1044 1717 1103 1779 sibi
1126 1716 1337 1800 gubernacula
1358 1716 1478 1799 patriae
1500 1714 1640 1799 depopo-

314 1817 455 1885 scerunt,
485 1809 734 1895 enitendumque
763 1812 848 1874 omni
877 1812 1010 1874 scientia
1037 1830 1074 1873 ac
1103 1811 1283 1893 diligentia,
1312 1820 1349 1872 ut
1374 1808 1568 1873 conservatis
1589 1809 1640 1885 iis,

314 1923 396 1985 quae
425 1924 484 1987 ego
513 1905 609 1988 paulo
630 1914 705 1968 ante
725 1904 931 1969 fundamenta
952 1925 989 1968 ac
1011 1905 1150 1968 membra
1172 1925 1242 1969 esse
1265 1904 1351 1979 dixi,
1382 1909 1491 1966 tenere
1513 1923 1639 1966 cursum

314 1998 437 2082 possint
458 2007 491 2063 et
511 2019 622 2083 capere
644 1999 700 2062 otii
721 1998 810 2062 illum
838 2008 965 2082 portum
989 2007 1021 2060 et
1043 1998 1215 2080 dignitatis.
1260 1993 1330 2060 l00.
1352 1998 1442 2061 Hanc
1465 2014 1523 2078 ego
1546 1996 1639 2072 dam,

313 2092 452 2167 iudices,
473 2093 501 2156 si
522 2100 577 2156 aut
597 2112 741 2175 asperam
762 2100 858 2176 atque
880 2091 1011 2155 arduam
1034 2099 1089 2155 aut
1110 2093 1236 2175 plenam
1258 2112 1328 2156 esse
1350 2089 1566 2174 periculorum
1586 2097 1641 2153 aut

277 2199 304 2245 so
313 2187 499 2253 insidiarum
527 2205 657 2269 negem,
687 2188 837 2249 mentiar:
866 2186 1052 2269 praesertim
1075 2206 1146 2249 cum
1169 2187 1200 2249 id
1223 2206 1289 2249 non
1311 2185 1406 2249 modo
1427 2183 1640 2248 intellexerim

313 2301 449 2365 semper,
471 2279 645 2343 sedetiam
667 2286 793 2363 praeter
806 2290 929 2343 ceteros
945 2281 1108 2343 senserim.
1146 2280 1269 2343 XLVll.
1286 2278 1459 2345 Maioribus
1473 2275 1640 2361 praesidiis

314 2383 348 2438 et
368 2374 469 2457 copiis
491 2380 693 2457 oppugnatur
714 2392 765 2436 res
794 2373 920 2456 publica
943 2393 1038 2456 quam
1061 2372 1256 2448 defenditur,
1287 2380 1456 2457 propterea
1477 2370 1562 2455 quod
1584 2390 1641 2433 au-

314 2469 409 2533 daces
429 2468 576 2531 homines
598 2474 630 2530 et
650 2465 766 2550 perditi
787 2476 865 2529 nutu
880 2466 1087 2550 impelluntur
1101 2473 1133 2530 et
1147 2467 1208 2551 ipsi
1222 2470 1315 2531 etiam
1332 2474 1446 2549 sponte
1460 2486 1516 2529 sua
1531 2471 1641 2529 contra

314 2583 379 2627 rem
401 2561 560 2646 publicam
581 2560 768 2623 incitantur:
797 2560 874 2623 boni
896 2562 1004 2624 nescio
1026 2580 1090 2644 quo
1112 2562 1207 2625 modo
1229 2561 1383 2626 tardiores
1406 2567 1481 2623 sunt
1501 2565 1534 2623 et
1554 2559 1640 2643 prin-

277 2656 405 2739 ttcipiis
426 2675 531 2719 rerum
552 2653 705 2737 neglectis
727 2653 767 2717 ad
790 2661 965 2717 extremum
987 2654 1057 2736 ipsa
1079 2654 1219 2738 denique
1241 2656 1429 2719 necessitate
1452 2652 1640 2725 excitantur,

313 2749 358 2814 ita
381 2757 502 2813 utnon
523 2767 696 2831 numquam
719 2748 919 2812 cunctatione
941 2768 978 2811 ac
999 2747 1161 2822 tarditate,
1193 2747 1268 2811 dum
1291 2750 1392 2811 otium
1413 2746 1524 2810 volunt
1544 2746 1640 2809 ctiam

313 2842 382 2907 sine
405 2842 559 2925 dignitate
580 2842 733 2915 retinere,
755 2841 817 2925 ipsi
838 2851 1005 2925 utrumque
1027 2842 1182 2905 amittant.
1226 2836 1297 2903 tot.
1316 2842 1571 2924 Propugnatorcs
1584 2857 1640 2902 au·

314 2946 376 3000 tem
405 2938 450 3000 rei
479 2935 626 3019 publicae
656 2934 711 3018 qui
735 2955 805 2998 esse
827 2935 1010 3010 voluerunt,
1041 2937 1068 2999 si
1097 2934 1233 2998 leviores
1263 2941 1354 3009 sunt,
1382 2933 1579 3008 desciscunt,
1613 2931 1640 2995 si

314 3030 506 3105 timidiores,
534 3029 666 3092 desunt:
694 3037 881 3112 permanent
909 3029 954 3092 illi
982 3029 1042 3091 soli
1064 3036 1160 3111 atque
1182 3030 1289 3091 omnia
1311 3026 1522 3112 reipublicae
1544 3044 1640 3090 causa

277 3125 492 3211 asperserunt,
515 3125 572 3208 qui
593 3132 667 3187 sunt
688 3123 782 3197 tales,
805 3122 909 3207 qualis
930 3131 1021 3206 pater
1042 3131 1131 3196 tuus,
1161 3124 1202 3185 M.
1225 3123 1360 3196 Scaure,
1388 3120 1464 3195 init,
1486 3120 1542 3204 qui
1564 3139 1583 3183 a
1606 3118 1640 3183 C.

314 3218 455 3282 Graccho
477 3236 580 3300 usque
602 3216 641 3279 ad
658 3216 697 3291 Q.
712 3218 840 3279 Varium
863 3216 1025 3279 seditiosis
1040 3216 1187 3278 omnibus
1202 3217 1332 3290 restitit,
1356 3235 1450 3299 quem
1465 3233 1639 3298 numquam

313 3313 378 3375 ulla
404 3314 468 3386 vis,
499 3310 584 3374 ullae
613 3310 732 3383 minae,
764 3310 830 3373 ulla
856 3308 976 3371 invidia
998 3309 1161 3383 labefecit3
1194 3318 1249 3372 aut
1278 3308 1383 3393 qualis
1413 3310 1452 3385 Q.
1474 3308 1639 3383 Metellus,

313 3414 445 3490 patruus
466 3399 574 3467 matris
596 3412 686 3477 tuae,
715 3404 865 3487 quicum
891 3405 1054 3466 tlorentem
1085 3402 1247 3466 hominem
1276 3404 1309 3466 in
1338 3402 1484 3487 populari
1506 3403 1639 3477 ratione,

313 3501 349 3563 L.
367 3498 587 3573 Saturninum,
609 3517 723 3561 censor
743 3503 884 3560 notasset
905 3516 1041 3579 eumque
1063 3497 1225 3560 insitivum
1247 3495 1424 3559 Gracchum
1446 3504 1554 3560 contra
1575 3496 1639 3561 rim

275 3592 523 3664 aamtdtitudinis
550 3591 696 3655 incitatae
726 3609 824 3653 censu
853 3590 1067 3673 prohibuisset
1095 3610 1231 3674 cumque
1253 3592 1286 3654 in
1308 3610 1377 3655 eam
1399 3592 1517 3675 legem,
1543 3611 1638 3674 quam

314 3706 376 3752 non
404 3688 473 3751 iure
497 3692 638 3768 rogatam
665 3685 837 3759 iudicarat,
865 3685 971 3749 iurare
999 3705 1082 3748 unus
1108 3685 1281 3759 noluisset,
1311 3686 1350 3749 de
1379 3686 1507 3763 civitate
1528 3684 1639 3750 maluit

314 3800 410 3867 quam
431 3780 471 3844 de
493 3779 652 3843 sententia
672 3766 850 3855 demo'veri3
872 3786 942 3853 ant,
963 3786 1000 3842 ut
1020 3787 1128 3842 vetera
1149 3778 1311 3862 exempla,
1333 3799 1470 3864 quorum
1485 3788 1534 3844 est
1547 3780 1639 3865 copia

314 3875 408 3959 digna
430 3873 526 3938 huius
546 3872 670 3957 imperii
693 3872 807 3954 gloria,
837 3873 1033 3957 relinquam,
1055 3894 1134 3937 neve
1157 3893 1267 3937 eorum
1288 3874 1428 3958 aliquem
1450 3874 1507 3957 qui
1529 3874 1639 3937 vivunt

313 3970 489 4041 nominem,
511 3967 615 4050 qualis
636 3987 740 4050 nuper
760 3966 800 4042 Q.
824 3967 952 4031 Catulus
974 3966 1049 4042 init,
1072 3988 1168 4052 quem
1190 3988 1293 4051 neque
1315 3968 1446 4052 periculi
1467 3976 1638 4053 tempestas

273 4076 416 4148 aoneque
437 4061 567 4125 honoris
588 4080 664 4123 aura
687 4062 791 4143 potuit
811 4081 962 4144 umquam
985 4060 1024 4124 de
1050 4082 1108 4124 suo
1131 4082 1223 4125 cursu
1246 4069 1301 4125 aut
1323 4081 1379 4144 spe
1401 4069 1456 4124 aut
1477 4068 1563 4126 metu
1583 4061 1639 4126 de·

310 4177 447 4222 movere.

395 4250 536 4315 XLVlll.
559 4245 631 4310 toa.
653 4248 739 4312 llaec
761 4249 940 4322 imitamini,
963 4268 1021 4331 per
1038 4249 1116 4312 deos
1139 4249 1350 4313 immortales!
1373 4251 1429 4333 qni
1444 4222 1637 4333 dignitatem,

311 4347 365 4428 qui
386 4342 526 4420 laudem,
548 4342 604 4426 qui
626 4341 757 4424 gloriam
779 4343 942 4425 quaeritis.
980 4342 1065 4405 llaec
1087 4343 1193 4426 ampla
1214 4352 1303 4418 sunt,
1323 4344 1403 4407 haec
1421 4341 1538 4421 divina,
1558 4344 1637 4410 haec

311 4438 514 4513 immortalia;
544 4438 624 4501 haec
650 4436 734 4499 fama
762 4436 974 4510 celebrantur,
1004 4437 1215 4501 monumentis
1248 4438 1409 4501 annalium
1438 4437 1637 4514 mandantur,

273 4532 488 4615 asposteritati
510 4537 732 4615 propagantur.
768 4529 825 4591 Est
845 4529 948 4603 labor,
979 4549 1043 4591 non
1072 4550 1173 4613 nego:
1200 4529 1341 4613 pericula
1363 4551 1492 4614 magna,
1518 4531 1634 4596 fateor:

315 4615 450 4680 «multae
473 4614 609 4679 insidiae
630 4621 704 4676 sunt
723 4613 834 4677 bonis»
859 4613 1020 4676 verissime
1043 4615 1239 4678 dictumest.
1273 4615 1335 4678 Sed

420 4710 484 4770 «Te
506 4707 550 4783 id,
573 4708 657 4791 quod
680 4707 770 4771 multi
791 4706 954 4770 inrideant
975 4708 1130 4791 multique
1146 4716 1307 4792 expetant,
1328 4710 1497 4774 inscitiastu
1513 4711 1616 4794 inquit

419 4800 617 4875 «Postulare,
640 4800 701 4864 nisi
722 4800 862 4863 laborem
885 4820 1006 4864 summa
1029 4822 1099 4864 eum
1122 4823 1196 4866 cura
1219 4802 1367 4868 ecferas.»

376 5117 400 5166 t.
418 5116 509 5166 animia
525 5115 617 5167 hamb.
639 5142 665 5151 -
689 5115 714 5166 Ξ.
731 5116 917 5179 inplicatiooon
933 5119 993 5167 P—
1013 5118 1037 5168 3.
1055 5123 1149 5168 tutores
1164 5118 1225 5170 PG:
1243 5123 1357 5170 cicures
1373 5118 1449 5172 bdo
1467 5147 1494 5158 ·-
1520 5126 1545 5175 s.
1563 5126 1637 5190 dopo-

308 5195 408 5243 aceauot
424 5193 443 5241 P
462 5218 489 5226 —
508 5190 532 5241 6.
550 5190 582 5240 its
598 5192 662 5241 PG:
679 5189 717 5240 hle
733 5191 753 5241 0
772 5218 800 5227 -
819 5192 843 5240 9.
863 5197 937 5254 atquc
954 5192 1026 5241 tostd
1046 5194 1113 5243 coni.
1127 5194 1258 5244 Garatoni.
1274 5221 1301 5229 -
1322 5196 1361 5246 tt.
1380 5204 1559 5263 oppoununtur
1571 5215 1636 5265 pro-

305 5272 393 5331 pterea
409 5262 482 5315 med.
500 5266 605 5317 omissis
621 5267 642 5316 G
660 5291 687 5300 -
708 5266 748 5320 43.
767 5272 791 5317 et
805 5269 858 5330 lpse
873 5265 916 5328 P¹;
935 5269 978 5317 aad
994 5268 1041 5330 ipsi
1058 5270 1078 5317 G
1098 5295 1124 5304 -
1144 5267 1184 5319 tl.
1202 5269 1280 5320 noello
1296 5271 1316 5320 P
1334 5297 1361 5306 -
1381 5273 1421 5322 tt.
1439 5276 1552 5326 00000ιο
1568 5279 1587 5327 P
1606 5305 1633 5316 -

309 5342 348 5392 aa.
367 5341 425 5391 orn
443 5341 502 5390 aun
519 5344 538 5392 r
554 5342 581 5392 tn
598 5354 691 5392 rasura
707 5341 797 5393 nabet.
818 5370 844 5379 -
866 5344 904 5392 rr.
923 5344 1041 5393 amum
1057 5339 1115 5394 rc¹
1134 5370 1160 5380 -
1179 5345 1221 5396 ao.
1240 5346 1352 5396 secum
1368 5349 1389 5397 o
1407 5373 1434 5385 -
1452 5348 1494 5400 ar.
1512 5331 1635 5415 procur

309 5440 336 5452 -
355 5416 479 5467 mono
495 5411 525 5465 0ι
543 5442 570 5452 -
595 5430 733 5479 numquam
751 5418 805 5467 ulto
823 5417 878 5478 tuis,
899 5417 967 5467 ullae
985 5418 1082 5479 minoe,
1104 5417 1157 5469 ullo
1172 5420 1271 5470 inuidia
1286 5422 1349 5471 PG:
1372 5421 1443 5472 0000
1458 5437 1572 5488 uuquam
1585 5429 1634 5491 ota,

307 5491 781 5552 cucumimnuuaoeuuso
805 5518 831 5528 —
859 5490 1104 5554 00000001-
1127 5492 1393 5558 0000000000-
1416 5497 1632 5553 2030000-

308 5568 335 5618 to
350 5577 407 5618 amu
423 5568 488 5619 000
504 5567 581 5631 legun
598 5568 630 5627 Ρ,
653 5565 702 5617 sed
718 5567 783 5617 enlm
800 5568 898 5632 prima,
920 5571 949 5618 ut
965 5568 1083 5628 videtur,
1101 5582 1182 5619 manu
1199 5567 1317 5622 deletum
1334 5574 1384 5623 est.
1405 5600 1432 5610 -
1450 5573 1491 5624 08.
1509 5575 1599 5627 utuout
1614 5580 1635 5631 P

310 5671 338 5682 -
356 5644 397 5696 32.
414 5642 563 5694 namuco
578 5643 598 5692 P
615 5666 642 5676 -
667 5640 708 5690 36.
726 5642 768 5691 sod
783 5646 807 5691 te
822 5644 870 5694 PG
889 5643 945 5706 (sed
964 5642 992 5694 Ρ1
1009 5648 1031 5693 et
1048 5643 1099 5706 dcl:
1126 5645 1168 5694 sed
1185 5647 1243 5708 cO,
1261 5646 1338 5711 prob.
1357 5649 1485 5701 Wesenb.
1503 5664 1530 5716 p.
1549 5652 1580 5713 2;
1606 5656 1635 5705 at

308 5731 333 5768 v.
351 5717 457 5782 llaehly
473 5731 499 5783 p.
512 5715 553 5768 l8.
573 5742 600 5752 -
619 5716 660 5766 37.
679 5720 810 5778 eopectout
826 5718 846 5767 G
865 5745 891 5754 -
911 5718 1033 5769 tmctttoet
1048 5720 1082 5769 P:
1100 5719 1200 5771 insudo
1216 5726 1252 5772 est
1268 5721 1317 5771 GO
1330 5747 1357 5757 -
1377 5722 1418 5774 38.
1436 5729 1460 5775 te
1472 5725 1633 5787 posuureo

310 5808 343 5845 ex
358 5797 427 5846 conl.
444 5793 546 5846 Botbei.
567 5817 592 5827 -
610 5791 738 5854 postutare
753 5792 802 5841 otei
818 5793 1039 5858 Wesenbergius:
1060 5795 1218 5857 postularent
1234 5796 1369 5861 (portuum
1384 5795 1421 5862 pq
1438 5799 1488 5849 siut
1504 5801 1568 5861 PG;
1583 5814 1633 5866 po·

307 5868 401 5921 sutoro
416 5868 474 5921 aio
493 5893 520 5906 -
539 5861 638 5918 mons
656 5867 758 5929 (norm
775 5868 854 5931 corr.)
871 5882 935 5921 curo
952 5871 973 5922 G
990 5895 1017 5907 ··
1036 5868 1131 5937 mseras
1147 5873 1179 5925 l’:
1198 5871 1341 5939 boeotum
1356 5874 1390 5934 ῦς
1408 5874 1498 5941 efferos
1514 5874 1572 5947 0..
