3800 7350
736 1169 1154 1256 mmssmn
1518 1165 1601 1236 rm

285 1341 454 1405 miliarem:
479 1348 511 1405 te
533 1341 653 1424 ipsum,
680 1345 798 1417 Pausa,
820 1342 1131 1406 vehementissimum
1153 1349 1183 1405 et
1204 1340 1408 1405 fortissimum
1430 1344 1603 1421 consulem,

284 1434 401 1498 lactum
423 1436 484 1498 iam
506 1443 619 1518 putant
640 1436 810 1500 leniorem:
832 1457 896 1500 non
919 1457 983 1520 quo
1005 1437 1049 1499 ita
1063 1436 1105 1499 sit
1123 1443 1178 1498 aut
1193 1454 1263 1499 esse
1277 1437 1393 1518 possit,
1414 1435 1470 1499 sed
1484 1439 1603 1501 mentio

285 1536 357 1591 ate
385 1527 467 1592 lacta
494 1529 581 1611 pacis
611 1530 822 1612 suspicionem
850 1531 957 1594 multis
978 1530 1082 1593 attulit
1103 1530 1284 1593 immutatae
1304 1531 1484 1595 voluntatis.
1521 1533 1605 1596 luter

284 1621 342 1685 lras
371 1641 524 1704 personas
552 1642 601 1686 me
629 1624 826 1687 interiectum
848 1625 940 1688 amici
963 1624 1091 1687 Antonii
1113 1623 1244 1687 moleste
1264 1623 1385 1688 lerunt:
1414 1624 1529 1707 quibus
1552 1644 1605 1707 ge·

285 1713 402 1778 roudus
426 1735 495 1779 mos
517 1723 582 1789 est,
605 1718 755 1799 quoniam
777 1718 874 1781 semel
896 1717 1043 1781 liberales
1064 1737 1133 1781 esse
1155 1719 1327 1800 coepimus.
1371 1719 1451 1783 Vlll.
1466 1713 1517 1780 l9.
1531 1719 1629 1782 Pro-e

218 1879 223 1886 ,
285 1804 465 1871 liciscantur
487 1808 580 1891 legati
603 1811 728 1891 optimis
750 1812 926 1885 ominibus,
953 1813 1008 1874 sed
1031 1811 1053 1874 ii
1076 1811 1330 1894 proficiscantur,
1351 1812 1384 1873 iu
1406 1812 1520 1895 quibus
1541 1831 1605 1874 non

285 1900 462 1963 ollendatur
492 1904 656 1965 Antonius.
703 1904 797 1979 Quod
830 1906 855 1966 si
885 1905 924 1966 de
952 1905 1090 1968 Antonio
1121 1924 1185 1967 nou
1209 1904 1372 1977 laboratis,
1404 1904 1483 1968 milri
1505 1912 1606 1979 certe,

284 2002 388 2077 patres
417 1996 600 2078 conscripti,
630 1997 794 2061 consulere
824 1996 957 2061 debetis.
1001 1999 1120 2061 Parcite
1142 1997 1243 2061 oculis
1265 1997 1374 2060 saltem
1397 1998 1476 2061 meis
1497 2005 1530 2061 el
1549 1999 1607 2062 ali·

285 2107 380 2169 quam
407 2090 529 2152 veniam
558 2088 642 2151 iusto
673 2089 774 2153 dolori
805 2090 888 2153 date.
930 2091 1001 2167 Quo
1024 2090 1107 2153 enim
1130 2089 1282 2173 adspectu
1304 2089 1415 2153 ridere
1432 2100 1543 2175 potero
1564 2125 1606 2139 -

285 2182 395 2243 omitto
416 2181 539 2244 lrostem
561 2184 700 2264 patriae,
723 2204 763 2246 ex
786 2204 850 2266 quo
871 2184 949 2248 milri
972 2183 1079 2247 odium
1102 2184 1134 2246 in
1155 2183 1243 2246 illum
1263 2202 1430 2247 commune
1444 2185 1643 2248 vobiscumso

284 2281 332 2337 est
352 2297 412 2336 -ε
443 2276 499 2338 sed
527 2294 590 2357 quo
621 2276 715 2339 modo
743 2277 913 2360 adspiciam
945 2277 1022 2340 mihi
1051 2279 1104 2340 uni
1133 2277 1385 2340 crudelissimum
1405 2277 1545 2352 hostem,
1571 2287 1606 2341 ut

284 2365 446 2431 declarant
474 2368 542 2432 eius
571 2368 611 2431 de
634 2390 683 2432 me
705 2370 923 2432 acerbissimae
945 2372 1133 2434 contiones?
1164 2368 1296 2433 Adeone
1317 2390 1368 2433 me
1389 2369 1524 2434 ferreum
1547 2393 1606 2455 pu·

284 2460 372 2535 tatis,
394 2470 430 2524 ut
450 2482 521 2525 cum
545 2482 583 2526 eo
605 2464 755 2545 congredi
777 2470 832 2525 aut
854 2463 941 2526 illum
965 2463 1128 2546 adspicere
1152 2464 1295 2546 pessimi
1317 2464 1372 2546 qui
1394 2484 1512 2547 nuper,
1533 2485 1606 2529 cum

284 2553 317 2617 iu
347 2556 494 2618 contione
525 2558 656 2620 donaret
686 2577 756 2631 eos,
789 2558 842 2639 qui
873 2558 902 2619 ei
932 2557 971 2619 de
1000 2557 1163 2640 parricidis
1188 2555 1389 2619 audacissimi
1411 2557 1605 2632 videbantur,

285 2667 355 2711 mea
376 2649 458 2712 bona
480 2648 597 2713 donare
619 2671 653 2714 se
675 2651 755 2714 dixit
775 2651 909 2714 Petissio
932 2650 1092 2723 Urbinati,
1120 2650 1176 2732 qui
1208 2669 1249 2712 ex
1270 2648 1433 2732 naufragio
1455 2650 1605 2714 luculenti
1614 2669 1644 2716 te

286 2741 465 2823 patrimonii
487 2744 528 2805 ad
550 2743 628 2806 lraec
649 2744 829 2807 Antoniana
850 2763 928 2806 saxa
949 2743 1109 2825 proiectus
1132 2749 1189 2806 est
1233 2740 1285 2805 20.
1306 2744 1355 2804 An
1378 2745 1412 2805 L.
1432 2747 1605 2810 Antonium

285 2835 447 2918 adspicere
477 2838 609 2918 potero?
639 2837 731 2900 cuius
758 2856 818 2919 ego
841 2836 1056 2900 cmdelitatem
1080 2837 1217 2919 elingere
1239 2857 1304 2900 nou
1326 2838 1516 2919 potuissem,
1544 2839 1605 2902 nisi

285 2948 335 3007 mc
358 2930 523 2992 moenibus
545 2939 577 2992 et
598 2931 695 3012 portis
718 2938 749 2993 et
770 2930 876 2993 studio
899 2930 1060 3010 municipii
1077 2930 1138 2993 mei
1153 2927 1376 2992 defendissem.
1403 2931 1507 3013 Atque
1522 2931 1605 2994 idem

284 3020 336 3083 hic
359 3022 514 3105 myrmillo
536 3024 711 3096 Asiaticus,
733 3023 813 3086 latro
837 3022 962 3096 ltaliae,
985 3023 1107 3105 collega
1127 3024 1280 3086 Lentonis
1303 3031 1335 3086 et
1356 3025 1511 3099 Nuculae,
1533 3045 1604 3088 cum

283 3115 417 3198 Aquilae
440 3118 533 3198 primi
555 3117 612 3199 pili
633 3134 913 3180 nummos·aureos
935 3116 1042 3190 deret,
1072 3116 1112 3179 do
1136 3117 1217 3179 meis
1238 3117 1330 3179 honis
1352 3137 1386 3179 se
1409 3117 1484 3181 dare
1506 3119 1642 3185 dixitzao

284 3209 311 3271 si
334 3210 418 3272 enim
439 3210 478 3273 de
501 3212 569 3273 suis
591 3211 737 3285 dixisset,
760 3231 800 3273 ne
822 3210 968 3292 Aquilam
992 3210 1120 3291 quidem
1142 3210 1247 3292 ipsum
1265 3210 1454 3273 crediturum
1476 3213 1605 3295 putavit.

285 3304 352 3365 Non
374 3302 492 3378 serent,
523 3304 671 3386 inquam,
702 3303 785 3367 oculi
809 3305 940 3376 Saxam,
964 3302 1131 3377 Gelonem,
1162 3323 1225 3365 non
1248 3302 1312 3365 duo
1336 3311 1511 3384 praetores,
1540 3324 1604 3367 non

285 3396 444 3460 tribunum
473 3397 530 3479 pl.,
562 3417 626 3460 non
650 3399 711 3459 dno
735 3394 915 3478 designatos
938 3396 1095 3469 tribunos,
1124 3415 1188 3458 non
1211 3397 1364 3470 Bestiam,
1391 3416 1454 3458 non
1477 3396 1605 3459 Trebel·

284 3490 378 3566 lium,
411 3512 475 3554 non
504 3494 540 3554 T.
564 3492 721 3554 Plancum.
764 3492 834 3552 Non
860 3509 990 3571 possum
1012 3490 1116 3551 animo
1138 3509 1242 3571 aequo
1265 3488 1373 3552 videre
1395 3496 1441 3552 tot
1462 3498 1525 3552 tam
1547 3490 1605 3552 im·

284 3593 454 3666 portunos,
476 3594 538 3648 tam
561 3585 731 3648 sceleratos
752 3582 877 3645 hostes:
899 3601 958 3646 nec
979 3582 1012 3644 id
1035 3582 1071 3645 lit
1091 3581 1218 3646 fastidio
1233 3602 1320 3656 meo,
1342 3579 1398 3645 sed
1416 3582 1544 3644 caritate
1558 3584 1642 3650 reisa

284 3677 438 3759 publicae.
481 3673 532 3740 20.
556 3677 617 3740 Sed
633 3679 754 3740 vincam
777 3677 917 3741 animum
939 3674 1081 3759 mihique
1104 3677 1283 3758 imperabo:
1305 3675 1448 3739 dolorem
1469 3675 1606 3739 iustissi-

283 3791 389 3846 mum,
412 3774 438 3835 si
461 3792 525 3835 nou
547 3780 679 3855 potuero
702 3770 864 3853 frangere,
886 3771 1062 3835 occultabo.
1100 3769 1210 3845 Quint
1231 3772 1313 3834 vitae
1335 3770 1527 3844 censetisne,
1549 3789 1606 3852 pa·

283 3872 346 3928 tres
368 3867 554 3949 conscripti,
576 3865 754 3928 habendam
776 3865 852 3927 milri
873 3865 1012 3950 aliquam
1035 3883 1104 3928 esse
1125 3864 1305 3928 rationem?
1330 3884 1413 3947 quae
1435 3863 1513 3928 milri
1533 3866 1605 3947 qui·

347 4143 371 4193 3.
390 4143 552 4205 amcipionem
567 4144 642 4192 mutis
657 4139 690 4191 V¹
708 4168 734 4178 -
754 4143 879 4193 inmutato
894 4138 941 4201 V¹;
964 4143 1103 4192 mmmctoc
1119 4156 1173 4206 eg:
1191 4157 1241 4192 noo
1258 4136 1294 4206 (i)
1310 4147 1422 4194 mum
1438 4147 1449 4193 t
1466 4171 1493 4180 -
1512 4143 1536 4194 l.
1554 4158 1604 4194 aa·

281 4218 371 4267 toniV
390 4244 416 4253 -
434 4219 457 4266 e.
478 4220 521 4283 cst]
538 4224 561 4268 st
578 4218 599 4266 V
619 4245 644 4253 -
664 4218 781 4269 inernies
796 4217 826 4267 V¹
845 4244 873 4256 -
898 4219 922 4267 0.
942 4220 1028 4281 optimi
1044 4217 1080 4276 V;
1104 4218 1192 4280 opimis
1208 4230 1223 4267 a
1242 4246 1269 4257 -
1287 4217 1425 4268 iomhibm
1440 4218 1474 4277 V;
1493 4219 1606 4269 munibus

282 4296 361 4343 at-
381 4293 443 4342 til:
469 4293 504 4342 itti
522 4291 553 4353 h;
577 4294 602 4342 ii
619 4293 678 4355 Vg;
696 4293 732 4342 dii
747 4306 763 4343 a
779 4294 1019 4359 -proflciscontur
1035 4305 1088 4344 om.
1107 4292 1167 4343 cod.
1185 4294 1264 4355 lang.
1284 4319 1312 4329 -
1330 4293 1355 4343 i.
1373 4307 1424 4343 non
1439 4293 1605 4346 mitescant

528 4377 541 4410 0
702 4376 715 4409 G

283 4449 310 4459 -
329 4423 354 4473 8.
371 4423 612 4475 consalsrodaatisv
631 4423 789 4484 traductitia
807 4427 869 4485 res.)
895 4451 921 4460 -
946 4424 1030 4474 muira
1045 4422 1088 4474 ab
1106 4446 1134 4460 -
1157 4423 1182 4473 o.
1200 4423 1314 4473 VotoaV
1332 4450 1360 4460 -
1378 4431 1479 4487 aspecto
1495 4430 1522 4477 et
1538 4426 1602 4477 inlra

282 4500 394 4562 aspicere
411 4501 472 4549 mel.
490 4527 523 4537 -
541 4500 581 4549 40.
599 4501 685 4549 omitte
701 4500 757 4549 Vt:
774 4501 845 4550 nitito
861 4498 959 4564 abgo
973 4526 997 4537 -
1018 4513 1146 4549 cornmm
1161 4497 1287 4565 υορίιω
1302 4499 1330 4548 la
1345 4499 1417 4549 444οω
1434 4502 1444 4550 4
1459 4529 1493 4540 -
1509 4504 1549 4553 tt.
1562 4503 1604 4554 ssd

282 4575 422 4636 VblolV¹,
440 4572 539 4635 salvi:
558 4586 611 4624 om.
624 4577 719 4636 agt-
738 4575 898 4626 li.eiusdom
913 4573 1137 4625 owttsmmw-
1151 4574 1373 4636 mimaritias
1387 4578 1441 4624 l-
1456 4579 1605 4629 denam

281 4650 391 4714 serrum
408 4651 439 4699 V¹
457 4677 479 4686 -
499 4648 538 4699 ll.
556 4650 814 4712 inemo-sisg
834 4651 1099 4713 -pcm'cidiiaV-
1120 4649 1364 4700 tammonem
1383 4650 1603 4702 dommi)

285 4752 312 4761 -
331 4725 429 4775 Pseudo
445 4723 466 4771 V
484 4722 540 4784 (sed
557 4722 678 4783 ccxlii,
696 4722 898 4786 §dpetwiomlz
914 4727 1000 4787 pitisio
1016 4725 1203 4788 abgzpiridio
1219 4727 1231 4774 l
1247 4749 1274 4760 -
1298 4725 1478 4789 uninotigtt
1495 4727 1605 4775 eilmod

283 4798 315 4857 b;
334 4798 458 4847 otroisoti
474 4810 488 4846 a
507 4821 535 4832 -
555 4797 595 4846 47.
610 4802 697 4858 potere
712 4797 744 4846 V¹
762 4823 789 4834 -
806 4811 902 4861 possen
922 4803 932 4850 t
950 4827 978 4838 -
998 4800 1037 4850 40.
1055 4801 1173 4850 inimillo
1188 4799 1235 4849 bo
1252 4799 1517 4860 (micuerunnilto
1533 4799 1555 4860 t)
1573 4823 1602 4837 -

282 4874 323 4922 2⁰.
342 4872 433 4934 optatis
449 4883 479 4930 a,
498 4873 611 4933 ocutos,
630 4886 682 4922 uon
693 4874 809 4935 Aquilae,
829 4874 944 4926 nonnulli
957 4874 1075 4926 scribere
1086 4873 1251 4932 meluerunt,
1269 4873 1296 4923 in
1307 4872 1404 4937 quibus
1415 4878 1456 4924 est
1466 4874 1604 4924 Fabrettus

282 4947 312 4996 dc
327 4947 373 4995 col.
394 4947 497 4995 Troiani
513 4960 538 5011 p.
554 4947 610 4996 tta.
631 4975 657 4985 -
682 4949 807 5010 primipill
821 4963 883 4999 num
898 4950 920 4998 V
937 4951 962 5000 in
980 4964 1031 5000 ras.
1050 4948 1132 4999 hahet
1148 4961 1183 4999 m.
1196 4949 1225 5008 ἲ,
1243 4948 1315 4999 unde
1330 4947 1496 4999 verisimilius
1512 4948 1542 4998 lit
1558 4948 1605 4999 ct-

283 5032 409 5071 ceronem
434 5032 486 5070 non
509 5023 647 5087 scripsisse
669 5024 746 5085 proni
767 5025 826 5086 pili,
854 5025 902 5075 sed
919 5029 966 5075 aut
978 5023 1106 5087 prisaipilo
1122 5024 1167 5072 aot
1179 5023 1264 5084 prono
1276 5023 1342 5084 pito,
1368 5025 1397 5070 ut
1413 5023 1465 5072 iam
1482 5023 1604 5071 Garatoni

283 5097 397 5153 monult;
418 5110 442 5145 v.
461 5097 627 5149 Mommseuii
644 5099 699 5149 ind.
719 5100 801 5150 lnscr.
820 5101 901 5163 Neap.
918 5112 944 5162 p.
963 5098 1011 5150 li'l
1028 5101 1056 5148 et
1071 5099 1131 5148 Cer.
1147 5096 1340 5148 Schneiderum
1357 5096 1391 5145 ed
1408 5096 1484 5146 Caes.
1496 5095 1525 5145 B.
1539 5094 1603 5146 Gall.

282 5171 307 5232 l,
325 5186 351 5236 p.
371 5172 427 5221 isa.
459 5172 497 5223 Cl.
516 5174 605 5224 tamen
629 5186 655 5237 p.
676 5173 751 5235 todi,
774 5175 811 5224 ro.
833 5200 859 5211 -
881 5179 1012 5236 dromos
1028 5175 1039 5223 t
1061 5199 1089 5209 -
1116 5173 1182 5221 dicit
1202 5170 1298 5223 ‹torel›
1317 5197 1344 5208 -
1368 5171 1409 5220 at.
1426 5183 1458 5220 sc
1473 5182 1527 5220 om.
1546 5173 1557 5219 t
1574 5196 1602 5206 -

282 5246 395 5307 equitum
412 5246 432 5295 0
450 5272 477 5282 -
497 5248 578 5309 ipsum
593 5249 746 5298 mediorum
762 5247 795 5297 b:
814 5248 895 5310 ipsum
911 5249 1064 5298 creditorem
1080 5248 1116 5307 V;
1138 5249 1194 5308 ipso
1209 5247 1362 5297 crodium
1378 5256 1408 5303 o;
1425 5243 1508 5304 ipson
1522 5245 1604 5294 credi-

282 5326 367 5370 lurum
383 5322 461 5384 glo,
480 5323 506 5372 in
519 5335 571 5385 qua
582 5323 711 5387 scriptura
724 5323 871 5384 nescioqui
888 5322 964 5386 lepos
981 5324 1067 5373 inesse
1078 5326 1194 5386 putetur.
1205 5348 1233 5358 -
1252 5321 1293 5372 ἥ.
1305 5334 1356 5371 nos
1370 5320 1449 5382 form
1465 5320 1565 5381 liment
1576 5318 1603 5380 b)

283 5397 319 5445 D:
342 5409 393 5445 non
412 5396 478 5459 infor
493 5397 530 5455 V;
552 5411 602 5446 non
622 5399 714 5460 serem,
735 5387 786 5447 nori
804 5398 884 5461 [nent
903 5398 1003 5448 ocum
1024 5397 1175 5447 Burmanno
1197 5397 1251 5447 lun.
1269 5409 1303 5447 ea
1320 5393 1379 5445 cod.
1398 5393 1553 5456 lloydecop.
1574 5418 1601 5429 -·

283 5472 418 5534 cepionem
439 5475 489 5536 gt;
515 5472 647 5534 coploncm
663 5485 678 5521 a
697 5499 723 5508 -
750 5475 800 5523 duo
818 5472 869 5535 (tric
886 5474 913 5523 et
929 5485 1010 5522 versu
1026 5474 1095 5535 seq.)
1112 5474 1169 5523 Vt:
1196 5473 1257 5522 duos
1272 5471 1340 5533 abg
1359 5496 1386 5506 -
1411 5468 1503 5533 praet}
1517 5467 1605 5530 populi

283 5561 389 5597 romom
405 5547 437 5606 V,
455 5546 488 5597 cl.
507 5546 542 5596 od
559 5561 585 5611 p.
599 5547 671 5606 4300,
683 5546 724 5597 33.
740 5575 765 5585 -
785 5547 827 5599 23.
846 5552 877 5597 tr.
893 5547 930 5609 pl.
948 5545 1061 5609 Vabg;
1079 5546 1190 5596 tribunos
1204 5547 1239 5610 pl.
1257 5549 1276 5596 t.
1299 5545 1439 5596 Garatonio
1455 5558 1505 5592 noo
1521 5542 1602 5604 lapi.

285 5620 429 5671 delendum
448 5621 566 5682 videtur,
590 5621 660 5684 quod
677 5623 703 5671 in
720 5635 759 5672 or.
777 5622 848 5681 xiil,
867 5635 890 5671 c.
910 5621 955 5682 ts,
978 5620 1023 5671 ubi
1045 5625 1152 5672 senatus
1167 5622 1331 5672 Antonianos
1350 5620 1533 5677 enumeratur,
1556 5618 1604 5666 tri·

286 5695 350 5744 burri
367 5695 401 5759 pl.
418 5695 471 5745 duo
488 5695 628 5759 designati,
646 5696 695 5746 sed
711 5695 797 5746 nullus
813 5694 880 5746 illius
897 5696 958 5745 anni
975 5696 1152 5746 nominentur.
1172 5719 1199 5731 -
1221 5694 1357 5744 modam
1373 5694 1395 5741 V
1414 5719 1441 5730 -
1459 5690 1500 5742 il.
1520 5692 1546 5741 T.
1564 5693 1601 5741 V:

286 5772 755 5833 om.D-nospomenom.e-
778 5771 1000 5832 inpertht-
1025 5768 1265 5832 anpomvb:
1286 5765 1603 5831 potcroegt-qaitV

288 5872 315 5882 -
333 5847 375 5897 28.
392 5846 530 5896 Mundam
546 5846 658 5910 αἰίᾳιιαηι
672 5847 795 5928 ratioqcm
810 5847 895 5896 essct
