3800 7350
707 1171 782 1237 cn.
803 1171 939 1235 v-vr.
965 1166 1012 1253 ss
1034 1163 1179 1235 44-47.
1512 1164 1594 1231 lieo

280 1344 395 1410 basiet
439 1337 489 1405 ll.
512 1341 565 1415 si,
586 1361 655 1403 cum
676 1340 738 1403 boc
760 1340 845 1403 domi
866 1339 1050 1412 faceremus,
1072 1336 1159 1421 quod
1174 1344 1206 1399 et
1225 1334 1358 1400 fecimus
1372 1344 1419 1411 et,
1442 1346 1476 1403 ut
1493 1358 1596 1422 spero,

280 1457 347 1502 non
367 1436 484 1500 trustra
504 1434 653 1509 fecimus,
682 1442 715 1498 tu
736 1442 866 1516 repente
887 1433 1034 1497 irruisses
1054 1438 1088 1494 et
1108 1430 1243 1494 clamare
1263 1430 1422 1514 coepisses
1446 1433 1498 1496 «C.
1521 1434 1598 1498 Cae-

281 1551 351 1606 sar,
373 1550 448 1594 care
470 1530 630 1612 ignoscas,
660 1548 736 1593 cave
758 1536 789 1592 te
810 1527 941 1591 fratrum
962 1545 1020 1611 pro
1041 1523 1146 1588 iratris
1167 1522 1267 1588 saluta
1289 1523 1520 1590 obsecrantium
1541 1529 1598 1593 mi-

282 1633 425 1697 sereat»,
446 1641 553 1688 nonne
574 1642 700 1686 omnem
720 1621 946 1686 humanitatem
963 1618 1128 1683 exuisses?
1150 1616 1278 1693 Quanto
1294 1616 1356 1682 boc
1370 1618 1490 1696 durius,
1512 1624 1599 1705 quod

281 1738 342 1782 nos
363 1716 450 1780 domi
472 1718 624 1799 petimus,
645 1715 678 1777 id
701 1723 731 1778 tc
753 1716 787 1778 in
804 1714 872 1778 soro
895 1731 1080 1796 oppugnare
1102 1719 1134 1774 et
1153 1712 1186 1774 in
1209 1710 1264 1774 tali
1286 1711 1412 1776 miseria
1432 1716 1623 1781 multorums

281 1810 463 1897 perfugium
494 1807 729 1872 misericordiae
762 1808 894 1871 tolleret
929 1807 1037 1869 Dicam
1068 1805 1177 1887 plane,
1211 1803 1340 1879 Caesar,
1372 1808 1457 1891 quod
1486 1811 1600 1876 sentio.

283 1902 335 1969 lb.
357 1905 391 1968 si
412 1904 446 1967 in
467 1903 527 1969 bac
549 1909 635 1966 tanta
656 1909 710 1965 tua
729 1899 856 1966 fortuna
876 1901 989 1962 lenitas
1012 1905 1098 1962 tanta
1118 1917 1183 1962 non
1205 1904 1304 1975 esset,
1326 1918 1421 1981 quam
1439 1908 1475 1964 tu
1488 1922 1546 1985 per
1560 1912 1601 1980 te,

283 2019 342 2083 per
361 2004 408 2071 te,
429 1998 574 2080 inquam,
596 1993 722 2058 obtines
744 1993 948 2075 -intelligo
978 1987 1055 2075 quid
1077 1992 1190 2075 loquar
1211 2023 1269 2066 -,
1291 1988 1493 2057 acerbissimo
1514 1996 1600 2061 luctu

283 2090 475 2155 redundaret
494 2089 556 2152 ista
576 2087 717 2152 victoria.
754 2086 856 2163 Quem
878 2087 969 2150 multi
992 2088 1074 2150 enim
1097 2091 1204 2148 essent
1225 2084 1265 2147 de
1286 2084 1471 2163 victoribus,
1493 2090 1549 2172 qui
1571 2099 1602 2155 te

283 2182 444 2250 crudelem
473 2201 543 2245 esse
570 2179 703 2254 vallent,
732 2200 803 2242 cum
830 2179 926 2244 etiam
954 2178 1108 2244 devictis
1135 2178 1349 2260 reperianturl
1378 2199 1473 2263 quam
1501 2184 1602 2261 multi,
1611 2198 1640 2245 to

284 2296 356 2341 cum
375 2295 395 2339 a
416 2281 447 2339 te
468 2274 588 2356 ignosci
603 2274 722 2337 nemini
737 2274 864 2348 vellent,
885 2273 1076 2355 impedirent
1089 2273 1290 2338 clementiam
1305 2280 1402 2350 tuam,
1422 2295 1494 2341 cum
1508 2281 1601 2345 suam

283 2368 334 2444 bi,
356 2369 471 2454 quibus
493 2370 563 2450 ipse
583 2368 741 2450 ignovisti,
763 2366 864 2431 nolint
884 2373 916 2430 te
931 2385 1002 2429 esse
1016 2366 1049 2430 iu
1064 2365 1144 2430 alios
1158 2364 1410 2430 misericordem!
1442 2366 1602 2449 leonori

283 2463 311 2526 si
332 2462 468 2546 probare
490 2460 617 2524 Caesari
638 2479 820 2543 possemus,
846 2461 880 2525 in
901 2460 1009 2525 Africa
1028 2462 1187 2544 Ligarium
1208 2461 1337 2525 omnino
1359 2483 1423 2527 non
1443 2463 1553 2542 luisse,
1575 2470 1602 2532 si

283 2556 420 2622 honesto
449 2563 481 2618 et
511 2553 707 2618 misericordi
734 2554 899 2619 mendacio
927 2556 1022 2619 saluti
1050 2556 1111 2618 ciri
1140 2554 1322 2619 calamitoso
1350 2576 1420 2622 esse
1441 2560 1603 2639 vellemus,

284 2657 390 2715 minen
411 2649 548 2714 hominis
570 2668 636 2712 non
657 2656 756 2724 esset,
780 2649 814 2711 in
835 2656 922 2714 tanto
944 2647 1126 2713 discrimine
1147 2656 1180 2712 et
1199 2648 1340 2734 periculo
1361 2651 1438 2717 civis
1459 2655 1641 2722 refellerem

284 2754 318 2810 et
351 2746 539 2827 redarguere
566 2747 709 2809 nostium
740 2744 956 2819 mendacium,
994 2752 1043 2819 et,
1073 2743 1101 2807 si
1128 2749 1214 2808 esset
1238 2742 1391 2820 alicuius,
1421 2747 1491 2812 eius
1519 2759 1603 2814 certe

284 2859 349 2904 uon
371 2843 472 2911 esset,
495 2836 553 2920 qui
574 2837 607 2900 in
629 2837 740 2902 eadem
761 2857 856 2902 causa
876 2844 909 2900 et
928 2836 1054 2901 fortium
1074 2835 1196 2901 fuisset.
1237 2837 1300 2902 Sed
1320 2843 1427 2904 umen
1447 2841 1533 2907 aliud
1556 2853 1605 2909 est

284 2951 389 2998 errare
412 2932 578 2996 Caesarem
599 2931 702 3006 nolle,
723 2931 810 2995 aliud
832 2939 881 2996 est
901 2930 988 2994 nolle
1007 2930 1159 2995 misereri.
1191 2931 1281 2996 'lunc
1294 2930 1436 2998 diceres:
1461 2935 1603 3012 «Caeam,

284 3047 361 3092 cave
387 3025 513 3099 credas;
545 3022 608 3088 fuit
633 3024 667 3087 in
693 3024 813 3099 Africa,
845 3024 918 3088 tulit
943 3042 1030 3088 arma
1058 3032 1168 3088 contra
1189 3033 1262 3088 tezo
1295 3045 1380 3089 nunc
1400 3027 1480 3111 quid
1501 3030 1603 3094 dicis?

260 3139 262 3143 ·
287 3121 389 3185 «Cave
410 3120 585 3202 ignoscas.»
620 3118 706 3182 llaec
728 3138 788 3182 nec
806 3117 944 3182 bominis
966 3138 1026 3182 uec
1047 3118 1088 3181 ad
1109 3116 1272 3183 bominem
1289 3138 1354 3184 vox
1375 3129 1440 3185 ests
1462 3142 1526 3206 qua
1546 3123 1641 3207 quise

284 3212 369 3299 apud
390 3220 440 3288 te,
462 3212 496 3277 C.
519 3212 648 3287 Caeam,
669 3212 783 3287 utitur,
811 3232 900 3278 suam
921 3210 1016 3276 citius
1036 3211 1163 3276 abiiciet
1183 3211 1411 3278 humanitatem
1432 3234 1526 3298 quam
1548 3236 1604 3279 ex·

283 3306 443 3392 torquebit
463 3313 559 3370 tuam.

368 3399 420 3461 vl.
443 3393 493 3461 ti.
522 3400 568 3462 Ac
595 3399 717 3481 primus
738 3397 842 3462 aditus
863 3407 896 3462 et
916 3397 1087 3480 postulatio
1108 3398 1285 3463 Tuberonis
1305 3398 1401 3476 baec,
1427 3410 1461 3465 ut
1481 3403 1604 3485 opinor,

284 3492 360 3567 init,
388 3492 470 3556 velle
497 3512 532 3556 se
560 3490 600 3554 de
623 3490 662 3567 Q.
684 3490 800 3574 Ligarii
823 3491 942 3555 scelere
965 3490 1077 3554 dicere.
1113 3493 1183 3554 Non
1205 3491 1314 3557 dubito
1335 3495 1412 3577 quin
1433 3495 1605 3561 admiratus

284 3588 345 3661 sis,
367 3584 417 3648 rel
435 3586 519 3668 quod
535 3586 575 3648 de
596 3584 685 3648 nullo
707 3584 770 3648 alio
785 3578 995 3668 [quisquam],
1017 3584 1068 3647 vel
1082 3585 1170 3668 quod
1190 3586 1235 3661 is,
1256 3586 1313 3669 qui
1333 3588 1366 3651 in
1385 3588 1495 3653 eadem
1510 3602 1643 3656 caussae

285 3680 412 3757 linisset,
434 3680 485 3744 vel
506 3679 658 3764 quidnam
679 3681 751 3744 novi
773 3672 927 3762 [sceleris]
949 3678 1086 3741 afferret.
1119 3679 1231 3743 Scelus
1252 3686 1288 3745 tu
1307 3679 1388 3745 illud
1410 3703 1520 3760 vocas,
1542 3687 1606 3750 'l'u-

352 3980 377 4030 t.
394 3977 497 4045 4444444]
514 3976 613 4028 sicutc
633 4001 659 4014 ·-
679 3976 704 4029 2.
722 3980 821 4039 reposo
837 3976 933 4027 GEC:
951 3975 1116 4041 dcrcpcstco
1133 4000 1161 4012 -
1180 3977 1516 4043 masticactflilc:
1534 3983 1605 4033 44444-

284 4054 361 4119 pisscs
376 4054 396 4104 0
415 4078 442 4089 -
466 4053 491 4103 3.
509 4051 658 4103 Priscianus
676 4051 743 4112 vill,
761 4053 790 4112 e,
807 4050 853 4101 ac:
878 4051 996 4101 «misem
1015 4063 1065 4116 pro
1080 4051 1212 4112 misereor,
1235 4053 1306 4104 uude
1321 4056 1420 4107 miseret
1436 4058 1463 4109 ot
1477 4056 1606 4109 macr

285 4125 481 4193 impersonalia.
499 4126 592 4177 Cicero
609 4138 658 4189 pro
669 4124 782 4188 Ligario:
801 4123 866 4175 coos
881 4128 904 4175 to
918 4124 1030 4187 [4444444
1042 4137 1091 4187 pro
1106 4125 1327 4189 tepescentem
1336 4129 1508 4180 mutor..
1520 4156 1546 4166 -
1559 4130 1606 4180 mc

285 4207 365 4254 444444
381 4202 440 4252 GE:
458 4201 606 4251 4444444444
621 4200 715 4249 ocum
730 4199 855 4249 Prisciani
866 4196 1012 4248 codicibus.
1030 4197 1083 4249 Sed
1099 4198 1171 4264 apud
1187 4200 1259 4251 hunc
1274 4200 1308 4251 ad
1319 4200 1402 4252 verba
1418 4202 1606 4268 praecedentia

286 4276 428 4331 lectiomm
443 4277 559 4327 miserest
574 4272 617 4325 vel
634 4273 762 4338 aptiorem
780 4286 840 4324 esse
852 4274 977 4337 apparet,
996 4272 1029 4323 cl.
1043 4285 1069 4337 p.
1080 4273 1154 4334 4433,
1163 4274 1205 4324 it.
1217 4275 1336 4337 (munet
1351 4275 1560 4341 impersonaliter
1570 4277 1607 4330 lo·

287 4353 356 4418 844444
371 4363 451 4416 844Ρῆ
468 4363 494 4416 P·
508 4350 564 4411 ⁴532
577 4349 628 4410 36.)
642 4374 669 4384 ·-
687 4346 712 4399 4.
723 4361 805 4398 sonos
820 4359 917 4396 4444444
931 4346 1111 4397 musteo
1126 4348 1235 4400 44444444
1250 4348 1327 4399 otiert
1336 4351 1480 4403 Arusianus
1497 4354 1607 4404 llesdus
1723 4358 1730 4378 ⁸

287 4442 314 4494 p.
332 4427 381 4479 229
398 4426 441 4478 ad.
459 4425 578 4477 Lindem.
598 4450 626 4459 -
644 4423 668 4474 o.
685 4423 800 4487 patienia
816 4421 850 4472 de
867 4420 978 4473 Fabricii
995 4422 1146 4472 coniectura
1163 4424 1196 4486 ⁰3
1215 4423 1249 4474 cl.
1267 4422 1344 4489 adp.
1362 4425 1435 4487 4433,
1447 4424 1488 4477 34).
1502 4453 1529 4463 -
1547 4428 1608 4479 ists

287 4504 314 4553 tn
329 4504 348 4567 f.
366 4513 513 4567 oppugnare
528 4498 671 4551 Lambinus
688 4510 720 4548 er
736 4509 789 4548 uno
807 4495 866 4548 cod.
885 4497 1057 4548 llemmtano:
1075 4497 1103 4548 u
1117 4511 1136 4549 o
1151 4503 1176 4549 44
1189 4499 1218 4549 te
1231 4499 1252 4562 t.
1264 4500 1405 4563 oppugnati
1415 4500 1479 4564 (obp.
1490 4502 1511 4553 ll
1522 4502 1550 4566 cl
1562 4515 1607 4552 re-

287 4575 352 4641 liqui
369 4575 446 4627 codd.
466 4576 529 4626 noti.
549 4601 577 4611 -
596 4573 621 4624 6.
635 4574 727 4623 044444
743 4572 829 4624 GEC:
848 4571 876 4622 c.
893 4571 987 4623 044444
1002 4572 1023 4623 0
1036 4595 1063 4609 ·
1082 4573 1107 4623 7.
1121 4573 1279 4637 Quodrttsic)
1295 4573 1323 4623 44
1337 4573 1504 4640 toc--qotc
1518 4577 1610 4640 loquor

289 4651 403 4703 atterunt
426 4648 598 4713 Quintilianus
614 4647 686 4709 vill,
703 4646 733 4709 3,
751 4646 783 4697 844
805 4648 833 4696 et
849 4659 882 4697 ex
899 4660 932 4697 ao
948 4649 1048 4699 Auctor
1063 4648 1180 4700 incertus
1197 4649 1224 4700 in
1239 4648 1339 4701 4444441.
1357 4650 1439 4702 Paris.
1457 4649 1500 4701 ed.
1518 4650 1607 4703 lickst.

290 4740 315 4792 p.
334 4726 375 4787 43,
392 4725 434 4775 lt.
449 4750 476 4760 -
495 4724 542 4774 icc
558 4735 611 4773 om.
625 4722 658 4784 C,
677 4721 736 4772 cod.
750 4719 898 4782 Quintiliani
914 4721 1087 4785 Barbaricas,
1105 4727 1205 4778 Auctor
1219 4725 1344 4776 incertus.
1359 4752 1386 4762 -
1404 4730 1449 4776 tuo
1459 4737 1513 4776 om.
1526 4725 1609 4785 Quiu-

290 4799 369 4851 tiliani
387 4797 464 4849 codd.
483 4795 652 4863 plerique·
673 4795 769 4860 4444444]
786 4794 883 4847 beritos
898 4796 988 4849 iidem.
1002 4823 1029 4834 -
1049 4811 1126 4860 quarn
1142 4799 1221 4851 GEC
1239 4801 1266 4850 et
1281 4798 1469 4859 Quintilianus:
1487 4805 1609 4862 quartem

290 4876 311 4927 0
329 4900 357 4912 -
373 4876 574 4938 peraperte
590 4872 610 4923 c
629 4873 655 4921 et
672 4867 857 4931 Quintilianus:
873 4871 1061 4935 pertesemel
1078 4874 1128 4925 tili
1147 4899 1175 4911 -
1193 4873 1218 4926 8.
1235 4874 1413 4938 444444446-
1429 4875 1542 4941 medeae
1559 4875 1608 4926 GC

292 4977 318 4990 -
338 4951 399 5014 qaid
414 4949 464 5000 CE
485 4949 512 5000 et
529 4944 714 5008 Quintilianus:
737 4945 839 5008 puodG
859 4973 885 4983 -
909 4947 1069 4999 4444444ιώ444
1086 4949 1106 4998 C
1124 4974 1152 4984 -
1175 4948 1200 5000 3.
1218 4948 1301 5012 044444
1320 4948 1610 5012 mace-reposceres

291 5017 659 5076 om.G-lt.ccmGli¹:
686 5013 927 5083 444444490-
949 5022 1239 5086 tpmrctmrtmtili:
1265 5023 1610 5088 444444444444440-44-

287 5099 482 5162 4444444446-
506 5096 651 5147 sticmem.
670 5093 690 5144 C
710 5120 738 5130 -
762 5093 931 5146 lathE:
953 5097 1084 5149 tico-
1103 5098 1611 5151 commiscuisses-coesse

291 5167 758 5228 comarumcomarum
777 5168 1072 5223 44444444444440-
1096 5172 1353 5236 deportemus·
1372 5171 1611 5226 tenatos-oet-

191 5292 204 5315 ,
291 5248 461 5300 immadem
475 5246 619 5297 Arusianus
636 5243 748 5294 ltassius
765 5255 791 5308 p.
808 5242 853 5294 itt
874 5244 902 5293 at
917 5242 965 5294 sir
983 5243 1026 5294 ed.
1044 5245 1163 5298 liudem.
1176 5273 1209 5286 -
1225 5246 1267 5297 te.
1283 5245 1435 5312 rsdnrpum
1451 5247 1517 5298 GE:
1534 5262 1611 5299 coor-

290 5336 368 5386 gucrc
388 5322 408 5373 0
427 5349 454 5358 -
482 5327 505 5372 44
521 5331 575 5370 om.
598 5318 618 5368 0
642 5330 731 5369 errore
753 5317 954 5382 typographico.
974 5343 1001 5355 -
1029 5319 1071 5373 ta.
1087 5321 1158 5371 44443
1177 5317 1192 5372 ὅ
1212 5320 1359 5372 mos:
1377 5321 1607 5374 4444444444ιο-

292 5395 335 5447 48.
352 5401 410 5447 4444
427 5396 492 5446 GE:
510 5397 570 5447 nso
587 5397 620 5454 ος
640 5395 706 5446 lure
721 5394 1081 5461 Wunderusp.lllllllv.-
1098 5395 1377 5449 scammuse:
1394 5409 1469 5460 coos,
1486 5397 1611 5450 0444440

293 5498 321 5509 -
345 5467 1003 5536 43444444446144οι4444444444444444430
1022 5468 1612 5538 -srsrclsronC-tt.oputG-utttur

292 5547 330 5599 E:
356 5551 440 5598 4444444
461 5547 512 5598 440
534 5573 562 5582 -
587 5545 629 5597 sl.
648 5544 688 5610 0.]
706 5544 786 5608 pulait
802 5545 822 5596 (4
840 5570 867 5581 -
894 5546 936 5596 25.
954 5544 1138 5607 4444444441.
1156 5544 1284 5610 liauptius
1307 5543 1567 5608 (marcesces.
1585 5546 1609 5607 1,

293 5634 321 5685 p.
339 5620 394 5684 3334
411 5632 472 5671 cum
496 5620 587 5672 codiee
609 5619 740 5681 Gisseusl3
760 5619 891 5683 4444444444
910 5617 1043 5683 glossema
1060 5631 1121 5671 csse
1137 5617 1201 5671 sidit
1216 5620 1415 5672 Mommsenins.
1439 5644 1467 5656 —
1493 5618 1535 5671 34.
1551 5620 1612 5695 rost

293 5694 390 5745 44444444
405 5694 455 5746 GE
465 5694 503 5746 C:
520 5695 579 5745 coci
593 5694 714 5759 pusnovo
732 5691 775 5743 alii
795 5691 889 5755 codd.;
913 5694 973 5745 soci
995 5689 1090 5758 (deleto
1107 5691 1281 5756 substantivo)
1296 5693 1437 5755 Patisium
1462 5694 1522 5744 scol
1538 5693 1612 5760 Quat-

293 5768 371 5836 oorts]
387 5769 408 5820 0
426 5796 453 5807 -
472 5769 676 5835 444444446410
695 5793 722 5805 -
746 5765 1197 5822 Seductu··cllttimcrematlert
1211 5765 1298 5820 schol.
1315 5766 1413 5821 Lucani
1427 5766 1486 5831 VH,
1504 5764 1561 5820 343.
1580 5792 1607 5804 -

294 5844 390 5896 44444444
405 5843 434 5896 E.
