3800 7350
644 1195 718 1259 en.
740 1192 996 1257 xxxix-xc.
1024 1189 1070 1274 §s
1092 1189 1240 1255 ss-sn.
1540 1189 1597 1257 oct

280 1366 393 1431 liberas
414 1364 557 1428 civitates
578 1384 636 1446 per
657 1364 778 1446 legatos
800 1371 925 1424 nostros
948 1362 1136 1424 reduceret?
1166 1363 1340 1445 principem
1363 1362 1498 1426 civitatis
1520 1362 1603 1425 ferro

280 1460 441 1523 obsessum
465 1461 609 1521 teneret?
631 1458 717 1519 Haec
739 1465 775 1519 ut
791 1453 915 1519 efficere
935 1463 1061 1537 posset,
1085 1476 1167 1538 quae
1181 1457 1249 1518 lieri
1265 1457 1327 1520 nisi
1342 1458 1436 1520 armis
1452 1475 1604 1540 oppressa

277 1552 460 1638 republica
481 1552 570 1615 nullo
592 1551 686 1614 modo
709 1557 874 1633 poterant,
902 1548 1037 1622 idcirco,
1059 1548 1172 1622 eredo,
1195 1569 1322 1612 manum
1344 1551 1402 1612 sibi
1426 1552 1458 1612 P.
1482 1550 1604 1613 Sestius

278 1654 310 1720 et
330 1647 437 1729 copias
458 1645 662 1729 comparavit.
685 1677 727 1690 -
749 1647 790 1706 At
812 1643 953 1705 nondum
977 1651 1045 1705 erat
1063 1651 1236 1716 maturum
1258 1644 1399 1705 nondum
1415 1664 1465 1706 res
1479 1644 1549 1725 ipsa
1564 1641 1604 1704 ad

278 1741 347 1804 eius
368 1739 454 1804 modi
475 1738 634 1823 praesidia
655 1738 741 1800 viros
764 1737 867 1799 bonos
889 1735 1167 1818 compellebat-
1188 1735 1274 1798 Pulsi
1297 1756 1356 1799 nos
1379 1756 1519 1809 eramus,
1541 1747 1630 1799 nona

278 1833 407 1896 omnino
429 1834 490 1896 ista
511 1853 604 1894 manu
629 1832 712 1903 sola,
735 1832 792 1894 sed
815 1839 919 1893 tamen
942 1850 1006 1892 non
1028 1831 1097 1892 sine
1120 1829 1200 1891 ista:
1222 1849 1278 1891 vos
1300 1830 1386 1891 taciti
1409 1828 1605 1892 maerebatis.

277 1925 330 1991 85.
352 1928 484 2010 Captum
512 1934 580 1990 erat
605 1926 710 1988 lorum
741 1944 824 1987 anno
854 1926 1036 2006 superiore,
1068 1922 1147 1984 aede
1177 1922 1317 1985 Castoris
1346 1932 1505 2006 tamquam
1535 1942 1605 1986 arce

278 2021 383 2105 aliqua
404 2040 424 2083 a
443 2019 584 2101 fugitivis
607 2026 775 2100 occupata:
799 2018 960 2080 silebatur.
990 2017 1104 2080 Omnia
1117 2015 1282 2079 hominum
1297 2036 1369 2078 cum
1384 2023 1522 2099 egestate
1538 2022 1605 2078 tum

278 2111 408 2177 audacia
429 2113 624 2196 perditorum
647 2112 782 2174 clamore
805 2131 982 2184 concursu,
1005 2112 1035 2172 vi
1052 2130 1146 2172 manu
1163 2110 1366 2190 gerebantur:
1388 2109 1604 2194 perferebatis.

278 2207 478 2290 Magistratus
507 2206 633 2289 templis
661 2204 875 2288 pellebantur,
907 2205 961 2266 alii
984 2205 1115 2265 omnino
1138 2203 1224 2266 aditu
1246 2224 1283 2267 ae
1304 2203 1373 2267 foro
1395 2203 1643 2287 prohibebamus

278 2308 343 2365 tur:
365 2320 459 2364 nemo
482 2300 656 2364 resistebat.
691 2299 888 2362 Gladiatores
911 2317 950 2359 ex
973 2296 1126 2380 praetoris
1148 2297 1299 2360 comitatu
1321 2298 1550 2380 comprehensi,
1572 2298 1605 2358 in

279 2401 421 2458 senatum
441 2393 630 2465 introducti,
653 2391 807 2465 confessi,
831 2392 862 2453 in
885 2391 990 2454 vincla
1013 2390 1149 2453 coniecti
1171 2409 1189 2453 a
1210 2391 1349 2465 Milone,
1371 2392 1478 2455 emissi
1500 2392 1606 2455 aSer-

279 2506 372 2551 renos
404 2488 522 2551 mentio
552 2485 649 2547 nulla.
695 2487 807 2548 norum
831 2483 1018 2566 corporibus
1040 2484 1157 2547 civium
1178 2485 1392 2548 Romanorum
1414 2492 1606 2548 constratum

280 2582 374 2645 caede
395 2586 567 2642 nocturna:
590 2599 654 2641 non
676 2579 772 2641 modo
794 2577 883 2640 nulla
905 2597 989 2639 nova
1011 2579 1174 2660 quaestio,
1203 2579 1260 2641 sed
1282 2580 1375 2642 etiam
1399 2587 1504 2641 vetera
1524 2578 1607 2641 iudi·

279 2675 328 2737 cia
348 2672 481 2735 sublata.
503 2672 677 2735 Tribunum
701 2673 744 2754 pl.
766 2672 838 2756 plus
860 2672 973 2754 viginti
996 2672 1179 2735 vulneribus
1200 2673 1340 2753 acceptis
1361 2673 1514 2735 iacentem
1539 2686 1644 2735 mo·ts

279 2765 511 2848 ribundumque
539 2766 681 2841 vidistis;
712 2765 841 2828 alterius
869 2764 988 2828 tribuni
1017 2765 1071 2848 pl.,
1100 2764 1201 2827 divini
1227 2764 1365 2828 bominis
1387 2764 1500 2847 (dicam
1520 2767 1607 2830 enim

279 2860 364 2942 quod
390 2861 494 2922 sentio
523 2867 555 2922 et
583 2861 668 2943 quod
700 2880 824 2922 meeum
847 2860 988 2921 sentiunt
1008 2855 1145 2936 omnes),
1175 2858 1292 2931 divini,
1321 2858 1437 2941 insigni
1459 2859 1606 2941 quadam,

279 2954 435 3028 inaudita,
464 2972 547 3016 nora
575 2954 794 3035 magnitudine
816 2953 930 3026 animi,
959 2953 1128 3034 gravitate,
1157 2952 1220 3015 tide
1242 2952 1395 3034 praediti,
1425 2952 1536 3017 domes
1558 2962 1608 3017 est

280 3053 463 3131 oppugnata
491 3046 592 3120 ferro,
619 3046 758 3120 lacibus,
789 3048 930 3110 exercitu
961 3045 1125 3109 Clodiano.
1168 3047 1236 3108 XL.
1258 3043 1309 3107 86.
1331 3046 1371 3108 Ε4
1398 3055 1432 3110 tu
1452 3046 1514 3111 boc
1536 3048 1607 3111 loco

280 3141 388 3205 laudas
408 3140 560 3204 Milonem
583 3146 614 3203 et
635 3140 705 3202 iure
728 3140 849 3203 laudas.
887 3139 989 3214 Quem
1013 3140 1098 3201 enim
1113 3159 1263 3223 umquam
1280 3140 1381 3203 virum
1403 3149 1465 3204 tam
1480 3142 1644 3204 immor-ao

278 3234 332 3298 tui
354 3235 470 3298 virtute
491 3233 656 3297 vidimus?
679 3235 735 3317 qui
757 3234 846 3298 nullo
868 3235 1010 3316 praemio
1029 3233 1191 3317 proposito
1206 3242 1330 3317 praeter
1344 3234 1422 3306 boc,
1444 3232 1607 3316 quodiam

279 3329 447 3391 contritum
476 3334 508 3390 et
537 3335 753 3408 contemptum
775 3336 919 3410 putatur,
952 3327 1103 3390 iudicium
1126 3328 1303 3402 bonorum,
1332 3329 1436 3389 omnia
1457 3326 1607 3409 pericula,

279 3439 419 3484 summos
447 3419 587 3495 labores,
617 3422 816 3503 gravissimas
846 3422 1068 3484 contentiones
1098 3421 1343 3504 inimicitiasque
1369 3421 1526 3503 suscepit:
1553 3421 1607 3504 qui

280 3513 356 3577 mibi
377 3534 460 3577 unus
482 3532 523 3575 ex
546 3515 693 3577 omnibus
716 3514 838 3577 civibus
861 3514 987 3577 videtur
1009 3534 1043 3576 re
1066 3512 1233 3587 docuisse,
1255 3533 1320 3576 non
1341 3513 1462 3587 verbis,
1485 3513 1609 3596 etquid

279 3614 438 3693 oporteret
459 3626 479 3669 a
499 3605 733 3690 praestantibus
756 3607 831 3670 viris
854 3608 942 3670 inre
966 3607 1092 3690 publiea
1114 3604 1181 3670 lieri
1204 3615 1236 3670 ct
1258 3608 1334 3692 quid
1356 3627 1486 3671 neccsse
1509 3617 1645 3671 essetne

279 3710 424 3785 oportere
452 3700 615 3765 bominum
637 3702 823 3776 audacium,
857 3722 1037 3766 eversorum
1061 3701 1276 3785 reipublicae
1298 3702 1553 3784 scelerilegibus
1576 3709 1609 3764 et

278 3796 403 3860 iudiciis
424 3795 590 3874 resistere,
620 3796 647 3858 si
670 3796 756 3879 leges
782 3816 846 3859 non
871 3796 1029 3869 valerent,
1059 3795 1176 3859 iudicia
1198 3815 1263 3857 non
1286 3804 1407 3870 essent,
1430 3797 1456 3859 si
1479 3817 1529 3859 res
1550 3816 1608 3879 pu·

278 3889 361 3954 blica
387 3889 418 3952 ri
446 3907 671 3973 consensuque
702 3890 869 3953 audacium
898 3890 993 3953 armis
1016 3908 1168 3972 oppressa
1190 3896 1367 3963 teneretur,
1397 3889 1554 3971 praesidio
1576 3897 1609 3951 et

279 3982 380 4066 copiis
401 3980 530 4045 delendi
552 3983 651 4046 vitam
674 3994 706 4046 et
728 3983 902 4047 libertatem
925 4002 1056 4046 necesse
1079 4003 1158 4046 esse.
1191 3982 1260 4045 Hoc
1281 3984 1399 4045 sentire
1420 3983 1607 4067 prudentiae

279 4084 343 4150 est,
364 4075 468 4138 facere
489 4074 701 4140 fortitudinis:
726 4087 760 4139 ct
779 4080 895 4140 sentire
911 4096 987 4139 vero
1010 4084 1042 4138 et
1062 4075 1166 4139 facere
1187 4076 1346 4158 perfectae
1364 4077 1644 4160 cumulataequeao

278 4171 413 4234 virmtis.
456 4167 507 4231 87.
530 4172 616 4234 adiit
638 4171 678 4235 ad
701 4191 767 4234 rem
789 4170 947 4254 publicam
969 4170 1114 4231 tribunus
1146 4170 1189 4251 pl.
1212 4170 1308 4232 Miles
1340 4169 1379 4233 do
1401 4172 1491 4234 cuius
1513 4170 1606 4234 laude

279 4264 371 4347 plura
391 4263 511 4337 dicam,
534 4284 597 4327 non
619 4284 683 4346 quo
707 4271 762 4327 aut
783 4264 851 4346 ipse
872 4263 953 4326 haee
975 4262 1038 4325 diei
1053 4282 1148 4346 quam
1164 4263 1336 4327 existimari
1351 4265 1454 4339 malit,
1476 4272 1532 4328 aut
1546 4285 1605 4347 ego

277 4359 364 4422 bunc
384 4356 486 4421 laudis
507 4356 644 4420 fructum
667 4359 825 4441 praesenti
848 4357 985 4420 libenter
999 4357 1194 4438 impertiam,
1215 4359 1400 4440 praesertim
1417 4380 1486 4422 cum
1501 4359 1606 4422 verbis
1723 4413 1726 4420 .

280 4451 432 4535 consequi
453 4468 517 4513 non
540 4451 675 4533 possim,
699 4451 756 4513 sed
779 4449 865 4534 quod
888 4450 1051 4523 existimo,
1073 4451 1100 4512 si
1115 4450 1245 4514 Milonis
1266 4472 1392 4516 causam
1414 4453 1606 4517 accusatoris

279 4566 358 4610 roco
379 4543 590 4609 collaudatam
611 4545 763 4629 probaro,
785 4565 841 4608 vos
863 4546 897 4608 in
918 4543 980 4606 boc
1002 4543 1135 4606 crimine
1156 4564 1265 4626 parem
1280 4546 1374 4609 Sestii
1396 4565 1523 4610 causam
1538 4547 1642 4611 exi-as

279 4640 473 4705 stimaturos.
504 4637 590 4703 adiit
611 4639 708 4722 igitur
729 4640 765 4702 Τ.
787 4639 910 4701 Annius
932 4637 972 4701 ad
994 4656 1122 4700 eausam
1144 4638 1190 4701 rei
1211 4639 1354 4721 publicae
1375 4641 1431 4715 sie,
1452 4647 1488 4702 ut
1503 4639 1604 4702 civem

345 4907 369 4958 4.
387 4909 449 4972 post
463 4912 561 4958 nostros
577 4910 617 4958 est
635 4908 660 4958 in
679 4909 697 4958 P
715 4921 796 4972 parva
813 4906 907 4958 lacuna
924 4906 1038 4958 duarum
1055 4908 1168 4958 triumve
1184 4906 1339 4958 litterarum.
1358 4933 1386 4943 -
1405 4909 1430 4958 2.
1448 4910 1605 4971 opsessnmP

283 5008 311 5020 -
328 4981 354 5034 4.
372 4986 434 5049 post
448 4984 504 5047 lpse
521 4988 562 5036 est
579 4986 604 5034 in
622 4987 641 5035 P
657 4997 760 5036 rasura.
781 5011 808 5022 ·-
827 4985 851 5034 6.
869 4983 1018 5034 mansonis
1034 4986 1069 5033 G:
1087 4982 1204 5032 maereba
1219 4984 1238 5032 P
1251 4983 1275 5032 in
1293 4982 1345 5032 tlne
1356 4996 1450 5033 versus
1462 4986 1523 5046 (non
1533 4997 1605 5034 mae·

279 5056 416 5121 4444444444,
439 5061 470 5110 nt
490 5060 526 5111 ait
546 5061 690 5125 Kramplus
713 5065 740 5111 et
760 5074 823 5111 vere
848 5063 890 5111 est
909 5062 935 5110 in
953 5059 1059 5110 duobus
1076 5057 1155 5108 codd.
1173 5057 1365 5118 Bonnensibus,
1387 5071 1455 5122 quae
1473 5056 1550 5109 lectio
1567 5059 1607 5108 tot

280 5130 378 5184 terium
396 5135 611 5187 conlecturarnm
628 5149 706 5199 seges
723 5136 790 5187 tacta
808 5135 869 5197 est).
888 5160 915 5170 -
935 5134 960 5184 7.
979 5135 1040 5184 cede
1056 5136 1090 5183 G:
1108 5134 1156 5183 nde
1171 5135 1191 5184 P
1208 5158 1236 5169 -
1254 5133 1280 5183 8.
1298 5145 1317 5182 c
1332 5145 1386 5183 om.
1405 5134 1453 5183 PG
1471 5159 1497 5168 -
1517 5131 1541 5182 9.
1560 5145 1607 5181 4444-

280 5206 352 5257 dunc
367 5210 388 5260 P
406 5234 434 5248 ··
449 5211 627 5274 persmcbntts
643 5213 662 5261 P
682 5238 708 5249 -·
729 5213 769 5261 44,
787 5211 918 5273 conprensi
935 5210 984 5261 PG
1003 5235 1030 5244 -
1050 5209 1090 5258 lt.
1108 5207 1194 5257 44444444
1210 5209 1271 5257 PG:
1296 5208 1398 5258 elocuto
1414 5207 1434 5258 0
1453 5234 1481 5244 -
1499 5220 1517 5255 n
1531 5206 1606 5256 444444-

279 5282 396 5333 4444444444
412 5285 432 5335 P
450 5308 477 5321 -
503 5286 544 5336 ts.
562 5287 703 5348 nccepttstis
719 5288 768 5336 PG
783 5313 817 5324 —
840 5286 879 5335 46.
897 5285 998 5334 uideatis
1014 5285 1033 5333 P
1051 5309 1078 5318 -
1103 5283 1143 5332 st.
1162 5294 1245 5332 omncs
1265 5282 1343 5332 4444444
1365 5284 1427 5332 PG:
1452 5296 1534 5332 omnes
1549 5281 1607 5332 boni

281 5355 341 5407 eod.
354 5356 462 5417 lirano:
481 5372 565 5410 omnes
581 5361 668 5410 diuino
684 5358 742 5416 bc;
760 5370 852 5418 mneos,
871 5358 949 5407 dtotnl
964 5357 1015 5406 etri
1032 5356 1083 5420 (vel
1097 5368 1188 5417 onmes,
1206 5356 1293 5417 44444444,
1310 5357 1424 5419 taquam,
1440 5358 1498 5419 4444)
1516 5355 1604 5414 lacob;

281 5442 332 5494 ego
353 5431 469 5484 mallmr·
484 5446 567 5484 omnes
588 5433 645 5482 bont
666 5434 730 5491 cim
754 5431 872 5496 Machly,
899 5434 921 5483 si
939 5432 1002 5497 quid
1020 5432 1177 5483 mutandum
1193 5433 1242 5494 sit,
1262 5431 1393 5496 praelert:
1413 5445 1496 5482 4444444
1514 5431 1609 5482 bonesti

280 5507 339 5558 4444.
356 5507 532 5560 ltommsenio
549 5510 623 5573 prius
634 5509 712 5558 (444444
729 5522 755 5560 v.
769 5509 800 5559 to
817 5507 961 5559 delendum
979 5508 1091 5559 videtur.
1107 5533 1134 5547 -
1152 5508 1194 5558 st.
1210 5509 1303 5560 44444444
1318 5510 1382 5560 PG:
1399 5509 1491 5558 etrtnte
1504 5507 1609 5570 praedi-

280 5585 335 5632 tnrn
350 5581 444 5634 nbcd
457 5611 485 5622 -
504 5584 707 5634 ttccnnnnnn
724 5585 797 5633 pr..
813 5583 960 5633 4444444444
976 5583 1043 5632 G1-
1063 5582 1105 5633 24.
1124 5588 1147 5632 et
1162 5582 1294 5644 4444440444.
1307 5582 1472 5648 stephanus:
1491 5582 1533 5631 scd
1549 5580 1609 5643 qnid

280 5656 344 5717 1²03
362 5659 514 5710 olomeo
532 5684 559 5695 -
578 5659 619 5709 ao.
637 5658 771 5724 44444444]
788 5664 893 5709 necesses
910 5661 961 5709 PG
979 5683 1007 5692 -
1025 5657 1066 5708 26.
1084 5657 1452 5708 ondettuncuorsemmP-
1471 5656 1512 5705 t't.
1530 5655 1610 5705 44444-

281 5730 500 5784 dtctnbamb-
518 5734 561 5786 28.
579 5736 980 5797 mmmsiquenndottsenonnls
996 5734 1173 5797 4444444444-
1196 5733 1238 5783 29.
1256 5735 1354 5784 0th
1373 5758 1400 5769 -
1418 5731 1459 5783 33.
1476 5729 1611 5793 inpertiam

281 5804 301 5854 P
319 5829 347 5840 -
367 5805 408 5859 aa.
425 5819 488 5858 uoco
504 5811 526 5860 G
541 5810 568 5860 ln
585 5823 670 5874 marg.
689 5809 779 5861 babet.
796 5837 830 5848 —
846 5810 1024 5861 conlaudatam
1041 5811 1072 5870 P;
1090 5807 1261 5859 cdloedannn
1277 5808 1308 5860 G¹
1326 5834 1353 5846 -
1371 5807 1428 5858 44444
1444 5808 1463 5855 P
1482 5831 1509 5842 -
1527 5803 1612 5855 existi-

280 5879 356 5930 motta
373 5881 394 5931 G
412 5906 440 5918 -
459 5880 500 5935 344.
519 5884 553 5934 ad
568 5897 674 5937 concern
690 5898 718 5937 rc
732 5885 760 5936 P.
779 5885 834 5950 (stc)
853 5888 880 5936 P.

325 5968 416 6021 Gtsno
430 5971 494 6022 nu.
1352 5972 1387 6040 64
