3800 7350
268 2089 292 2250 l

320 1165 403 1236 ⁴258
749 1178 900 1244 ORATIO
921 1178 1145 1244 PHILIPPICA
1165 1179 1205 1242 II.

318 1345 508 1408 stitueretur.
547 1348 626 1409 Tum
653 1347 844 1411 existimarit
871 1369 906 1413 se
935 1369 994 1412 sno
1021 1349 1090 1412 iure
1118 1368 1189 1410 cnm
1209 1347 1326 1432 Hippia
1346 1347 1451 1411 virere
1479 1355 1510 1410 et
1531 1363 1643 1430 equos

317 1438 485 1521 vectigales
512 1439 622 1521 Sergio
651 1441 744 1504 mimo
765 1443 898 1505 tradere.
938 1445 1019 1504 Tum
1041 1442 1103 1504 sibi
1122 1459 1187 1503 non
1208 1439 1307 1515 banc,
1330 1460 1423 1524 quam
1445 1461 1529 1503 nunc
1552 1438 1643 1502 male

319 1538 440 1606 tuetur,
471 1532 525 1595 sed
554 1533 595 1596 bi.
622 1532 746 1596 Pisonis
775 1535 901 1598 domum
932 1535 986 1597 nbi
1008 1534 1162 1597 babitaret
1181 1534 1309 1616 legerat
1353 1533 1437 1608 Quid
1460 1553 1519 1616 ego
1542 1532 1645 1595 istius

318 1623 458 1700 decreta,
481 1625 557 1708 quid
578 1626 715 1708 rapinas,
736 1628 813 1709 quid
834 1628 1044 1692 hereditatum
1061 1628 1281 1711 possessiones
1296 1625 1398 1700 datas,
1420 1626 1495 1709 quid
1511 1634 1646 1709 ereptas

295 1716 498 1799 eproferami
529 1720 667 1802 Cogebat
688 1729 825 1803 egestas3
855 1742 918 1803 quo
940 1742 975 1785 se
997 1728 1149 1795 verteret,
1178 1740 1244 1783 non
1266 1719 1415 1782 babebat:
1443 1721 1585 1783 nondum
1611 1717 1646 1780 ei

319 1817 405 1872 tanta
431 1830 451 1874 a
479 1813 515 1874 i..
537 1814 672 1890 Rubrio,
704 1834 769 1877 non
800 1835 820 1877 a
846 1816 880 1878 L.
902 1814 1046 1878 'lomello
1071 1814 1231 1879 hereditas
1258 1823 1407 1888 venerat3
1440 1813 1582 1875 nondum
1607 1811 1646 1874 in

318 1904 448 1985 Pompei
480 1905 583 1970 locum
618 1908 850 1991 multorumque
881 1910 1032 1985 aliorum,
1063 1910 1120 1993 qui
1156 1910 1301 1984 aberant,
1331 1904 1516 1990 repentinus
1545 1902 1645 1967 beree

318 2005 521 2062 successerat.
556 2001 632 2065 Erat
653 2003 681 2065 ei
703 2002 870 2066 vivendum
892 2002 1047 2067 latronum
1070 2004 1147 2078 ritu,
1169 2012 1206 2067 ut
1228 2011 1347 2067 tantum
1368 2001 1514 2073 baberet,
1537 2016 1646 2082 quan·

318 2097 384 2153 tum
407 2111 518 2175 rapere
540 2096 703 2176 potuisset.
1577 2137 1581 2148 ·

295 2206 310 2253 o
402 2181 453 2247 63.
476 2185 538 2249 Sed
554 2187 649 2263 baec,
672 2208 754 2273 quae
767 2191 955 2254 robustioris
973 2191 1180 2275 improbitatis
1195 2200 1283 2266 sunt,
1306 2192 1505 2254 omittamus:
1526 2186 1644 2271 loqua-

319 2297 389 2340 mur
409 2280 514 2361 potius
529 2281 569 2343 de
592 2284 785 2365 nequissimo
807 2303 922 2365 genere
943 2285 1093 2349 levitatis.
1126 2288 1174 2348 Tu
1195 2285 1265 2349 istis
1286 2284 1447 2358 faucibus,
1468 2283 1538 2346 istis
1560 2281 1644 2344 late-

318 2371 420 2447 ribus,
449 2372 509 2437 ista
535 2375 721 2458 gladiatoria
746 2378 843 2442 totius
872 2380 1012 2462 corporis
1040 2379 1188 2443 firmitate
1218 2387 1339 2443 tantum
1360 2378 1426 2441 vini
1448 2377 1481 2440 in
1502 2375 1643 2461 Hippiae

319 2466 438 2549 nuptiis
467 2469 675 2547 exhauseras,
704 2480 739 2534 ut
764 2473 820 2536 tibi
848 2492 978 2537 necesse
1007 2481 1091 2537 esset
1117 2474 1149 2536 ln
1180 2473 1289 2556 populi
1311 2474 1444 2536 Romani
1466 2478 1642 2555 conspectu

319 2579 444 2623 vomere
466 2563 626 2645 postridie.
660 2564 774 2629 Orem
796 2587 860 2630 non
881 2565 976 2630 modo
996 2567 1068 2629 visu
1089 2566 1232 2641 foedam,
1255 2566 1310 2630 sed
1335 2566 1429 2629 etiam
1450 2565 1576 2629 auditui
1608 2563 1643 2627 si

295 2652 403 2720 tinter
423 2673 532 2718 cenam
554 2658 586 2720 in
608 2658 686 2741 ipsis
707 2660 771 2724 tuis
792 2660 979 2724 immanibus
999 2660 1062 2724 illis
1076 2660 1201 2744 poculis
1215 2661 1276 2724 boc
1292 2660 1348 2723 tibi
1363 2659 1545 2734 accidisset,
1567 2658 1643 2741 quis

319 2766 383 2810 non
405 2756 498 2832 turpe
519 2751 672 2815 ducerett
702 2754 735 2816 in
762 2762 854 2817 coetu
880 2774 955 2817 vero
983 2754 1095 2838 populi
1116 2756 1267 2829 Romani,
1295 2753 1456 2837 negotium
1478 2751 1643 2835 publicum

319 2859 448 2923 gerens,
481 2846 629 2927 magister
649 2848 804 2931 equitum,
840 2848 890 2911 cui
918 2857 1042 2912 ructare
1072 2856 1163 2932 turpe
1195 2857 1295 2924 esset,
1328 2849 1356 2910 is
1377 2866 1508 2912 vomens
1529 2846 1641 2909 frustis

319 2936 489 3000 esculentis
504 2938 612 3001 vinum
633 2940 848 3004 redolentibus
870 2942 1023 3024 gremium
1046 2950 1185 3006 suomet
1205 2950 1305 3007 totum
1328 2940 1465 3004 tribunal
1487 2939 1642 3022 implerit.

320 3027 382 3091 Sed
403 3029 482 3093 baec
503 3031 571 3115 ipse
593 3032 708 3097 fatetur
730 3054 799 3098 esse
822 3036 854 3098 in
877 3038 942 3098 suis
965 3036 1129 3099 sordibus:
1151 3036 1314 3099 vendamus
1335 3034 1375 3097 ad
1394 3034 1619 3116 splendidiora.

282 3140 311 3191 to
403 3122 517 3187 XXVI.
540 3121 591 3188 64.
614 3126 728 3191 Caesar
749 3128 941 3192 Alexandria
963 3149 997 3192 se
1018 3131 1156 3212 recepit,
1186 3129 1280 3204 felix,
1302 3135 1338 3190 ut
1359 3128 1418 3191 sibi
1443 3128 1572 3211 quidem
1596 3127 1644 3190 vi-

320 3213 465 3291 debatur,
499 3239 569 3283 mea
596 3230 702 3284 autem
728 3224 900 3298 sententia,
933 3224 989 3306 qui
1017 3225 1063 3287 rei
1089 3224 1235 3307 publicae
1264 3223 1305 3286 sit
1333 3222 1448 3295 bostis,
1470 3221 1548 3283 felix
1569 3239 1642 3283 esse

319 3329 412 3372 nemo
440 3319 553 3394 potest.
588 3314 685 3379 llasta
714 3317 816 3399 posita
842 3337 899 3399 pro
928 3318 1006 3381 aede
1034 3319 1118 3381 lovis
1147 3317 1282 3381 Statoris
1308 3319 1391 3379 bona
1417 3315 1556 3377 subiecta
1584 3314 1641 3376 Cn.

319 3404 509 3486 Pompei-
524 3407 672 3472 miserum
694 3411 763 3474 mei
787 3413 981 3495 consumptis
1003 3413 1087 3475 enim
1110 3412 1246 3474 lacrimis
1269 3418 1374 3473 tamen
1396 3406 1511 3473 infixus
1532 3409 1643 3473 haeret

319 3498 425 3562 animo
447 3499 539 3565 dolor
558 3533 617 3577 —-,
644 3502 745 3579 bona,
775 3505 918 3589 inquam,
949 3506 1005 3570 Cn.
1029 3507 1157 3588 Pompei
1186 3506 1290 3587 magni
1319 3504 1388 3567 roci
1418 3502 1641 3565 acerbissimae

282 3593 462 3658 atsubiecta
482 3598 658 3680 praeconis.
694 3599 762 3663 Una
783 3600 817 3662 in
838 3599 894 3664 illa
915 3620 949 3663 re
973 3602 1131 3664 servitutis
1153 3599 1250 3662 oblita
1272 3598 1383 3661 civitas
1403 3598 1554 3681 ingemuit
1575 3616 1643 3659 ser·

321 3688 541 3778 aientibusque
563 3693 692 3769 animis,
715 3714 785 3757 cum
809 3695 916 3759 omnia
933 3703 1019 3759 metu
1037 3703 1233 3768 tenerentur,
1256 3695 1392 3776 gemitus
1405 3700 1509 3756 tamen
1530 3692 1643 3776 populi

386 3923 409 3973 t.
427 3924 520 3987 4444444
535 3928 559 3986 4;
574 3926 679 3989 proprio
696 3939 712 3976 a
730 3951 758 3962 -
776 3928 800 3977 4.
818 3926 979 3991 4444444644
995 3951 1021 3961 -
1040 3925 1172 3975 44464444
1191 3925 1216 3974 44
1234 3936 1286 3975 ras.
1300 3926 1365 3975 mi
1382 3922 1472 3975 babet.
1488 3951 1514 3962 -
1535 3925 1643 3974 44444--

271 4054 276 4061 ,
319 3997 413 4062 teperet
429 4011 482 4049 om.
501 4002 523 4051 D
542 4029 569 4038 -
593 4001 617 4051 3.
636 4002 761 4051 tedmari
774 4003 856 4063 444444
872 4002 894 4050 V
913 4025 940 4037 -
965 4001 1076 4050 saltaret
1091 4000 1113 4047 V
1131 4025 1158 4035 -
1179 3998 1428 4061 oeid--proserom
1444 3999 1520 4050 alieri
1536 3997 1642 4060 Quintil

319 4074 362 4133 444,
380 4074 405 4135 4,
417 4073 458 4125 44.
471 4100 498 4110 -
517 4075 671 4140 4444444-
689 4076 955 4138 4444444444-
974 4077 1092 4126 ettotam
1108 4076 1159 4124 44
1172 4101 1199 4112 -
1218 4075 1242 4124 6.
1257 4073 1461 4133 tursetttoVbt3
1480 4075 1586 4124 tarsocio
1602 4084 1644 4135 ug

323 4148 388 4198 -4,
406 4150 504 4213 4444444
519 4152 554 4201 4;
573 4150 867 4215 (44.4)44444444444444444)
884 4153 935 4203 bo
955 4179 982 4190 -·
1001 4152 1026 4201 8.
1044 4152 1067 4201 et
1083 4164 1138 4213 ag:
1156 4162 1210 4201 om.
1226 4148 1296 4199 Vbi
1314 4174 1340 4186 -
1360 4150 1423 4199 444444
1438 4149 1474 4208 4,
1492 4147 1551 4198 4444.
1570 4161 1603 4198 ex
1619 4148 1644 4198 44

319 4226 373 4275 ritu
390 4253 417 4264 -
436 4232 557 4289 4444444444
572 4229 595 4277 V
611 4254 645 4269 -·
667 4229 707 4278 44.
725 4228 879 4291 intentante
895 4239 937 4290 ag
955 4253 983 4263 -·
1005 4238 1094 4291 4444444
1107 4224 1238 4288 probitatis
1255 4226 1266 4273 t
1284 4251 1311 4261 -
1334 4223 1544 4286 444--444444444
1559 4222 1644 4272 babet

321 4297 426 4360 Quintil.
444 4301 513 4363 Vlll‚
532 4301 561 4363 t,
580 4302 611 4352 46
628 4304 655 4352 44
671 4301 717 4362 444,
736 4301 764 4362 4,
783 4301 816 4353 43
833 4316 865 4352 ac
882 4301 979 4352 deinde
996 4301 1041 4361 444,
1060 4299 1091 4361 4,
1109 4300 1155 4349 29:
1173 4304 1201 4349 444
1216 4299 1260 4349 tibi
1275 4314 1301 4349 4.
1315 4313 1335 4350 4.
1354 4300 1381 4349 io
1396 4303 1526 4361 conspectu
1538 4311 1598 4360 pop.
1609 4298 1641 4347 44.

319 4378 556 4438 44444444444444444.
575 4403 603 4414 -
623 4378 664 4427 ta.
681 4378 788 4440 bupptus
803 4379 864 4440 agt
882 4405 909 4415 -
936 4376 977 4426 43.
995 4380 1054 4425 esset
1070 4388 1123 4425 om.
1142 4387 1158 4424 4
1178 4400 1205 4410 -
1223 4372 1263 4424 44.
1278 4374 1408 4437 4444444444
1424 4386 1465 4437 ag
1484 4400 1511 4410 -
1528 4373 1644 4436 44446444

321 4449 357 4509 V;
374 4450 476 4513 44444444
492 4464 522 4516 g;
540 4449 597 4515 444444
615 4451 633 4502 b
652 4476 680 4489 -
700 4453 774 4503 Sin
786 4453 912 4502 4444644444
928 4450 1005 4501 atiert
1020 4452 1163 4501 triusianos
1182 4462 1207 4513 p.
1221 4449 1269 4498 484
1287 4450 1314 4498 i..
1334 4451 1361 4499 et
1377 4446 1482 4508 Quintil.
1500 4447 1532 4509 V,
1550 4447 1590 4505 40,
1609 4447 1642 4496 99

321 4524 446 4589 idemque
463 4525 532 4587 4444,
550 4525 580 4588 4,
599 4528 630 4577 40
646 4540 731 4592 usque
749 4525 784 4577 ad
798 4527 884 4589 popuii
901 4529 944 4577 444.
963 4540 989 4575 v.
1009 4526 1048 4574 46.
1065 4552 1090 4561 -
1110 4527 1149 4574 ib.
1168 4525 1233 4573 44444
1248 4536 1352 4574 coenem
1369 4527 1417 4587 gt;
1435 4525 1559 4574 4444444444
1575 4523 1639 4571 V·

321 4604 396 4662 444444
411 4601 438 4649 to
453 4600 513 4662 ipsis
527 4602 684 4664 dunstanum
703 4603 764 4665 ipsis
780 4614 833 4652 om.
852 4600 957 4663 Quintil.
976 4600 1094 4651 babens:
1113 4601 1140 4649 444
1156 4599 1205 4648 tue
1221 4599 1288 4648 imm.
1304 4612 1361 4661 poc.
1380 4601 1429 4648 44444
1446 4626 1474 4635 -
1492 4599 1541 4649 44444
1555 4598 1643 4648 4444444-

321 4677 366 4728 dus
380 4679 408 4727 444
423 4678 471 4727 iilis
487 4679 537 4742 gt;
555 4679 583 4728 io
598 4679 712 4730 4444440444
726 4681 754 4730 ie
771 4681 820 4728 44444
835 4679 884 4728 44444
900 4690 931 4734 a·‚
949 4676 998 4726 44444
1015 4687 1067 4725 om.
1087 4677 1163 4727 irus.
1177 4700 1205 4710 -
1224 4675 1264 4725 46.
1283 4674 1381 4724 (44444444
1397 4671 1502 4734 Quintil.
1522 4675 1549 4723 et
1564 4671 1582 4722 b
1599 4685 1642 4736 pr.

321 4765 374 4804 m.:
396 4754 487 4803 44444444
506 4749 649 4816 Vab¹gt;
673 4753 741 4805 coni.
761 4755 842 4804 eiiam
862 4750 966 4813 Quintil.
985 4751 1031 4810 iit,
1049 4749 1078 4810 4,
1097 4750 1153 4800 tot.
1173 4775 1200 4786 -
1223 4750 1250 4799 444
1266 4750 1514 4813 444444--4444444444
1533 4747 1644 4808 4444444444

322 4827 493 4889 Quintilianus
510 4828 579 4890 Viti,
603 4826 633 4888 4,
656 4828 680 4878 8.
698 4829 744 4889 iii,
763 4828 791 4889 3,
810 4827 851 4878 30.
874 4852 901 4864 -
923 4825 1011 4888 popuii
1033 4823 1071 4889 it]
1094 4824 1173 4886 putir.
1190 4824 1228 4884 V;
1253 4825 1340 4888 popuii
1358 4825 1379 4875 D
1403 4851 1431 4862 -
1456 4823 1586 4887 4444444444
1604 4823 1645 4872 Vt

252 4909 254 4912 ⁴
323 4929 350 4940 -
371 4903 410 4953 tr.
428 4917 487 4967 geos
506 4904 542 4963 V;
567 4915 655 4968 regem
670 4903 704 4962 D;
730 4904 850 4966 4444444444
870 4902 980 4964 4444444444
1003 4900 1128 4963 negotium
1149 4900 1276 4964 pubiicum
1295 4913 1382 4964 germ
1402 4898 1478 4949 atlert
1500 4899 1644 4948 Arusianus

321 4989 348 5042 p.
361 4977 419 5028 434.
433 5002 460 5013 -
477 4991 626 5029 eorem·-
637 4978 745 5040 ttnptsott
761 4976 874 5027 silerent
890 4973 996 5036 Quintil.
1015 4975 1085 5034 4444,
1105 4976 1133 5035 6,
1152 4975 1184 5026 68
1201 4979 1228 5025 44
1243 4974 1386 5026 Diomedes
1402 4986 1429 5036 p.
1442 4973 1490 5025 463
1506 4974 1536 5023 Ρ.
1551 4998 1578 5008 -
1595 4985 1645 5022 444-

321 5057 370 5101 met
390 5055 461 5115 agt3
486 5052 630 5103 4444444444)
650 5079 677 5088 -
702 5051 776 5114 bauti
798 5050 1030 5101 estouteattaV-
1057 5050 1097 5100 48.
1114 5051 1218 5113 4444444444
1238 5063 1255 5100 a
1276 5077 1304 5088 -
1329 5049 1368 5099 48.
1386 5049 1529 5099 44444444
1556 5047 1644 5097 ioco

323 5150 350 5162 -
369 5126 598 5189 addiapieudidioro
613 5128 647 5187 V;
668 5128 702 5176 ud
718 5126 845 5190 spiatdidu
862 5126 914 5176 l)0
932 5150 961 5162 -
986 5125 1027 5175 20.
1045 5125 1227 5176 Alexandriam
1243 5125 1265 5175 4)
1285 5151 1312 5161 —
1330 5125 1364 5174 444
1380 5123 1402 5172 V
1420 5148 1448 5159 -
1466 5128 1494 5172 444
1509 5122 1646 5172 4464--444

321 5200 494 5251 4444444444
513 5203 754 5253 -444444444444-
774 5199 1068 5263 &summosam
1087 5196 1646 5264 siqutsg;utsiquit-ltostisV:io-

320 5275 944 5341 144444340-44444444444444444443-
964 5275 1249 5338 impotesustov-
1270 5271 1646 5338 proedotutsiV3prouscte

321 5365 385 5401 444444
402 5354 428 5410 t;
452 5354 563 5415 praedae
578 5355 642 5403 444444
659 5365 675 5402 a
694 5379 721 5388 —
745 5350 811 5400 44444
827 5350 936 5401 subtecto
953 5350 997 5401 644.
1016 5351 1113 5412 44444444
1128 5351 1196 5400 VD:
1215 5348 1280 5399 444444
1296 5349 1316 5399 0
1333 5361 1395 5398 oum
1411 5346 1580 5408 Quintiliano,
1598 5345 1644 5410 qui

322 5427 368 5488 444,
387 5426 415 5488 3,
433 5428 466 5477 re
482 5427 559 5478 ailert
575 5429 639 5478 bono
650 5427 827 5490 --proecoais
844 5428 871 5476 et
887 5426 932 5486 444,
950 5426 980 5483 4,
998 5426 1031 5475 46
1052 5427 1170 5476 4444444444
1185 5424 1362 5475 444--444444,
1388 5421 1462 5474 Nulla
1479 5434 1559 5473 causa
1577 5422 1642 5480 erat,

322 5504 413 5553 curin
430 5502 514 5566 ligure
532 5501 778 5567 conduplicatiouis,
799 5503 829 5551 ut
846 5513 906 5551 eam
923 5501 1042 5550 nominet
1056 5501 1155 5551 Auctor
1171 5498 1206 5550 ad
1223 5499 1383 5550 Herennium
1400 5497 1444 5558 lV,
1462 5510 1487 5547 c.
1502 5496 1547 5556 48,
1565 5494 1645 5545 libro-

322 5589 382 5628 rum
404 5575 481 5628 lectio
502 5578 536 5628 ab
561 5576 706 5638 editoribus
723 5575 909 5642 sperneretur;
932 5574 966 5625 cl.
985 5573 1074 5624 adnot.
1093 5586 1181 5624 meam
1201 5573 1235 5624 ad
1260 5586 1299 5624 or.
1316 5573 1391 5623 Verr.
1410 5572 1442 5632 4,
1460 5571 1475 5635 g
1492 5572 1539 5623 iot
1555 5571 1582 5621 in
1599 5568 1643 5619 ed.

322 5652 392 5714 Llps.
412 5679 439 5687 -
465 5652 506 5703 23.
524 5653 657 5703 comestis
672 5652 695 5702 V
713 5676 741 5688 -
767 5650 866 5701 4444444
886 5651 971 5700 usiam
987 5650 1024 5709 V;
1052 5650 1136 5699 animo
1158 5650 1243 5700 444444
1262 5649 1313 5700 440
1335 5649 1362 5698 44
1377 5648 1464 5708 Quint.
1483 5646 1528 5709 444,
1547 5645 1575 5707 3,
1594 5646 1641 5704 293

320 5728 415 5790 4444444
430 5728 515 5778 haeret
532 5727 618 5787 Quint.
637 5726 683 5785 ix,
701 5726 731 5787 4,
748 5726 790 5776 46.
814 5723 852 5776 Ci.
871 5724 983 5789 iladvig.
1001 5724 1049 5788 Op
1069 5724 1092 5783 4,
1111 5737 1137 5787 p.
1154 5723 1210 5775 443.
1225 5750 1253 5762 -
1270 5722 1310 5774 st.
1329 5723 1442 5785 imquum
1456 5721 1480 5771 V
1492 5749 1519 5759 -
1538 5721 1646 5783 Pompeii

323 5804 389 5854 0-
409 5803 566 5866 itogsiom.
586 5800 690 5861 Quintil.
711 5826 736 5837 -
762 5803 895 5850 444444-
914 5798 1172 5850 4444444444444444-
1197 5797 1417 5850 8644444444
1436 5824 1463 5834 -
1482 5797 1648 5847 4644444--

322 5883 462 5931 4444444444
478 5878 515 5929 V:
535 5891 591 5932 orn.
609 5879 640 5929 4).
665 5878 765 5934 iocum
782 5874 817 5929 ob
834 5872 925 5929 oculos
942 5873 1034 5928 babuit
1045 5873 1181 5937 Haterius,
1199 5873 1274 5925 euius
1289 5873 1359 5925 beno
1374 5871 1533 5924 sententiam
1545 5871 1647 5921 seneca
