3800 7350
596 1245 671 1312 cs».
692 1246 1044 1313 xxxv-xxxviii.
1072 1246 1118 1331 §s
1140 1243 1287 1313 es-se.
1544 1234 1606 1306 ete

285 1417 479 1483 adolescenti
502 1417 683 1502 propinquo
705 1436 779 1480 suo:
801 1417 881 1480 nihil
903 1417 972 1500 ipse
994 1417 1098 1501 attigit
1120 1417 1159 1481 de
1181 1416 1356 1482 Valerianis
1377 1416 1479 1480 bonis.
1511 1412 1606 1488 Quod

283 1522 436 1578 statuerat
459 1512 580 1586 iacere,
609 1511 764 1575 adductus
791 1512 886 1575 huius
918 1512 1041 1595 pudore
1065 1520 1097 1575 et
1118 1532 1182 1577 non
1204 1512 1405 1596 amplissimis
1427 1508 1609 1596 patrimonii

283 1607 400 1689 copiis,
423 1607 455 1669 id
477 1625 543 1669 non
566 1605 668 1669 solum
690 1604 780 1680 lecit,
803 1608 859 1669 sed
882 1608 976 1670 etiam
995 1606 1120 1689 prolixe
1135 1606 1356 1690 cumulateque
1370 1606 1456 1672 iecit.
1479 1607 1607 1686 Exque

283 1700 417 1783 intelligi
439 1699 550 1773 debet,
583 1719 655 1763 enm
686 1709 795 1764 contra
817 1700 903 1784 leges
925 1703 1076 1785 pecunias
1098 1722 1163 1763 non
1186 1703 1324 1784 cepisse,
1351 1702 1406 1786 qui
1428 1709 1490 1765 tam
1512 1696 1608 1764 inerit

282 1796 315 1857 in
342 1792 518 1858 hereditate
546 1794 748 1857 concedenda
774 1795 922 1858 liberalis.
965 1792 1017 1857 90.
1039 1798 1079 1858 llt
1103 1795 1318 1859 Falcidianum
1345 1796 1462 1858 crimen
1490 1798 1538 1856 est
1559 1790 1631 1856 iri-t

283 1907 378 1971 gens:
401 1887 520 1951 talenta
541 1889 772 1972 qninquaginta
794 1911 829 1954 se
851 1890 963 1953 Flacco
986 1889 1063 1953 dicit
1078 1888 1213 1952 dedisse.
1243 1890 1418 1952 Audiamus
1437 1885 1608 1951 hominem.

282 1983 350 2045 Non
372 1981 472 2044 adest.
507 1981 579 2057 Quo
601 1983 696 2046 modo
718 1983 814 2066 igitur
836 1985 934 2047 dicit‘t
963 1983 1134 2066 Epistulam
1157 1991 1257 2047 mater
1278 1986 1348 2047 eius
1369 1983 1489 2067 profert
1510 1986 1542 2043 et
1562 1978 1609 2043 al·.

283 2082 381 2138 teram
404 2095 512 2139 soror:
534 2075 686 2159 scriptum
708 2077 747 2139 ed
771 2099 805 2141 se
828 2078 937 2141 dicunt
958 2097 1028 2139 esse
1050 2076 1089 2139 ab
1111 2076 1167 2140 illo
1185 2084 1302 2140 tantam
1317 2078 1483 2159 pecuniam
1497 2073 1609 2136 Flacco

283 2169 397 2233 datam
429 2170 513 2252 Ergo
535 2169 577 2243 is,
600 2170 656 2253 qui
679 2171 706 2233 si
728 2190 813 2233 eram
836 2180 946 2235 tenens
969 2173 1101 2245 iuraret,
1124 2170 1267 2235 crederet
1288 2191 1398 2245 nemo,
1420 2169 1609 2254 perepisto·

282 2263 344 2326 lam
367 2261 454 2345 quod
475 2262 563 2326 volet
583 2265 738 2328 iniuratus
760 2266 929 2350 probabit?
963 2265 1081 2347 Atqui
1104 2265 1168 2327 virl
1198 2285 1294 2349 qnam
1316 2283 1380 2328 non
1402 2264 1520 2328 amicus
1542 2259 1646 2324 suisio

284 2356 419 2419 civibusl
443 2357 498 2440 qui
518 2358 743 2441 patrimonium
766 2361 841 2423 satis
864 2360 1000 2432 lautum,
1022 2359 1108 2439 quod
1131 2359 1184 2421 bic
1204 2359 1368 2421 nobiscnm
1383 2356 1538 2421 conficere
1553 2372 1610 2437 po·

283 2450 360 2524 tuit,
382 2450 573 2515 Graecorum
596 2455 750 2517 conviviis
773 2455 883 2518 maluit
904 2454 1069 2538 dissipare.
1111 2448 1162 2514 Sl.
1187 2452 1268 2528 Quid
1285 2451 1412 2516 attinuit
1428 2450 1609 2532 relinquere

282 2542 363 2606 banc
386 2543 513 2621 urbem,
536 2545 680 2611 libertate
702 2556 764 2611 mm
787 2548 949 2631 praeclara
971 2566 1093 2620 carere,
1115 2544 1204 2609 adire
1226 2545 1399 2629 periculum
1420 2540 1609 2624 navigandi?

283 2636 374 2720 quasi
395 2637 478 2700 bona
501 2659 643 2704 comesse
666 2643 784 2705 Romae
806 2663 870 2709 non
899 2643 1016 2705 liceret.
1052 2643 1142 2703 Nunc
1165 2640 1302 2723 denique
1324 2637 1512 2703 materculae
1533 2651 1610 2697 suae

282 2729 414 2793 festivus
437 2728 539 2807 iilius,
561 2734 705 2798 aniculae
728 2736 857 2799 minime
880 2736 1091 2819 suspiciosae,
1113 2739 1227 2816 purgat
1248 2755 1282 2797 se
1303 2754 1361 2817 per
1378 2731 1554 2816 epistolam,
1575 2733 1647 2790 uto

282 2843 351 2887 eam
367 2827 552 2908 pecuniam,
575 2848 712 2910 quacum
728 2831 907 2903 traiecerat,
931 2849 996 2891 non
1011 2827 1264 2909 consumpsisse,
1286 2828 1343 2889 sed
1358 2827 1469 2889 Flacco
1484 2824 1610 2887 dedisse

281 2918 436 2981 videatur.
469 2921 632 2984 XXXVll.
654 2925 695 3000 At
715 2922 835 2986 fructus
857 2922 911 2986 isti
934 2921 1165 2984 Trallianorum
1180 2920 1315 2984 Globulo
1337 2927 1481 3004 praetore
1504 2917 1611 2981 venie·

282 3018 372 3074 rant:
404 3013 562 3078 Falcidius
585 3024 704 3080 emerat
726 3018 784 3080 HS
808 3018 976 3100 nongentis
998 3015 1135 3078 milibus.
1172 3016 1205 3078 Si
1228 3015 1281 3078 det
1303 3021 1421 3078 mutam
1443 3009 1609 3096 pecuniam

282 3106 411 3180 Flacco,
434 3126 549 3190 nempe
569 3110 684 3174 idcirco
708 3110 775 3184 dat,
798 3120 833 3174 ut
855 3119 922 3174 rata
944 3110 987 3173 sit
1002 3109 1138 3191 emptio:
1161 3110 1238 3172 emit
1251 3109 1347 3192 igitur
1360 3105 1499 3191 aliquid,
1522 3103 1609 3187 quod

284 3208 368 3264 certe
398 3201 499 3264 multo
529 3204 628 3287 pluris
651 3215 753 3282 esset,
785 3206 838 3268 dat
860 3206 899 3268 de
921 3205 1028 3278 lucr03
1061 3202 1142 3265 nihil
1164 3202 1301 3267 detrahit
1322 3203 1361 3265 de
1383 3203 1465 3265 vivo.
1481 3253 1487 3264 .
1504 3199 1648 3262 Minnstt

282 3293 376 3377 igitur
403 3295 483 3357 lucri
510 3296 596 3360 iacit.
639 3295 690 3361 92.
723 3300 787 3363 Cur
807 3300 964 3362 Albanum
986 3299 1094 3360 venire
1116 3297 1225 3359 iubet‘l
1255 3317 1311 3360 cur
1332 3295 1424 3358 matri
1446 3300 1611 3379 praeterea

282 3388 465 3453 blanditur?
495 3411 552 3454 cur
578 3393 722 3476 epistolis
752 3402 785 3457 et
813 3394 931 3457 sororis
956 3400 987 3456 et
1008 3392 1117 3454 matris
1139 3390 1390 3454 imbecillitatem
1411 3386 1611 3470 aucupaturi

282 3490 442 3567 postremo
464 3505 520 3548 cur
541 3505 605 3549 non
620 3488 763 3551 andimus
785 3489 911 3570 ipsumt
944 3486 1126 3563 Retinetur,
1149 3483 1263 3558 credo,
1286 3485 1320 3547 in
1343 3482 1515 3567 provincia.
1545 3482 1612 3543 Ma·

283 3586 331 3641 ter
359 3584 472 3661 negat3
501 3582 657 3655 venisset,
687 3582 806 3665 inquit,
836 3582 863 3644 si
893 3588 977 3645 esset
998 3580 1229 3643 denuntiatum.
1267 3581 1315 3643 Tu
1336 3586 1420 3641 certe
1442 3575 1611 3657 coegisses,

283 3672 310 3736 si
331 3672 432 3737 ullum
452 3669 682 3738 firmamentum
705 3677 738 3738 in
760 3675 816 3740 illo
839 3683 919 3739 teste
941 3677 1115 3759 posuisses.
1153 3672 1215 3738 Sed
1237 3672 1398 3737 bominem
1420 3670 1459 3735 ab
1482 3667 1649 3752 negotiose

283 3765 438 3831 abducere
466 3769 609 3832 noluisti.
650 3771 799 3853 Magnum
828 3779 897 3834 erat
924 3771 954 3833 ei
982 3777 1139 3833 certamen
1161 3769 1376 3853 propositum,
1405 3783 1611 3848 magnacum

283 3861 411 3924 Graecis
439 3865 616 3926 contentio:
644 3864 699 3945 qni
728 3871 851 3939 temen,
880 3871 917 3927 ut
945 3865 1072 3947 opinor,
1098 3863 1202 3926 iacent
1230 3863 1323 3938 victi3
1352 3880 1424 3924 nam
1446 3859 1507 3921 iste
1528 3876 1611 3919 unus

283 3963 380 4019 totam
403 3957 510 4021 Asiam
532 3957 750 4039 magnitudine
777 3959 965 4041 poculorum
986 3957 1192 4040 bibendoque
1215 3957 1384 4040 superavit.
1421 3953 1484 4017 Sed
1507 3958 1610 4015 temen

285 4051 354 4135 quis
383 4050 459 4125 tibi,
492 4051 596 4125 Laeli,
627 4052 667 4113 de
690 4052 832 4135 epistolis
854 4053 924 4116 istis
945 4052 1121 4116 indicavit?
1153 4050 1302 4114 Mulieres
1325 4055 1441 4132 negant
1462 4068 1497 4111 se
1519 4046 1611 4118 scire,

285 4144 373 4226 quis:
405 4143 473 4226 ipse
496 4145 593 4226 igitur
614 4145 668 4208 ille
691 4146 748 4208 tibi
771 4166 804 4208 se
830 4147 869 4209 ad
892 4155 1023 4210 matrem
1047 4155 1079 4209 et
1100 4165 1242 4209 sororem
1265 4144 1430 4227 scripsisse
1452 4139 1649 4204 narravittto

284 4255 322 4298 an
345 4237 439 4298 etiam
462 4237 586 4320 scripsit
608 4245 697 4301 oratu
720 4243 796 4301 tuo‘t
832 4237 883 4301 93.
905 4241 947 4302 llt
964 4259 1037 4302 vero
1054 4242 1095 4303 M.
1111 4238 1298 4312 Aebutium,
1321 4233 1612 4300 constantissimum

285 4338 315 4391 et
336 4330 602 4412 pudentissimum
618 4331 795 4407 bominem,
817 4333 948 4395 Falcidii
964 4332 1109 4407 affinem,
1132 4333 1213 4396 nibil
1228 4332 1426 4413 interrogas?
1448 4326 1527 4391 nihil
1542 4326 1612 4388 eins

285 4443 451 4505 generum,
473 4426 540 4507 pari
561 4424 625 4488 lide
646 4427 843 4507 praeditum,
867 4426 899 4490 C.
924 4427 1113 4491 Manilium?
1147 4428 1203 4511 qui
1224 4424 1367 4510 prolecto
1388 4422 1428 4484 de
1451 4426 1537 4485 tante
1558 4439 1613 4502 pe·

286 4518 392 4591 cunia,
414 4517 441 4580 si
463 4525 546 4581 esset
569 4517 660 4592 data,
690 4520 770 4583 nibil
792 4520 918 4584 audisse
940 4540 1006 4584 non
1028 4529 1167 4605 possent.
1204 4520 1262 4581 Mis
1284 4526 1318 4581 tu
1340 4517 1438 4599 igitur
1459 4515 1612 4599 epistolis,

284 4611 430 4686 Decime,
452 4612 603 4687 recitatis,
625 4612 674 4677 his
690 4614 885 4678 mulierculis
908 4615 1091 4698 productis,
1113 4615 1168 4676 illo
1184 4613 1315 4677 absente
1330 4619 1457 4675 auctore
1473 4609 1650 4683 laudato,³t

285 4712 404 4767 tantum
434 4711 464 4767 te
493 4706 612 4770 crimen
642 4707 846 4792 probaturum
868 4710 1003 4792 putasti,
1033 4709 1219 4791 praesertim
1241 4727 1314 4769 cnm
1336 4707 1405 4790 ipse
1427 4724 1490 4767 non
1513 4701 1613 4765 dedu·

286 4800 384 4863 cende
406 4798 581 4863 Falcidium
603 4802 756 4864 iudicium
778 4801 907 4876 feceris,
930 4803 1003 4884 plus
1017 4801 1129 4866 falsam
1144 4801 1311 4886 epistolem
1332 4800 1511 4864 babituram
1532 4817 1613 4881 pon·

285 4892 368 4957 deris
391 4889 485 4977 quam
507 4894 608 4976 ipsius
630 4896 806 4978 praesentis
828 4893 932 4959 fictam
955 4915 1065 4959 vocem
1088 4903 1120 4959 ct
1140 4895 1322 4959 simulatum
1345 4893 1513 4957 dolorem?

347 5118 372 5167 3.
390 5119 627 5182 accumulateques
647 5146 674 5156 -
693 5122 717 5170 o.
736 5125 771 5172 est
788 5133 842 5171 om.
861 5123 878 5171 S
898 5148 924 5157 -
943 5121 969 5172 7.
988 5121 1081 5171 dicttau
1096 5120 1142 5169 SA
1162 5145 1190 5155 -
1208 5119 1232 5168 9.
1251 5118 1302 5183 qao]
1320 5118 1363 5168 cui
1380 5129 1442 5168 oum
1459 5115 1611 5166 Graevioo.

283 5193 334 5245 Sed
351 5193 384 5244 ci.
403 5193 563 5256 Madvigium
579 5195 628 5257 Ep.
646 5196 703 5246 crit.
722 5209 749 5260 p.
769 5196 817 5245 ⁴06
834 5209 875 5259 sq.
896 5224 923 5233 —
947 5199 987 5247 tt.
1007 5197 1087 5246 latren
1104 5197 1121 5246 S
1139 5221 1166 5231 -
1191 5193 1232 5244 tt.
1250 5194 1515 5256 Nunc·-cptstrstom
1531 5191 1614 5243 babet
1736 5207 1738 5211 ’

282 5269 341 5319 Β·
360 5268 401 5317 45.
418 5269 504 5331 !estius
520 5270 580 5319 Β-
599 5271 726 5332 nespitiese
742 5271 758 5320 S
774 5298 799 5306 -
821 5271 861 5321 l6.
874 5284 983 5332 quocum
1001 5274 1136 5322 traiecerat
1152 5273 1178 5330 S,
1198 5268 1278 5320 Pelet.
1292 5270 1386 5320 tertius
1403 5283 1435 5319 ex
1448 5269 1612 5320 correctione

283 5342 376 5405 (luerat
392 5357 444 5406 quo
459 5345 649 5406 conscienciae)
667 5348 694 5395 et
709 5343 876 5396 Gulielmius:
895 5361 972 5408 quom
983 5349 1165 5397 contraieccrot
1181 5346 1214 5406 Τ;
1233 5358 1310 5408 quom
1327 5345 1461 5395 traiecerat
1478 5345 1512 5403 Ἐς
1536 5356 1613 5405 qaum

282 5421 464 5479 emicuerat&
484 5432 561 5481 onom
576 5420 715 5483 confecerat
731 5434 794 5471 cum
811 5420 855 5471 ed.
868 5420 961 5472 Aldina
978 5424 997 5472 Ι.
1010 5449 1038 5458 -
1058 5422 1097 5471 ti.
1116 5421 1247 5471 contonat
1263 5421 1310 5470 Tl.
1325 5446 1351 5455 -
1370 5417 1412 5470 tl.
1432 5419 1477 5485 tis]
1493 5423 1539 5469 oet
1550 5420 1570 5469 T
1583 5445 1610 5455 -

281 5496 322 5545 to.
334 5495 356 5545 si
372 5495 443 5544 idum
459 5495 515 5544 S-
535 5508 554 5543 a
569 5496 666 5559 nepotis
678 5496 695 5544 S
707 5521 733 5531 -
750 5496 791 5547 26.
809 5498 932 5561 Moenum
945 5503 1000 5547 eret
1016 5497 1039 5547 ei
1055 5501 1181 5546 certamen
1197 5495 1280 5546 babet
1296 5498 1315 5545 B
1333 5522 1360 5532 -
1378 5494 1420 5544 27.
1437 5493 1484 5544 itte
1498 5504 1611 5543 enus--

280 5570 409 5632 nspernett
419 5567 501 5619 hehet
512 5572 531 5619 B
544 5595 572 5605 -
591 5570 632 5620 29.
645 5571 717 5621 scire.
730 5573 785 5632 quis
800 5573 852 5634 ipse
867 5573 946 5636 ipitur
962 5573 1003 5622 itte
1014 5574 1044 5623 S:
1062 5574 1126 5623 scire
1139 5573 1182 5635 qui
1192 5573 1226 5622 sis
1240 5573 1270 5634 (s.
1281 5572 1336 5634 qais
1346 5570 1375 5633 is)
1390 5571 1443 5633 ipse
1452 5571 1531 5634 ἐρίων
1541 5569 1581 5618 itte
1592 5569 1612 5617 T

282 5648 309 5694 et
324 5643 445 5709 plerique
463 5643 541 5695 codd.
560 5646 796 5709 Legomersiniani;
817 5647 890 5696 scire.
910 5647 975 5708 outo
991 5651 1026 5695 est
1041 5645 1139 5710 icitur?
1155 5647 1195 5697 itte
1207 5649 1241 5703 A3
1260 5646 1331 5696 seire.
1351 5647 1412 5707 Quia
1426 5646 1449 5693 ts
1464 5649 1499 5694 eat
1514 5641 1613 5707 initur?

280 5720 322 5770 itte
337 5722 389 5782 ipse
405 5720 424 5770 F
433 5721 467 5778 bt
484 5721 555 5771 scire.
575 5722 635 5783 Outs
651 5723 673 5770 is
689 5728 724 5772 est
742 5722 838 5786 ipitur?
854 5723 906 5785 ipse
922 5721 963 5771 ste
979 5721 1042 5771 0-
1061 5720 1102 5769 tt.
1120 5720 1222 5770 hortatu
1239 5721 1256 5770 F
1270 5745 1298 5757 -
1316 5719 1355 5783 rt]
1373 5732 1408 5769 aa
1419 5720 1439 5769 T
1451 5744 1478 5753 -
1497 5722 1612 5767 comten-

281 5793 409 5859 tisss'rmmi]
422 5799 445 5844 et
455 5796 681 5845 consuetissimum
692 5794 724 5855 tlt
743 5793 783 5858 [et]
795 5797 1020 5847 constantissimum
1032 5794 1052 5844 0
1065 5819 1094 5830 —
1113 5795 1154 5845 32.
1169 5795 1390 5859 pmdcmisaimum
1407 5792 1487 5844 codd.
1500 5794 1609 5856 Legem.

281 5881 383 5931 omnes,
402 5869 520 5933 quinque
532 5870 644 5932 oreon,
657 5871 708 5921 SA.
728 5870 766 5921 Ci.
784 5884 812 5935 p.
824 5870 881 5931 824,
900 5870 940 5922 33.
957 5895 983 5905 -
1001 5869 1138 5934 [decies
1152 5897 1180 5909 -
1197 5871 1239 5923 33.
1256 5870 1452 5932 Montium·
1472 5867 1513 5918 ti.
1528 5873 1611 5932 posset

281 5944 349 5995 STA
362 5970 390 5980 -
410 5942 452 5995 37.
464 5943 591 6011 indiction]
608 5946 636 5996 to
651 5945 743 5996 iudido
759 5946 785 6000 S.
