3800 7350
391 1185 428 1234 vi

394 1335 528 1402 fortuna
549 1333 601 1398 usi
621 1349 747 1416 sumus;
770 1347 843 1396 nam
864 1327 1011 1396 codicem
1031 1331 1151 1414 ipsum,
1174 1331 1228 1413 qui
1250 1328 1292 1393 ab
1308 1327 1349 1394 m.
1364 1327 1499 1393 'irosslo
1521 1326 1701 1411 bibliopola

393 1455 547 1524 Parisino
568 1455 601 1518 ln
623 1453 780 1538 catalogo
801 1469 873 1518 cum
895 1452 970 1515 aliis
991 1450 1083 1516 libris
1105 1451 1278 1546 venalibus
1299 1451 1471 1533 expositus
1492 1451 1581 1531 erat,
1602 1445 1701 1514 dete-

393 1580 514 1657 ximus,
535 1574 623 1640 undo
643 1572 814 1640 ailaitcro
836 1570 1028 1656 redemptus
1047 1574 1109 1636 iam
1131 1573 1165 1636 in
1186 1570 1415 1638 bibliothecam
1434 1570 1559 1660 regiam
1574 1568 1701 1636 Mona-

394 1716 525 1766 censcm
558 1696 684 1761 relatus
719 1697 785 1774 est,
818 1694 851 1758 in
884 1711 947 1778 qua
976 1696 1079 1759 ceteri
1108 1710 1236 1777 quoque
1263 1691 1536 1778 Togernseenses
1569 1694 1702 1775 praeter

395 1836 519 1905 paucos
539 1817 645 1882 iurum
667 1816 816 1880 manibus
837 1816 1015 1898 subreptos
1037 1819 1262 1879 asservantur.

477 2020 630 2092 Oratio
652 2020 914 2106 Pompeiana
935 2019 968 2084 ln
990 2019 1105 2087 codice
1129 2020 1375 2086 Erfurtensi
1398 2022 1464 2085 tam
1480 2019 1702 2105 purescripta

395 2149 462 2233 est,
483 2148 521 2210 ut
543 2145 576 2207 in
598 2140 869 2208 emendatissimis
890 2144 1094 2209 orationibus
1108 2141 1269 2208 'i'ullinnis
1288 2141 1488 2207 numeranda
1507 2143 1561 2206 sit.
1583 2140 1622 2205 ln
1637 2160 1702 2205 no-

393 2271 464 2332 stra
494 2263 638 2331 editione
660 2269 842 2349 apparatus
863 2267 997 2332 criticus
1019 2268 1136 2329 auctus
1157 2268 1208 2328 ost
1235 2265 1431 2329 lectionibus
1453 2262 1577 2329 codicis
1597 2260 1701 2326 Paia-

394 2389 453 2453 tini
475 2406 559 2452 num.
576 2381 680 2452 1525
698 2385 749 2458 (=
766 2385 838 2450 Pal.
854 2389 931 2450 noni
947 2386 1097 2456 Gruteri)
1113 2389 1146 2450 et
1169 2386 1345 2474 fragmenti
1361 2384 1638 2473 Tegernscensis,
1660 2381 1702 2448 de

394 2507 576 2597 quomodo
599 2505 756 2592 diximus,
785 2509 980 2593 publicatis,
1009 2527 1142 2593 quorum
1165 2512 1304 2592 uterque
1326 2505 1368 2570 ad
1391 2503 1527 2571 eandem
1549 2504 1701 2570 familiam

393 2636 494 2716 atquc
516 2630 723 2696 Erfurtensis
745 2631 898 2714 pertinet.
934 2628 1116 2694 Praeterea
1137 2631 1323 2694 curavimus
1345 2631 1381 2691 ut
1397 2626 1592 2712 reliquorum
1607 2623 1702 2692 codi-

394 2772 466 2820 cum
489 2751 756 2820 Germanioorum
780 2769 867 2816 nunc
889 2748 1132 2833 deperditarum
1149 2754 1309 2835 quotquot
1330 2750 1524 2815 lectionesa
1540 2747 1703 2832 prioribus

395 2875 519 2940 criticis
540 2874 730 2956 exscriptae
752 2876 829 2936 sunt
851 2875 1007 2939 accurate
1029 2889 1050 2936 a
1072 2871 1168 2936 nobis
1189 2871 1402 2936 referrentur.

478 3076 533 3143 Ad
556 3074 632 3144 Clu
643 3079 864 3159 cntionem,
887 3097 981 3164 quarn
1003 3079 1151 3144 ioxxxrrs
1165 3077 1318 3144 caasser
1332 3080 1415 3143 satis
1429 3079 1524 3168 largo
1539 3082 1703 3164 apparatu

395 3194 745 3265 instructusa.1831
770 3198 909 3264 Bonnae
931 3199 1051 3285 edidit,
1072 3198 1152 3263 nillil
1175 3201 1253 3263 novi
1276 3199 1461 3284 imbuimus,
1483 3200 1542 3265 sed
1557 3200 1703 3267 codicem

395 3317 775 3409 Salisburgcnsem
798 3321 858 3385 iam
880 3322 922 3385 ab
945 3321 1000 3385 iilo
1023 3323 1232 3406 usurpatum,
1256 3323 1308 3405 qui
1331 3322 1364 3384 in
1388 3320 1449 3386 hac
1464 3323 1613 3386 oratione
1632 3322 1703 3388 iere

395 3442 613 3529 principatum
635 3444 745 3527 tenet,
768 3461 833 3506 non
856 3444 926 3507 sine
941 3443 1050 3527 aliquo
1073 3442 1182 3507 fructu
1205 3444 1320 3506 iterum
1338 3443 1540 3508 excussimus
1556 3449 1589 3507 et
1611 3444 1704 3509 locos

394 3585 416 3631 a
448 3565 620 3630 veteribus
651 3565 873 3653 grammaticis
909 3568 942 3628 et
978 3562 1166 3628 rhetoribus
1202 3564 1338 3645 allatos,
1372 3582 1465 3648 quarn
1501 3567 1702 3648 provinciam

396 3686 586 3754 Classenius
613 3686 743 3752 nimium
775 3686 987 3775 neglexerat,
1016 3684 1209 3774 diiigenter,
1239 3690 1274 3750 ut
1307 3686 1403 3751 nobis
1433 3686 1598 3770 videnlur,
1630 3690 1705 3754 coi.

395 3808 545 3897 legimus.

479 4000 672 4071 orationum
702 4022 785 4089 quas
813 4003 929 4069 Cicero
961 4001 1007 4067 de
1040 4004 1136 4090 lego
1165 4004 1338 4092 agraria
1367 4009 1484 4070 contra
1513 4004 1550 4069 P.
1570 4004 1703 4071 Rullum

397 4124 509 4191 babuit
531 4124 644 4190 eadem
666 4127 718 4189 est
739 4142 841 4191 causa
861 4129 961 4210 atque
977 4120 1205 4190 Caeclnianae.
1248 4126 1329 4191 Nam
1352 4143 1423 4191 cum
1446 4144 1466 4191 a
1488 4126 1619 4215 Poggio
1637 4125 1704 4193 XV

394 4247 529 4313 saeculo
550 4245 595 4311 ad
615 4246 721 4312 Italos
742 4250 933 4331 reportatae
956 4251 1086 4329 csscnt,
1108 4246 1241 4312 eaodem
1264 4251 1381 4331 postea
1404 4249 1500 4312 etium
1524 4250 1557 4311 in
1577 4250 1703 4334 aliquot

395 4366 492 4435 codd.
514 4365 720 4435 Germanicis
740 4370 896 4433 inventae
917 4372 1003 4432 sunt.
1034 4364 1115 4433 ¹Sed
1138 4370 1169 4431 in
1192 4368 1243 4432 luis
1264 4387 1393 4453 quoque
1414 4367 1584 4434 admodum
1600 4373 1703 4435 vitia-

396 4493 451 4556 tae
471 4489 629 4577 leguntur
650 4507 714 4555 uec
736 4490 902 4573 pleniores
923 4507 1018 4574 quam
1040 4494 1175 4554 exstant
1198 4491 1229 4553 in
1252 4491 1395 4574 italicis,
1423 4496 1458 4554 ut
1487 4510 1554 4555 non
1576 4495 1702 4557 tantum

395 4630 439 4677 ex
469 4610 522 4675 his
553 4609 702 4676 lontibus
734 4608 870 4675 subsidii
900 4612 1098 4693 accesserit,
1139 4615 1292 4694 quantum
1328 4611 1527 4677 Caeciniana
1559 4614 1702 4679 eiusdem

393 4733 537 4800 familiae
566 4750 630 4816 ope
657 4731 831 4797 emendata
858 4737 919 4796 est.
962 4732 1031 4796 Nos
1062 4731 1207 4798 codicem
1237 4739 1335 4798 antea
1362 4733 1504 4798 nondum
1534 4739 1702 4824 cognitum

395 4854 539 4922 iamdiae
567 4851 802 4939 Germanicae,
832 4852 1085 4937 Erlungenscm,
1116 4873 1157 4918 ex
1179 4853 1332 4920 Palatino
1361 4858 1470 4940 aliquo
1493 4853 1703 4941 descriptum,

395 4974 618 5062 adhibuimus3
655 4979 829 5060 praetcrea
861 4976 956 5041 nobis
991 4980 1123 5059 praesto
1158 4980 1252 5040 erant
1283 4978 1444 5042 lectiones
1476 4996 1496 5042 a
1526 4976 1701 5043 'i'orrentio

394 5097 524 5164 Lavino
545 5095 589 5163 ad
611 5098 787 5185 marginem
806 5097 946 5181 exempti
964 5096 1077 5161 Aldini
1098 5096 1306 5162 a1554ex
1328 5097 1442 5164 codice
1463 5100 1573 5183 aliquo
1594 5101 1702 5166 bonae

396 5221 496 5286 notae
518 5219 725 5304 exscriptae,
746 5237 886 5304 quarum,
903 5237 965 5303 ope
988 5238 1084 5283 ornum
1106 5219 1212 5284 locum
1235 5236 1277 5282 ex
1299 5237 1346 5284 or.
1363 5220 1415 5301 ii,
1438 5212 1500 5297 §7
1524 5238 1554 5304 p.
1570 5215 1700 5303 611,a

395 5341 519 5431 iruigni
550 5328 805 5426 interpolatione
836 5341 978 5406 liberare
1006 5342 1107 5406 licuit.
1157 5340 1208 5406 No
1239 5340 1315 5425 quid
1342 5342 1510 5405 tamenin
1537 5347 1701 5426 apparatu

396 5465 511 5529 nostro
544 5461 661 5529 critico
694 5459 953 5548 desideraretur,
990 5461 1123 5526 duorum
1160 5480 1288 5547 quoquc
1319 5461 1465 5528 codicum
1496 5463 1701 5547 italicorum,

397 5578 680 5674 salsburgensis,
703 5601 790 5649 nunc
810 5583 1046 5663 Monacensis,
1074 5588 1107 5648 ot
1130 5583 1338 5649 Ambrosiani
1368 5602 1468 5666 supra
1502 5604 1533 5669 p.
1556 5585 1607 5649 iii
1629 5605 1700 5651 me-

396 5709 514 5773 morati
533 5706 697 5775 lectiones
718 5705 868 5793 integras
889 5706 922 5770 in
943 5706 1172 5791 supplemento
1196 5703 1349 5770 editionis
1371 5705 1617 5790 publicavimus.
