3800 7350
707 1180 780 1244 cn.
803 1179 945 1243 rx-x.
972 1176 1018 1263 ss
1041 1175 1187 1244 ss-es.
1522 1175 1605 1244 aare

288 1351 416 1435 quidem
438 1349 528 1412 dicis.
549 1349 591 1411 At
607 1347 719 1411 Miloni
740 1367 780 1412 ne
802 1348 907 1413 lavere
922 1349 1052 1433 quidem
1074 1351 1180 1432 potui;
1203 1348 1292 1431 prius
1313 1346 1397 1411 enim
1418 1368 1485 1410 rem
1507 1356 1608 1413 trans·

288 1447 352 1528 egit
373 1463 467 1527 quam
489 1443 657 1525 quisquam
684 1462 757 1504 eum
785 1441 939 1505 iacturum
961 1443 994 1506 id
1016 1444 1237 1525 suspicaretur.
1272 1442 1313 1505 At
1334 1461 1391 1524 ego
1413 1441 1508 1506 suasi.
1542 1443 1608 1506 Sci-

288 1537 361 1600 licet
382 1537 408 1598 is
429 1535 552 1598 animus
575 1542 643 1598 crat
663 1535 807 1608 Milonis,
838 1545 872 1599 ut
900 1537 1050 1620 prodesse
1072 1537 1118 1599 rei
1140 1535 1284 1619 publicae
1305 1538 1373 1599 sine
1395 1556 1523 1601 suasore
1544 1557 1609 1601 non

289 1630 415 1713 possetl
448 1631 488 1692 At
508 1629 643 1693 laetalus
665 1650 746 1692 sum.
787 1629 873 1704 Quid
896 1633 994 1712 ergo?
1023 1630 1056 1692 in
1077 1637 1161 1692 tanta
1183 1629 1303 1693 laetitia
1325 1637 1455 1692 cunctae
1478 1630 1609 1693 civitatis

288 1744 339 1786 me
361 1744 458 1788 unum
479 1723 598 1786 tristem
622 1742 692 1785 esse
714 1721 903 1804 oportebat?
946 1720 997 1785 22.
1021 1723 1222 1807 Quamquam
1245 1722 1285 1785 de
1306 1732 1407 1787 morte
1430 1723 1531 1787 Clodii
1552 1722 1633 1788 initu

290 1818 433 1900 quaestio
454 1849 496 1864 -
518 1836 582 1879 non
605 1816 680 1880 satis
702 1814 873 1899 prudentor
894 1816 949 1879 illa
972 1818 1100 1899 quidem
1121 1817 1305 1892 coustituta;
1335 1818 1412 1901 quid
1434 1819 1519 1883 enim
1540 1819 1611 1882 atti·

289 1910 384 1973 nebat
405 1930 489 1973 nova
508 1909 579 1993 lege
601 1910 709 1993 quaeri
732 1908 772 1971 de
795 1930 851 1982 eo,
874 1911 928 1993 qui
950 1909 1112 1973 bominem
1133 1909 1317 1985 occidisset,
1339 1931 1411 1974 cum
1430 1920 1512 1976 esset
1534 1911 1611 1994 legi·

289 2004 348 2068 bus
370 2004 516 2087 quaestio
540 2003 734 2067 constituta?
758 2002 934 2086 quaesitum
956 2012 1131 2068 esttamen
1145 2026 1205 2066 -:
1228 2003 1312 2087 quod
1335 2005 1445 2087 igitur,
1467 2025 1537 2068 cum
1560 2024 1611 2067 res

289 2098 454 2181 agebatur,
476 2118 570 2162 nemo
593 2098 626 2159 in
649 2117 699 2159 me
715 2096 813 2170 dixit,
835 2095 868 2157 id
883 2104 930 2158 tot
944 2098 1037 2161 annis
1051 2106 1125 2180 post
1139 2107 1172 2160 tu
1187 2117 1222 2159 es
1237 2099 1383 2162 inventus
1398 2099 1453 2181 qui
1468 2098 1611 2161 diceres?

374 2188 425 2255 23.
449 2191 542 2267 Quod
564 2210 640 2253 vero
663 2190 767 2252 dicere
788 2208 883 2252 ausus
905 2210 939 2254 es
954 2192 1050 2275 idque
1065 2191 1171 2254 multis
1186 2191 1307 2265 verbis,
1329 2211 1425 2274 opera
1439 2210 1508 2253 mea
1523 2191 1612 2254 Pom·
1622 2208 1649 2253 so

290 2286 396 2368 peium
418 2306 436 2349 a
460 2285 601 2348 Caesaris
623 2284 759 2346 amicitia
781 2301 850 2344 esse
873 2282 1049 2347 diiunctum
1073 2286 1113 2348 ob
1136 2305 1271 2368 eamque
1292 2304 1418 2348 causam
1436 2284 1529 2367 culpa
1543 2305 1613 2348 mea

291 2379 409 2443 bellum
432 2378 523 2444 civile
545 2397 616 2440 esse
638 2385 764 2450 natum,
788 2376 819 2437 iu
843 2395 881 2437 eo
904 2395 968 2439 non
991 2386 1025 2439 tu
1040 2378 1168 2461 quidem
1190 2385 1256 2440 tota
1278 2399 1326 2452 re,
1348 2377 1419 2451 sed,
1441 2377 1526 2461 quod
1548 2398 1613 2441 ma·

291 2474 410 2537 ximum
433 2481 500 2546 est,
523 2469 715 2554 temporibus
738 2470 859 2533 errasti.
903 2470 941 2531 X.
964 2471 1030 2553 Ego
1049 2473 1091 2535 bl.
1106 2471 1230 2545 Bibulo,
1252 2472 1520 2554 praestantissimo
1534 2473 1613 2546 cive,

292 2568 421 2631 consule
443 2564 523 2630 nibil
538 2563 750 2647 praetermisi,
773 2570 923 2647 quantum
939 2562 1043 2626 lacere
1057 2566 1198 2647 enitique
1212 2566 1312 2648 potui,
1337 2566 1413 2649 quin
1429 2566 1613 2648 Pompeium

292 2683 311 2725 a
333 2662 475 2725 Caesaris
498 2659 719 2723 coniunctione
741 2677 915 2721 evocarem.
951 2659 987 2720 lu
1003 2679 1066 2741 quo
1082 2659 1196 2722 Caesar
1208 2659 1332 2722 felicior
1345 2660 1421 2735 fnis;
1443 2660 1512 2742 ipse
1527 2660 1650 2724 enimse

291 2756 474 2837 Pompeium
503 2774 522 2817 a
549 2772 619 2816 mea
643 2752 855 2815 familiaritate
883 2751 1029 2815 diiunxit.
1074 2754 1185 2816 Postea
1218 2772 1293 2815 vero
1322 2773 1417 2837 quam
1446 2774 1481 2817 se
1513 2761 1612 2818 totum

291 2848 458 2931 Pompeius
489 2847 614 2911 Caesari
642 2846 786 2921 tradidit,
819 2846 896 2928 quid
927 2866 986 2929 ego
1019 2847 1108 2910 illum
1136 2847 1175 2909 ab
1198 2867 1236 2911 eo
1258 2848 1432 2911 distrahere
1458 2851 1613 2912 conarer‘l

293 2943 386 3005 Stulti
414 2949 482 3006 erat
512 2960 656 3024 sperare,
685 2939 818 3003 suadere
840 2940 1042 3023 impudentis.
1085 2937 1136 3002 cl.
1157 2942 1227 3004 lluo
1249 2948 1354 3005 mmen
1375 2949 1516 3026 tempora
1536 2942 1615 3005 inci·

293 3036 423 3109 derunt,
452 3037 567 3119 quibus
599 3035 719 3119 aliquid
746 3041 854 3097 contra
883 3035 1048 3099 Caesarem
1079 3035 1228 3117 Pompeio
1252 3037 1414 3099 suaserim.
1452 3038 1499 3099 Ea
1519 3036 1614 3100 velim

293 3128 523 3212 reprehendas,
552 3130 579 3193 si
602 3137 706 3213 potes:
735 3148 850 3203 unum,
878 3148 918 3191 ne
940 3127 1151 3211 quinquennii
1172 3128 1336 3211 imperium
1360 3129 1485 3193 Caesari
1506 3144 1651 3214 proto-so

293 3231 396 3306 garet,
419 3222 568 3299 alterum,
591 3243 632 3285 ne
653 3229 814 3306 pateretur
834 3220 908 3285 ferri
929 3230 966 3284 ut
986 3222 1124 3285 absentis
1146 3222 1214 3285 eius
1235 3224 1315 3286 ratio
1329 3222 1505 3286 haberetur.
1527 3221 1614 3297 Quo·

293 3337 364 3379 rum
394 3318 420 3379 si
450 3318 603 3381 utrumvis
626 3316 868 3399 persuasissem,
897 3316 929 3377 in
950 3316 1008 3379 bas
1031 3316 1173 3379 miserias
1194 3336 1365 3400 numquam
1386 3316 1615 3380 incidissemus.

293 3410 395 3492 Atque
418 3408 503 3473 idem
526 3429 601 3492 ego,
628 3429 699 3471 cum
721 3410 783 3471 iam
806 3429 883 3492 opes
905 3429 1015 3472 omnes
1037 3417 1070 3472 ct
1090 3429 1163 3472 suas
1185 3418 1218 3474 et
1236 3409 1349 3493 populi
1369 3410 1503 3473 Romani
1524 3412 1617 3472 Pom·

293 3503 385 3584 peius
417 3501 456 3566 ad
493 3504 656 3566 Caesarem
686 3502 852 3566 detulisset
879 3523 1014 3586 seroque
1042 3522 1080 3565 ea
1109 3505 1226 3568 sentire
1247 3504 1421 3585 coepisset,
1453 3522 1535 3586 quae
1557 3523 1616 3586 eqo

295 3597 394 3658 multo
427 3604 500 3660 ante
534 3596 749 3681 provideram,
782 3596 956 3680 inferrique
983 3597 1104 3680 patriae
1132 3597 1251 3660 bellum
1281 3596 1421 3659 viderem
1442 3597 1654 3674 netemumnt

294 3691 397 3773 pacis,
427 3691 632 3765 concordiae,
661 3691 898 3773 compositionis
926 3697 1038 3753 auctor
1065 3710 1135 3753 csse
1161 3711 1225 3754 non
1256 3689 1378 3764 destiti,
1407 3710 1541 3775 meaque
1563 3694 1618 3757 illa

294 3805 358 3848 vox
373 3794 421 3849 est
441 3792 518 3848 nota
532 3784 655 3847 multis:
679 3785 838 3859 «Utinam,
861 3783 1006 3865 Pompei,
1029 3803 1100 3846 cum
1115 3784 1246 3847 Caesare
1260 3785 1443 3848 societatem
1458 3793 1513 3849 aut
1526 3807 1618 3851 num·

296 3897 389 3960 quam
412 3879 530 3942 coisses
551 3885 606 3942 aut
626 3897 795 3961 numquam
818 3876 1018 3940 diremissesl
1046 3875 1106 3940 tuit
1126 3876 1258 3941 alterum
1280 3876 1459 3960 gravitatis,
1484 3879 1618 3946 alterum

362 4217 386 4266 l.
403 4215 487 4280 [abus
503 4214 539 4274 V;
557 4213 662 4263 eosdm
675 4213 715 4262 usl
729 4213 815 4276 [ouem
830 4211 848 4263 b
863 4239 889 4247 -
906 4213 977 4276 potui
993 4214 1098 4264 maden
1108 4214 1143 4274 V,
1162 4213 1211 4264 sed
1227 4215 1299 4265 ruod.
1312 4216 1377 4266 mi
1394 4219 1549 4280 punctatum
1567 4221 1617 4270 est.

298 4320 324 4328 -
345 4292 370 4342 2.
388 4305 444 4342 eum
459 4289 627 4339 rdsdwrstar
646 4301 700 4338 rem
719 4287 779 4350 [oct.
798 4300 847 4337 esse
864 4289 890 4346 t;
916 4288 1086 4349 cumburetur
1106 4301 1162 4338 sum
1178 4289 1237 4350 loct.
1256 4302 1305 4340 sere
1320 4288 1351 4348 b;
1378 4304 1435 4342 σωκ
1450 4295 1539 4355 erupis.
1557 4295 1617 4356 sect.

296 4381 345 4417 esso
362 4380 391 4429 μ
409 4379 465 4416 sum
480 4377 546 4427 sserp.
560 4377 617 4413 sum
626 4363 687 4426 [oct.
699 4375 748 4412 esse
764 4375 779 4411 a
798 4389 824 4397 —
843 4360 868 4412 l.
881 4362 998 4424 At1odV
1012 4388 1039 4397 -
1059 4361 1142 4425 Qud?
1158 4376 1218 4427 erpo
1228 4364 1320 4415 bamb.
1334 4366 1403 4427 (quid
1413 4367 1492 4430 erpo?
1507 4368 1589 4419 habet
1600 4371 1618 4430 t)

299 4469 325 4478 -
345 4442 369 4490 t.
388 4452 438 4490 esre
453 4451 506 4489 om.
525 4440 536 4488 t
553 4463 579 4474 -
605 4438 635 4488 do
654 4452 724 4488 mors
739 4437 770 4486 V.
797 4438 825 4488 ln
844 4436 905 4488 edd.
924 4437 1006 4488 verba
1026 4439 1065 4489 sic
1082 4437 1203 4488 distincta
1219 4442 1298 4490 sunt:
1320 4441 1479 4503 oumquom
1496 4444 1525 4493 ds
1540 4448 1620 4493 morte

296 4517 323 4565 Ρ.
342 4515 421 4565 Clodii
435 4514 484 4577 luit
500 4514 612 4576 querulo
628 4527 678 4564 uon
695 4513 756 4562 sotir
775 4513 911 4575 pmdsater
925 4512 971 4561 illu
988 4513 1086 4574 quises
1100 4515 1242 4564 consecute.
1269 4513 1334 4576 Quid
1350 4517 1510 4566 sseu--err
1525 4522 1617 4569 tom

299 4591 369 4652 Quod
385 4587 690 4653 ipitureet.-olodiV;
708 4589 733 4637 Ρ.
747 4587 825 4638 Clodii
840 4585 1101 4649 D0-8.qstidb-
1116 4587 1223 4636 9.ldV:
1241 4592 1309 4647 actm
1327 4593 1355 4639 ut
1372 4591 1432 4648 t;.u
1448 4605 1498 4654 g·
1513 4593 1618 4645 ltab-

298 4665 475 4714 iuucturrrb-
494 4661 637 4713 cursuum
651 4662 799 4712 ciulleVD:
817 4660 888 4710 ciuile
903 4660 960 4711 b.0
975 4688 1001 4697 -
1020 4661 1060 4711 43.
1073 4660 1226 4725 cioeng:
1244 4664 1293 4712 cici
1309 4665 1365 4723 οὓς
1382 4665 1424 4714 cul
1440 4667 1488 4714 l-
1508 4664 1619 4717 ibinu-

298 4741 366 4801 ttqus
382 4742 405 4798 t,
429 4739 549 4798 leuium
569 4750 623 4801 ag,
645 4739 739 4800 uithm
755 4735 787 4796 b,
810 4735 881 4798 quod
905 4735 988 4786 edidit
1004 4738 1144 4797 Graevius,
1168 4740 1197 4787 ut
1214 4741 1255 4788 ost
1272 4737 1335 4789 Pbil.
1354 4739 1396 4799 lV,
1414 4739 1430 4802 5
1448 4741 1479 4791 16
1496 4748 1619 4803 questum

299 4829 363 4864 cure
374 4841 411 4854 --
421 4815 468 4865 niti
483 4817 558 4874 etque
574 4813 668 4876 efficere
682 4816 782 4873 potem
801 4812 828 4860 at
844 4822 870 4858 v.
888 4812 946 4860 Div.
966 4811 991 4860 in
1009 4812 1088 4862 Caec.
1106 4812 1121 4874 5
1138 4814 1170 4863 26
1187 4815 1214 4863 in
1230 4829 1279 4877 qrso
1296 4816 1356 4878 quid
1371 4816 1430 4866 ostri
1446 4822 1492 4867 esst
1507 4819 1567 4880 quid
1582 4820 1620 4882 ss-

297 4893 372 4954 flcers
385 4890 476 4952 pauiu
492 4888 543 4937 cet.
563 4911 591 4922 -
610 4886 678 4951 quin]
696 4887 808 4948 qrriutwt
824 4887 835 4934 t
853 4910 880 4920 -
907 4886 947 4934 lb.
966 4885 1157 4937 contueremur
1174 4888 1207 4949 V,
1226 4901 1294 4951 quae
1312 4890 1354 4940 est
1370 4889 1478 4942 vitiosae
1495 4895 1523 4942 et
1539 4906 1619 4945 verse

300 4962 420 5015 lectionis
441 4962 605 5021 coniunctio,
632 4963 661 5010 ut
681 4974 760 5024 supra
781 4973 807 5024 p.
827 4959 904 5018 lito,
921 4959 954 5010 23
970 4960 1080 5021 ipsuum,
1107 4961 1172 5011 inira
1195 4977 1221 5026 p.
1240 4961 1319 5024 libi,
1338 4964 1378 5014 to.
1401 4965 1513 5028 ⁴269&
1535 4972 1563 5019 et
1581 4971 1621 5020 sic

300 5036 480 5103 compluribus
497 5035 553 5088 aliis
570 5033 644 5087 locis.
664 5061 691 5070 -
709 5036 805 5096 soluier
820 5035 869 5089 suit
884 5034 920 5083 V:
938 5034 987 5096 suit
1002 5035 1098 5096 idiotes
1114 5038 1135 5085 l)
1154 5062 1181 5071 -
1202 5038 1241 5087 46.
1260 5038 1381 5088 dictumst
1397 5039 1418 5088 b
1438 5066 1465 5075 -
1485 5042 1526 5092 lu.
1544 5043 1577 5092 ull
1592 5058 1621 5093 eo

301 5126 355 5163 om.
373 5126 388 5163 a
407 5139 434 5148 -
455 5112 495 5164 ⁴8.
513 5111 582 5162 stulti
598 5112 663 5161 enim
679 5114 765 5160 orata
784 5137 809 5147 -
830 5110 970 5172 isrpudmtr
986 5123 1002 5173 g
1021 5139 1047 5149 -
1066 5117 1180 5175 ternpore
1196 5119 1351 5165 tesana-
1368 5117 1409 5166 20.
1427 5116 1621 5178 qunqmnrvs

302 5214 329 5224 -
348 5189 472 5250 inpensam
488 5201 503 5236 a
522 5210 550 5220 -
569 5188 690 5248 properet
711 5183 743 5243 b;
766 5188 940 5247 prorepserat
962 5187 986 5243 t;
1010 5199 1175 5250 prouocarent
1191 5200 1219 5247 a;
1242 5194 1425 5253 proroqarstur
1441 5189 1484 5240 ed.
1502 5193 1570 5241 lunt.
1587 5219 1621 5228 -

300 5263 341 5311 2⁴.
358 5262 421 5325 ferai
436 5262 472 5311 V:
496 5262 552 5324 fissi
573 5261 595 5311 D
615 5286 642 5296 -
666 5261 748 5310 oratio
765 5262 785 5311 0
802 5273 894 5311 errore
912 5274 1064 5325 operarum.
1084 5287 1111 5298 -
1138 5260 1179 5313 tl.
1197 5276 1243 5325 spo
1265 5275 1318 5312 om.
1335 5274 1353 5312 a
1370 5287 1398 5299 -
1416 5277 1473 5326 oper
1488 5267 1568 5315 musis
1582 5266 1619 5325 V;

301 5349 455 5398 menopes
471 5337 537 5387 D-
553 5338 653 5387 dante
670 5349 730 5386 suos
746 5336 1139 5395 om.a-2l.sucscstlreV;
1156 5339 1242 5388 eudem
1257 5339 1422 5388 mtura-
1440 5341 1621 5404 ccptsrstVag

302 5437 330 5447 -
348 5424 393 5475 eqo
409 5423 462 5461 om.
480 5426 496 5463 a
514 5438 541 5448 -
560 5413 603 5463 uo.
621 5416 679 5462 uste
694 5411 771 5461 multo
787 5423 829 5475 ag
844 5438 878 5450 -
891 5414 1068 5476 praesideam
1084 5413 1163 5464 codd.
1176 5412 1276 5478 aliquot
1291 5413 1372 5474 dett.;
1389 5416 1417 5464 at
1432 5427 1457 5463 v.
1470 5413 1502 5478 §5
1519 5415 1560 5465 37.
1578 5414 1620 5466 83.

301 5485 619 5550 inVerr.V,giicet
640 5511 667 5522 -
686 5485 986 5549 oidoemulurs'sursv:
1012 5488 1300 5551 mtoidsreurbo-
1322 5487 1622 5539 timorosum

302 5560 395 5609 destirti
410 5561 432 5609 V
450 5586 477 5596 -
495 5575 546 5612 nos
562 5574 615 5612 om.
628 5561 650 5611 D
670 5587 697 5597 -
714 5565 850 5622 musque
865 5562 883 5611 b
897 5589 924 5599 -
943 5563 985 5612 27.
1005 5562 1104 5612 ilduara
1113 5587 1150 5599 ··
1160 5561 1299 5612 dimissos
1309 5559 1386 5612 alleri
1395 5562 1543 5614 Priscianus
1553 5563 1619 5624 Vlll,

302 5634 607 5701 t,327.el8,8l2.
627 5635 1623 5700 -Ponustcurwssarsv:0n.eorusttpompstuss)rumc.cwm

302 5709 353 5758 ΒΟ
371 5710 398 5758 et
409 5710 490 5762 Prisc.
504 5737 531 5749 -
549 5711 591 5762 28.
604 5711 772 5763 contemsisse
781 5713 863 5764 Prisc.
875 5714 943 5773 Vlll,
956 5712 980 5771 8,
999 5710 1067 5775 gli.
1083 5739 1110 5749 -
1129 5712 1263 5776 mactatis
1278 5712 1386 5763 dmm
1397 5724 1450 5761 om.
1463 5712 1503 5762 V¹.
1521 5712 1622 5762 Vereor

303 5787 333 5832 ut
349 5782 487 5848 particula,
509 5798 579 5850 quse
595 5787 622 5837 iu
639 5785 699 5837 cod.
717 5787 862 5852 archetypo
880 5785 1024 5849 intercidit,
1046 5788 1119 5838 recte
1139 5787 1165 5837 in
1181 5785 1247 5839 dett.
1265 5784 1387 5851 supplete
1402 5786 1451 5846 sit3
1473 5782 1532 5835 loco
1549 5785 1621 5836 enim

303 5858 438 5920 meumes
453 5857 530 5912 melis
542 5860 644 5923 cumis
659 5859 701 5913 vel
717 5861 811 5913 muodo
825 5862 854 5913 le
867 5874 922 5913 ren
934 5873 962 5923 p.
