3800 7350
320 1183 382 1249 952
751 1183 903 1248 ORATIO
926 1184 1003 1248 PRO
1026 1185 1059 1247 P.
1083 1182 1223 1247 SESTIO

321 1354 529 1437 splendetque
550 1374 607 1437 per
628 1374 698 1416 sese
720 1348 845 1438 scinper
866 1373 972 1436 neque
994 1351 1106 1415 alienis
1128 1369 1278 1433 umquam
1299 1349 1442 1412 sordibus
1458 1349 1637 1412 obsolescit.

319 1448 390 1510 Non
412 1448 458 1510 illi
481 1447 656 1510 ornandum
679 1450 720 1510 bl.
744 1448 907 1521 Catonem,
930 1446 986 1508 sed
1003 1443 1223 1527 relegandum,
1246 1442 1365 1505 necilli
1380 1441 1638 1504 committendum

319 1540 397 1602 illud
419 1541 595 1623 negotium,
619 1540 673 1603 sed
697 1540 922 1623 imponendum
944 1544 1149 1622 putaverunt,
1172 1536 1278 1618 quiin
1302 1536 1450 1598 contione
1472 1534 1575 1616 palam
1591 1533 1639 1595 di·

319 1634 424 1696 xerint
444 1634 584 1716 linguam
606 1654 640 1697 se
662 1634 806 1697 evellisse
828 1635 869 1695 M.
893 1632 1023 1705 Catoni,
1046 1651 1128 1712 quae
1150 1649 1275 1712 semper
1296 1638 1403 1693 contra
1424 1628 1638 1692 extraordina-

296 1726 380 1788 srias
401 1734 572 1809 potestates
593 1728 693 1790 libera
705 1726 828 1790 inisset.
862 1726 1023 1798 Sentient,
1045 1731 1081 1786 nt
1096 1743 1204 1807 spero,
1227 1723 1315 1785 brevi
1330 1729 1490 1806 tempore,
1512 1740 1638 1785 manere

319 1819 493 1882 libertatem
515 1820 601 1883 illam
623 1828 719 1903 atque
741 1820 802 1883 hoc
824 1820 935 1893 etiam,
959 1819 985 1881 si
1007 1818 1076 1880 lieri
1097 1815 1253 1899 potuerit,
1276 1836 1345 1879 esse
1361 1818 1528 1890 maiorem,
1552 1814 1638 1899 qnod

318 1932 389 1974 curn
411 1913 594 1975 oonsulibus
616 1913 680 1975 illis
702 1915 743 1975 ld.
767 1914 859 1987 Ceto,
881 1914 975 1975 etiam
998 1932 1069 1974 curn
1092 1910 1155 1973 iam
1170 1909 1370 1993 desperasset
1389 1908 1510 1992 aliquid
1531 1915 1639 1971 sucto-

317 2006 408 2068 ritate
437 2025 494 2068 sua
523 2003 633 2089 profici
655 2026 769 2089 posse,
802 2015 906 2069 tamen
928 2025 1006 2069 voce
1028 2006 1098 2086 ipsa
1119 2023 1156 2066 sc
1179 2003 1287 2065 dolore
1310 2004 1481 2085 pugnavit,
1514 2009 1641 2085 etpost

318 2119 422 2161 meum
451 2099 623 2162 discessum
653 2100 692 2162 iis
721 2101 868 2164 Pisonem
889 2099 993 2162 verbis
1015 2099 1094 2161 flens
1116 2116 1221 2159 meum
1243 2106 1275 2158 et
1297 2097 1342 2159 rei
1364 2095 1508 2179 publicae
1531 2115 1638 2158 casum

282 2192 459 2268 tovexsrit,
481 2200 517 2254 nt
537 2192 625 2255 illurn
646 2192 806 2256 hominem
828 2192 1076 2275 perditissimum
1092 2197 1187 2273 atque
1210 2188 1514 2273 impudentissimum
1536 2207 1638 2271 paene

317 2287 380 2349 iam
401 2286 582 2368 provinciae
603 2287 787 2368 paeniteret.
830 2282 881 2346 ot.
906 2285 968 2348 Cur
988 2286 1083 2366 igitur
1104 2284 1258 2366 mgetioni
1280 2283 1410 2366 paruit?
1444 2282 1542 2357 Quasi
1562 2300 1638 2344 vero

318 2380 372 2441 ille
400 2400 463 2442 non
486 2381 519 2441 in
540 2378 616 2441 alias
639 2399 765 2463 quoque
788 2380 890 2461 leges,
921 2397 1001 2461 quas
1023 2378 1139 2441 iniuste
1161 2385 1287 2458 rogatas
1308 2383 1452 2460 putaret,
1480 2374 1544 2437 ianr
1565 2380 1638 2437 ante

317 2471 484 2535 iuraverit!
522 2472 594 2535 Non
623 2474 715 2535 offert
741 2494 776 2536 ss
804 2473 858 2537 ille
880 2472 948 2535 istis
971 2471 1213 2544 temeritatibus,
1246 2478 1295 2545 nt,
1331 2490 1403 2532 cum
1423 2469 1470 2532 rei
1492 2467 1638 2551 publicae

317 2564 396 2627 nibil
425 2564 544 2647 prosit,
574 2585 608 2627 se
631 2565 690 2629 civi
713 2587 779 2629 rem
802 2566 959 2650 publicam
982 2564 1091 2646 privet.
1127 2562 1264 2626 Consule
1285 2584 1336 2627 me
1358 2583 1429 2626 cnm
1451 2570 1536 2625 esset
1555 2560 1638 2623 desi-

282 2666 430 2741 tsgnatus
452 2658 596 2720 tribunus
618 2658 677 2740 pl.,
700 2661 813 2723 obtulit
833 2661 866 2722 in
889 2659 1057 2722 discrimen
1080 2659 1174 2719 vitam
1198 2677 1301 2721 snam:
1325 2656 1407 2719 dixit
1426 2676 1495 2720 cum
1511 2664 1638 2719 senten·

317 2754 411 2823 tiam,
443 2752 531 2814 cuius
562 2752 714 2815 invidiam
743 2753 855 2835 capitis
883 2750 1025 2834 periculo
1057 2750 1118 2812 sibi
1140 2753 1359 2832 praestandam
1381 2749 1524 2824 videbat,
1557 2750 1638 2813 dixit

317 2845 533 2919 vehementer,
557 2846 621 2927 egit
642 2848 768 2920 acriter,
790 2866 827 2908 ea
851 2866 932 2929 quae
954 2846 1052 2908 sensit
1072 2863 1148 2925 prae
1163 2864 1198 2907 se
1213 2844 1300 2919 tulit;
1324 2845 1398 2919 dux,
1418 2850 1536 2917 auctor,
1550 2850 1638 2905 actor

316 2959 421 3002 rerum
442 2938 567 3001 illarum
589 2937 667 3012 init,
689 2960 753 3002 non
775 2958 839 3021 quo
861 2937 1036 3022 pericnlum
1059 2958 1151 2999 suum
1172 2957 1238 2999 non
1259 2938 1397 3013 videret,
1420 2938 1475 3002 sed
1498 2938 1531 2999 in
1552 2943 1638 2999 tanta

316 3034 362 3096 rei
390 3032 534 3115 publicae
560 3039 746 3114 tempestate
773 3032 853 3095 nihil
884 3030 943 3093 sihi
974 3031 1034 3093 nisi
1061 3032 1101 3093 de
1122 3032 1241 3113 patriae
1262 3032 1413 3113 periculis
1435 3029 1636 3115 cogitandum

281 3127 456 3210 roputabut.
499 3126 617 3187 XXIX.
632 3123 683 3188 62.
708 3127 902 3189 Consecutus
925 3131 975 3185 est
995 3124 1095 3207 ipsius
1117 3125 1305 3188 tribunatus.
1339 3125 1424 3200 Quid
1443 3146 1502 3207 ego
1518 3127 1558 3188 de
1572 3126 1637 3188 sin·

317 3219 417 3303 guluri
438 3218 652 3300 magnitudine
674 3219 769 3281 enimi
783 3218 852 3281 eius
867 3237 904 3280 ac
919 3217 959 3278 de
980 3218 1157 3280 incredibili
1174 3219 1288 3281 virtute
1304 3219 1427 3281 dicam?
1449 3219 1637 3282 Meministis

317 3313 406 3375 illum
429 3313 528 3385 diem,
551 3332 621 3373 cnm
644 3314 762 3395 templo
784 3332 802 3374 a
823 3312 944 3391 collega
964 3319 1128 3393 occupato,
1150 3312 1242 3374 nobis
1264 3313 1409 3375 omnibus
1425 3312 1543 3376 devita
1564 3311 1637 3374 talis

317 3406 377 3470 viri
399 3415 431 3468 et
452 3406 529 3467 civis
551 3405 749 3479 timentibus,
772 3406 841 3488 ipse
863 3405 968 3466 animo
991 3401 1171 3468 firmissimo
1193 3405 1279 3468 venit
1301 3407 1333 3468 in
1355 3406 1507 3489 templum
1528 3414 1561 3468 et
1575 3405 1637 3468 cla·

318 3517 438 3562 morem
460 3497 624 3561 hominum
647 3500 847 3572 anctoritate,
869 3499 1020 3579 impeturn
1039 3498 1252 3580 improborum
1269 3500 1383 3562 virtute
1398 3500 1528 3562 sedavit.
1550 3500 1637 3563 hdiit

174 3631 180 3647 ·
278 3600 383 3656 retum
405 3591 594 3675 periculum,
617 3592 672 3654 sed
695 3593 773 3655 adiit
794 3592 834 3656 ob
856 3611 923 3653 eam
947 3610 1087 3664 causam,
1118 3612 1199 3675 qnae
1222 3602 1339 3675 quanta
1359 3592 1454 3655 suerit
1474 3594 1538 3655 iam
1559 3596 1635 3658 mihi

319 3686 423 3749 dicere
445 3705 508 3748 non
531 3694 580 3748 est
599 3707 739 3749 necesse.
773 3688 813 3749 At
834 3687 860 3749 si
882 3685 934 3747 isti
960 3686 1092 3768 Cypriae
1114 3686 1270 3767 rogationi
1291 3687 1549 3752 sceleratissimae
1571 3711 1634 3753 non

317 3778 488 3862 primisset,
510 3779 654 3842 haereret
675 3780 730 3842 illa
751 3780 850 3843 nihilo
868 3778 971 3840 minus
994 3780 1039 3841 rei
1062 3779 1206 3862 publicae
1228 3779 1408 3862 turpitnd03
1431 3800 1528 3864 regno
1550 3783 1634 3845 enim

317 3873 381 3935 iem
409 3873 565 3955 publicato
594 3873 632 3935 de
661 3875 730 3955 ipso
761 3874 879 3936 Catone
907 3880 974 3935 erat
1002 3873 1184 3935 nominatim
1207 3882 1360 3956 rogatum.
1400 3874 1493 3950 Quod
1524 3875 1579 3937 ille
1608 3878 1634 3939 si

317 3965 531 4049 repudiasset,
561 3965 710 4029 dubitatis
738 3967 816 4050 quin
846 3967 874 4028 ei
902 3968 950 4028 vis
980 3975 1064 4029 esset
1090 3967 1201 4040 allate,
1230 3988 1301 4029 cum
1332 3968 1438 4030 omniu
1459 3977 1528 4032 acta
1550 3971 1634 4034 illius

279 4060 392 4123 soenni
414 4081 472 4142 per
492 4079 591 4122 unum
611 4059 699 4123 illum
723 4060 900 4123 labefactari
922 4059 1130 4123 viderentur?
1160 4059 1210 4122 63.
1227 4062 1330 4145 Atque
1353 4063 1444 4124 etiam
1465 4063 1525 4125 hoc
1547 4065 1635 4127 vide·

317 4154 385 4216 bat:
415 4155 564 4237 quoniam
592 4153 646 4216 illu
667 4155 700 4216 in
722 4174 755 4216 re
778 4153 905 4236 publica
925 4154 1047 4218 macula
1068 4157 1155 4237 regni
1179 4156 1331 4238 publicati
1353 4163 1494 4219 maneret
1501 4202 1510 4232 ,
1540 4178 1634 4240 quam

383 4519 406 4566 t.
421 4530 468 4578 per
483 4529 508 4565 se
525 4517 543 4565 L
561 4541 588 4550 —
607 4517 631 4565 2.
649 4515 806 4580 retipandnns
822 4517 872 4566 PG
890 4543 917 4551 —
936 4532 980 4567 nec
997 4517 1033 4567 tili
1050 4532 1136 4568 comen.
1150 4532 1203 4569 om.
1217 4521 1237 4568 G
1255 4518 1305 4582 (itlo
1322 4519 1358 4580 Pi)
1378 4546 1403 4554 -
1425 4519 1449 4571 3.
1466 4521 1633 4584 inponendum

316 4594 366 4643 PG
385 4619 412 4628 -
431 4591 581 4641 concioneO
601 4615 626 4627 ·
647 4588 671 4639 l.
690 4591 788 4639 metisse
804 4592 824 4639 P
842 4616 869 4626 -
888 4592 912 4640 6.
929 4593 1037 4654 potnerit
1054 4595 1116 4643 PG:
1131 4595 1224 4656 poterit
1241 4595 1285 4643 sO
1299 4621 1325 4629 -
1345 4595 1368 4644 8.
1385 4597 1474 4659 profici
1491 4598 1553 4646 PG:
1570 4611 1632 4660 pro-

314 4669 388 4732 ficere
403 4664 451 4714 b0
469 4691 496 4700 -
515 4665 555 4713 ro.
573 4665 802 4726 inpudentissimnnr
815 4678 912 4727 paenae
928 4668 981 4716 ium
994 4668 1137 4728 prontntioe
1153 4671 1172 4719 P
1191 4695 1217 4704 -
1238 4670 1277 4718 tt.
1294 4670 1430 4732 poeniteret
1445 4674 1477 4721 P:
1498 4673 1633 4734 poeniteret

317 4745 337 4790 0
357 4768 384 4776 -
403 4739 597 4801 qnosi--tepes
617 4739 742 4788 iurauerit
763 4737 844 4788 hebet
860 4743 880 4789 h
898 4740 993 4791 mediis
1011 4743 1123 4793 omissis.
1145 4769 1171 4779 -
1197 4744 1235 4792 ts.
1254 4745 1280 4792 in
1297 4756 1355 4808 snp.
1375 4743 1417 4795 lin.
1437 4747 1456 4795 P
1476 4774 1501 4781 —
1520 4747 1586 4797 citos
1602 4751 1629 4808 P,

316 4818 445 4866 otterusG
464 4843 490 4851 -
509 4817 598 4864 iniuste
614 4814 634 4863 P
652 4841 678 4850 —
699 4817 738 4866 ts.
757 4816 881 4865 iurauerit
898 4820 931 4866 l:
951 4818 1043 4866 iurarit
1060 4818 1145 4867 PGO.
1172 4817 1225 4868 uCi.
1244 4819 1314 4868 Oret.
1333 4818 1347 4880 5
1366 4820 1420 4869 tor.
1440 4820 1544 4880 Quintil.
1563 4823 1586 4883 I,
1605 4823 1630 4885 6,

315 4893 356 4942 tt.
375 4889 457 4950 Tulin,
484 4889 561 4954 quale
588 4892 629 4939 est
648 4891 806 4952 indicavisse,
832 4893 937 4951 novisse,
964 4891 1089 4951 mundes,
1116 4889 1237 4955 leguntur
1259 4893 1284 4942 in
1305 4891 1378 4942 libris
1400 4893 1434 4943 de
1460 4896 1524 4959 licp.
1544 4898 1631 4949 tricies

315 4967 426 5030 septies,
445 4965 471 5014 in
488 4966 563 5016 Tusc.
578 4966 608 5014 i).
621 4966 709 5015 tricies
726 4969 832 5029 quater,
852 4967 876 5016 in
895 4965 919 5016 ΙΙ.
938 4967 972 5017 de
990 4969 1043 5017 l'in.
1060 4966 1117 5032 plus
1134 4968 1230 5030 vicies,
1249 4968 1274 5018 in
1291 4969 1371 5018 Bruto
1388 4967 1446 5032 plus
1463 4970 1630 5035 quadragies,

314 5054 341 5105 p.
359 5039 440 5089 Tullio
457 5043 546 5089 autem
563 5041 657 5102 quater
674 5041 700 5088 et
716 5054 742 5103 p.
761 5043 859 5090 Scauro
876 5039 973 5100 scme13
991 5043 1170 5093 indicassecet.
1184 5044 1284 5105 novies,
1303 5043 1461 5105 duodecies,
1480 5047 1628 5110 quinquies,

314 5114 455 5172 undecies,
475 5118 526 5174 ter;
545 5116 681 5174 audivisse,
699 5117 837 5166 audiverim
849 5116 946 5178 semel,
966 5119 1067 5177 sexies,
1086 5120 1188 5181 quater,
1206 5119 1364 5178 duodenem
1384 5121 1489 5182 audisse,
1507 5123 1630 5171 audierim

314 5189 418 5250 novies,
436 5189 537 5248 sexies,
556 5190 665 5252 septies,
683 5188 739 5248 bis,
758 5203 783 5253 p.
802 5190 866 5241 Tuli.
885 5189 977 5241 semel.
1005 5192 1040 5240 Ex
1059 5192 1153 5242 eodem
1171 5193 1228 5242 Vst.
1247 5192 1418 5243 scribendum
1436 5197 1478 5245 est
1493 5209 1519 5259 p.
1538 5194 1630 5247 Flacco

315 5266 330 5330 5
347 5265 378 5316 39
393 5270 558 5327 pntonernnt,
582 5264 596 5327 S
613 5265 640 5314 st
662 5265 838 5325 delectaverat,
863 5267 887 5316 in
905 5267 962 5315 vet.
982 5266 996 5329 S
1013 5267 1028 5316 7
1044 5281 1217 5328 servaveram,
1236 5268 1290 5332 §tt
1310 5269 1449 5332 seponens,
1468 5282 1494 5332 p.
1507 5268 1558 5318 llil.
1571 5270 1586 5333 S
1599 5272 1629 5321 t8

313 5341 501 5390 collocaverat.»
520 5340 676 5389 Wnsnnnnno
693 5353 719 5403 p.
734 5339 774 5391 til.
787 5367 814 5377 -
833 5341 874 5392 illc
889 5342 955 5391 testis
971 5345 1031 5390 G-
1050 5342 1090 5392 rt.
1108 5343 1158 5392 cini
1175 5346 1238 5393 PG:
1257 5345 1309 5393 cine
1325 5342 1372 5393 ho
1391 5369 1418 5379 -
1437 5356 1491 5392 rem
1506 5344 1630 5405 publicam

313 5414 345 5465 b:
366 5417 404 5464 n.
422 5415 484 5474 PG;
502 5413 626 5478 absorpto
645 5416 686 5464 est
699 5429 727 5477 p.
745 5415 866 5477 sequenti
881 5416 970 5477 privet.
991 5443 1017 5452 —
1037 5416 1076 5465 46.
1095 5417 1174 5481 coins]
1191 5419 1239 5468 cni.
1258 5419 1305 5467 eni.
1325 5418 1350 5479 (i.
1370 5432 1393 5466 o.
1412 5417 1483 5466 coins
1498 5416 1547 5479 his)
1565 5420 1625 5468 G—

313 5492 353 5540 ro.
372 5490 426 5554 epo]
443 5502 502 5553 erpo
518 5491 567 5538 PG
584 5514 611 5524 -
629 5488 671 5538 et.
690 5489 746 5537 totis
762 5501 824 5538 nos:
841 5503 893 5544 ,sus
909 5489 952 5548 P¹;
978 5490 1030 5540 nius
1053 5489 1136 5541 P²G0
1155 5519 1182 5528 -
1202 5492 1242 5543 23.
1259 5491 1400 5557 finntssimo
1417 5492 1478 5541 PG:
1495 5493 1629 5554 fortissimo

313 5565 367 5615 a0.
386 5563 424 5615 Cl.
437 5562 470 5614 sd
481 5578 507 5628 p.
520 5564 577 5623 78⁰,
590 5562 614 5613 3.
630 5589 657 5600 -
675 5562 716 5613 st.
734 5565 843 5625 inpetum
858 5565 1019 5626 inproborum
1035 5567 1093 5615 P·-
1112 5567 1178 5615 Adiit
1192 5567 1330 5630 pericnlum
1346 5565 1375 5615 ob
1387 5592 1424 5603 -·
1436 5579 1531 5617 neeesse
1547 5567 1628 5618 hsbct

312 5644 334 5691 Α
353 5667 380 5677 -
402 5639 442 5688 25.
463 5637 493 5688 ob
513 5651 570 5687 conr
589 5651 692 5687 coenam
708 5642 742 5688 A:
767 5639 796 5687 ob
812 5653 915 5690 causam
931 5642 992 5699 P0;
1015 5652 1120 5689 cansam
1137 5642 1155 5690 G
1175 5667 1201 5676 -
1222 5641 1376 5691 diceremini
1396 5643 1460 5703 (om.
1478 5642 1539 5704 inm)
1558 5643 1579 5691 G
1598 5668 1624 5677 -

312 5714 354 5765 26.
371 5715 553 5765 mundissime
568 5717 587 5764 P
601 5740 627 5750 -
645 5714 688 5763 27.
703 5714 740 5762 rei
757 5714 871 5775 publicae
881 5714 958 5765 Orelli
971 5716 1017 5778 tit:
1038 5717 1075 5764 Ji.
1088 5716 1114 5764 P.
1128 5717 1146 5765 P
1163 5717 1198 5777 (in
1211 5730 1263 5780 qno
1279 5714 1446 5780 pierumque,
1465 5717 1626 5780 quicumque

314 5791 355 5839 est
371 5802 460 5846 cesus.
479 5788 530 5839 hoc
546 5787 733 5852 compendium
750 5789 903 5851 invenitur);
925 5790 952 5839 in
968 5803 996 5840 re
1013 5790 1115 5851 publica
1132 5791 1188 5840 GO.
1213 5791 1251 5842 Ci.
1269 5806 1295 5856 p.
1314 5792 1390 5841 noso.
1409 5790 1484 5842 Com.
1503 5790 1518 5855 5
1535 5792 1576 5841 47.
1597 5819 1624 5828 -

313 5863 353 5914 29.
371 5865 431 5928 qnin
446 5864 469 5915 ei
483 5864 521 5915 nis
537 5859 579 5915 P²z
598 5864 710 5927 quinon
727 5865 770 5923 P¹;
788 5865 922 5926 qnineinin
938 5866 960 5915 G
977 5892 1004 5902 -
1023 5865 1063 5920 30.
1081 5877 1158 5917 nomn
1173 5866 1245 5919 illnm
1260 5868 1322 5918 PG:
1341 5865 1412 5917 illnm
1426 5878 1506 5917 nnnnr
1522 5865 1575 5916 s0.
