3800 7350
304 1203 386 1273 tiis
604 1205 782 1276 ,onarlo
804 1205 882 1269 PRO
905 1204 939 1270 C.
961 1204 1125 1269 RABIRIO
1147 1203 1336 1270 POSTUMO

303 1385 387 1454 erat,
410 1376 466 1441 sed
488 1376 528 1442 ad
550 1378 584 1441 P.
606 1376 749 1452 Lentuli,
770 1375 936 1439 clarissimi
959 1376 1034 1451 viri,
1056 1374 1305 1437 auctoritatema
1322 1379 1432 1436 senatu
1450 1370 1626 1456 profectam

303 1479 335 1537 et
355 1473 486 1535 consilio
509 1478 595 1534 certo
618 1478 650 1533 et
670 1490 726 1553 spe
748 1490 813 1533 non
836 1468 932 1532 duhia
953 1470 1052 1531 Roma
1073 1468 1288 1531 contenderet.

373 1561 424 1627 Ἠ.
439 1564 480 1627 ht
493 1563 728 1629 dioecetesiuit
741 1563 857 1646 regius.
872 1597 915 1608 —
935 1564 977 1625 Et
991 1561 1121 1646 quidem
1136 1561 1169 1623 in
1185 1561 1330 1625 custodia
1344 1561 1439 1625 etiam
1453 1560 1515 1624 tuit
1528 1560 1627 1644 regia,

303 1666 336 1721 et
362 1659 410 1721 vis
439 1658 521 1721 vitae
551 1659 619 1722 eius
641 1658 735 1721 allata
755 1677 856 1742 paene
879 1665 942 1732 est;
975 1655 1072 1719 multa
1093 1663 1273 1738 praeterea,
1302 1675 1383 1739 quac
1409 1653 1509 1717 lihido
1531 1654 1627 1737 regis,

278 1769 388 1837 oquae
409 1752 581 1816 necessitas
603 1753 706 1835 coegit
727 1751 880 1833 perferre,
902 1750 1041 1835 pertulit.
1056 1784 1097 1795 —
1120 1750 1260 1826 Quarum
1283 1750 1425 1812 omnium
1440 1768 1546 1811 rernm
1562 1768 1628 1811 nna

301 1846 506 1931 reprehensio
528 1854 593 1920 est,
622 1845 709 1929 quod
731 1866 863 1927 regnum
886 1844 1023 1917 intrarit,
1052 1844 1137 1928 quod
1164 1843 1311 1925 potestati
1334 1862 1368 1905 se
1391 1841 1473 1922 regis
1495 1841 1628 1904 commi·

301 1941 387 2004 serit.
423 1942 541 2003 Verum
569 1941 595 2002 si
623 1939 819 2024 quaerimus,
849 1939 954 2001 stulte.
991 1936 1077 2013 Quid
1107 1938 1191 2000 enim
1220 1937 1346 2000 stultius
1369 1956 1462 2020 quam
1485 1937 1627 2020 equitem

301 2036 478 2098 Romanum
500 2054 540 2097 ex
561 2033 620 2096 hac
640 2033 727 2108 urhe,
750 2033 856 2106 huius,
878 2033 1019 2114 inquam,
1042 2031 1254 2114 rei-publicae
1269 2032 1379 2104 civem,
1402 2050 1483 2113 quae
1499 2036 1547 2093 est
1561 2048 1627 2092 nna

301 2130 439 2193 maxime
462 2137 494 2192 et
513 2126 573 2190 fuit
595 2147 720 2210 semper
740 2126 857 2201 lihera,
880 2127 987 2188 venire
1002 2125 1036 2187 in
1051 2146 1124 2188 eum
1139 2124 1255 2198 locum,
1276 2124 1331 2186 uhi
1346 2124 1520 2206 parendum
1535 2124 1627 2186 alteri

265 2232 334 2288 stet
354 2222 556 2287 serviendum
579 2222 641 2284 siti
677 2221 732 2282 tx.
754 2217 805 2283 23.
828 2219 891 2283 Sed
914 2240 973 2303 ego
996 2222 1030 2283 in
1050 2220 1111 2284 hoc
1131 2226 1253 2283 tantum
1275 2222 1424 2283 Postumo
1447 2237 1513 2280 non
1535 2218 1627 2298 igno-

301 2337 404 2390 scam,
424 2315 546 2379 homini
569 2314 769 2377 mediocriter
790 2313 897 2387 docto,
920 2315 954 2375 in
976 2334 1041 2397 quo
1059 2313 1184 2376 videam
1207 2312 1458 2396 sapientissimos
1480 2310 1627 2374 homines

301 2431 371 2473 esse
393 2410 522 2492 leprosi
545 2411 653 2472 Virum
676 2428 774 2470 unum
796 2408 894 2470 totius
911 2407 1060 2470 Graeciae
1081 2407 1174 2470 facilc
1197 2406 1429 2481 doctissimum,
1452 2406 1627 2480 Platonem,

300 2504 468 2586 iniquitate
490 2501 651 2585 Dionysii,
675 2500 800 2563 Siciliae
823 2502 966 2583 tyranni,
989 2501 1038 2563 cui
1061 2520 1095 2564 se
1117 2500 1171 2562 ille
1187 2500 1404 2573 commiserat,
1426 2500 1458 2562 in
1480 2498 1628 2563 maximis

301 2596 450 2681 periculis
471 2596 659 2678 insidiisque
682 2613 752 2657 esse
769 2601 925 2657 versatum
948 2595 1143 2678 accepimus:
1167 2593 1400 2668 Callisthenem,
1423 2594 1550 2657 doctum
1569 2593 1628 2656 hc·

264 2692 436 2764 seminem,
459 2689 605 2753 comitem
626 2688 733 2770 Magni
753 2688 944 2762 Alexandri,
967 2688 1006 2749 ah
1028 2686 1208 2750 Alexandro
1230 2696 1394 2750 necatum:
1419 2688 1626 2763 Demetrium,

302 2793 335 2850 et
355 2805 396 2848 ex
416 2805 452 2847 re
474 2783 614 2866 publica,
638 2801 731 2865 quam
754 2784 871 2866 optime
893 2788 1051 2864 gesserat,
1074 2789 1105 2844 et
1127 2802 1168 2845 ex
1190 2781 1331 2844 doctrina
1351 2781 1491 2844 nobilem
1513 2787 1545 2844 et
1563 2780 1628 2844 cla·

301 2898 387 2952 nrm,
410 2876 465 2960 qui
487 2876 657 2940 Phalereus
678 2875 835 2938 vocitatus
857 2883 921 2949 est,
953 2875 985 2937 in
1008 2875 1119 2938 eodem
1141 2874 1197 2938 illo
1218 2874 1373 2958 Aegyptio
1395 2894 1494 2957 regno
1515 2874 1626 2957 aspide

302 2971 342 3035 ad
374 2990 488 3053 corpus
516 2970 643 3033 admota
673 2970 737 3032 vita
765 2988 835 3032 esse
864 2970 1030 3052 privatum.
1073 2963 1126 3030 Pl.
1147 2967 1243 3031 Plane
1271 2965 1422 3032 confiteor
1450 2964 1517 3031 fieri
1546 2965 1626 3030 nihil

302 3085 394 3149 posse
418 3064 594 3128 dementius
617 3083 713 3147 quam
734 3063 885 3126 scientem
908 3063 940 3124 in
963 3082 1035 3124 eum
1058 3062 1161 3125 locum
1177 3062 1300 3137 venire,
1322 3063 1376 3125 ubi
1390 3062 1566 3125 libertatem
1582 3064 1627 3126 sis

264 3157 494 3242 rependitur-us.
537 3157 600 3221 Sed
628 3158 722 3219 huius
750 3156 851 3239 ipsius
879 3154 953 3218 iacti
985 3155 1147 3218 stultitiam
1170 3156 1224 3218 illa
1246 3157 1307 3219 iam
1329 3156 1472 3240 superior
1493 3156 1628 3220 stultitia

265 3264 270 3275 “
303 3251 458 3328 defendit,
481 3272 561 3334 quae
583 3249 675 3324 facit,
696 3257 731 3313 ut
752 3248 813 3313 hoc
834 3250 1053 3313 stultissimum
1070 3246 1234 3333 [facinus],
1258 3250 1344 3333 quod
1368 3252 1399 3314 in
1422 3270 1552 3333 regnum
1572 3271 1628 3314 vc·

306 3346 404 3419 uerit,
426 3344 513 3428 quod
534 3346 601 3428 regi
623 3363 657 3407 se
679 3343 889 3417 commiserit,
915 3343 1075 3425 sapienter
1096 3343 1211 3406 iactum
1234 3364 1303 3407 esse
1324 3343 1484 3407 videatur:
1507 3344 1533 3406 si
1555 3344 1628 3428 qui·

305 3437 375 3501 dem
405 3457 466 3500 non
495 3447 557 3501 iam
588 3457 713 3520 semper
740 3438 828 3501 stulti
850 3457 1037 3520 quam-sero
1058 3438 1208 3518 sapientis
1231 3445 1294 3512 est,
1324 3458 1394 3500 cum
1417 3438 1548 3501 stultitia
1569 3458 1627 3502 sua

300 3531 470 3614 impeditus
492 3533 547 3605 sit,
570 3552 699 3616 quoquo
722 3530 816 3593 modo
838 3534 938 3615 possit
959 3552 993 3594 sc
1017 3531 1178 3614 expedire.
1221 3529 1271 3594 95.
1293 3532 1394 3607 Quam
1411 3533 1450 3594 ob
1465 3552 1531 3594 rem
1546 3531 1626 3595 illud

263 3633 426 3692 atmnneat
448 3632 479 3689 et
500 3622 598 3689 fixum
620 3626 677 3701 sit,
706 3623 793 3709 quod
823 3645 927 3709 neque
949 3626 1068 3689 moveri
1091 3647 1196 3710 neque
1219 3626 1332 3690 mutari
1354 3633 1474 3710 potest:
1505 3628 1538 3690 in
1561 3645 1625 3710 quo

302 3720 394 3805 aequi
418 3739 561 3802 sperasse
584 3722 765 3782 Postumum
788 3720 912 3794 dicunt,
942 3740 1089 3804 peccasse
1111 3722 1230 3803 iniqui,
1259 3722 1328 3803 ipse
1352 3722 1447 3785 etiam
1469 3721 1626 3784 insanisse

301 3834 335 3877 se
357 3810 542 3888 confitetur,
564 3813 649 3895 quod
673 3832 778 3887 suam,
800 3813 886 3897 qnod
908 3816 1079 3877 amicorum
1101 3815 1268 3898 pecuniam
1290 3816 1356 3897 regi
1372 3814 1541 3878 crediderit
1554 3833 1624 3893 cum

301 3916 388 3971 tanto
420 3907 617 3982 fortunarum
648 3926 775 3969 suarum
809 3907 965 3989 periculo:
996 3908 1055 3971 hoc
1084 3909 1211 3993 quidem
1240 3909 1338 3972 semel
1360 3915 1506 3993 suscepto
1529 3914 1626 3990 atque

299 4105 338 4154 ccl
359 4108 478 4164 recimer,
500 4115 545 4150 nec
566 4102 601 4150 nd
623 4102 652 4151 G.
672 4098 790 4151 Halmius
812 4103 840 4151 et
857 4102 1014 4166 Madvigius:
1037 4119 1087 4154 non
1103 4104 1197 4168 gabinii
1215 4103 1307 4168 wabini
1324 4104 1354 4166 E)
1369 4117 1450 4154 conus
1464 4104 1503 4154 cel
1518 4108 1627 4154 sectator

300 4183 375 4242 nepot
390 4177 487 4241 petinii
503 4174 597 4232 codd.;
622 4177 689 4225 Nom
706 4176 736 4225 G.
754 4189 834 4226 comes
848 4177 887 4226 cst
907 4178 1032 4228 sectator?
1052 4180 1141 4243 Nepet.
1159 4181 1215 4229 Ncn
1231 4182 1296 4230 enim
1313 4181 1347 4230 ud
1363 4180 1463 4230 Gabinii
1480 4181 1500 4230 0
1517 4182 1545 4230 et
1561 4179 1624 4230 edd.

300 4258 365 4305 vett.
384 4279 411 4289 -
431 4255 456 4304 2.
474 4255 579 4303 Romam
594 4252 616 4301 V
635 4278 661 4288 -
681 4253 835 4302 contunderet
852 4255 881 4312 C,
900 4254 915 4304 3
933 4254 1013 4303 Ora:
1031 4256 1190 4304 contenderat
1207 4256 1268 4305 0-
1288 4254 1311 4305 3.
1324 4255 1440 4305 dioecetes
1457 4268 1486 4304 a:
1505 4255 1628 4318 Diogenes

301 4326 380 4380 codd.
401 4355 428 4364 -
452 4325 477 4378 l.
499 4328 537 4377 cis
559 4327 625 4376 uitas
646 4327 698 4376 nos
720 4324 878 4390 Madvigius:
902 4329 956 4376 citu
977 4329 1030 4378 eins
1046 4327 1123 4378 codd.
1143 4333 1170 4378 et
1186 4328 1206 4378 0
1224 4328 1285 4390 (cito
1300 4329 1323 4379 ei
1339 4328 1425 4378 wicta
1441 4328 1576 4391 Patricius)
1596 4357 1625 4366 -

301 4404 383 4454 eunte
406 4404 456 4453 EG
478 4405 507 4452 et
526 4403 542 4451 2
559 4403 638 4453 Oua
667 4402 753 4452 nimia
774 4403 852 4453 codd.
876 4401 932 4453 rell.
957 4408 984 4454 et
1004 4405 1024 4454 0
1043 4430 1070 4438 -
1095 4405 1259 4466 praeterret]
1286 4430 1313 4439 -
1340 4405 1365 4454 5.
1381 4404 1493 4467 perferre
1509 4403 1625 4467 EGSV,

301 4480 412 4531 horn:
435 4479 503 4541 {erre
521 4479 568 4529 UO
587 4504 614 4512 -
637 4491 746 4539 quonian
762 4477 805 4527 ed.
824 4479 1002 4540 Naugeriana:
1026 4479 1154 4541 quernis)
1175 4477 1217 4528 vel
1235 4492 1299 4540 qnae
1315 4477 1382 4543 (quc)
1399 4480 1418 4529 C
1437 4482 1464 4529 et
1480 4480 1495 4529 3
1513 4480 1576 4530 Orx.
1597 4508 1624 4517 -

302 4554 326 4605 6.
344 4568 369 4604 ss
384 4554 450 4618 repis
467 4553 501 4605 ll:
518 4565 544 4602 ss
560 4565 613 4602 om.
626 4553 646 4602 E
659 4553 736 4602 GSV
754 4556 780 4602 et
796 4553 811 4601 n
829 4553 907 4609 Orr.;
926 4553 986 4602 tort.
1004 4555 1072 4617 repis
1086 4567 1112 4602 re
1129 4555 1190 4617 (regi
1206 4555 1239 4615 E,
1257 4554 1318 4617 lepis
1334 4557 1362 4615 G]
1377 4581 1404 4592 -
1423 4554 1447 4603 i.
1466 4556 1510 4616 qui
1524 4556 1626 4605 snimE

302 4630 330 4678 ct
345 4628 360 4679 s
378 4629 441 4677 Oxx.
462 4652 489 4661 -
516 4628 540 4678 8.
559 4639 593 4676 en
616 4628 663 4676 hoc
683 4627 745 4676 arbe
766 4625 843 4676 obelo
867 4628 966 4676 notavit
982 4628 1110 4678 Patricius
1135 4654 1162 4663 -
1190 4629 1229 4678 tn.
1248 4628 1297 4678 Sed
1312 4629 1338 4678 in
1354 4629 1399 4678 hoc
1414 4633 1497 4678 temen
1513 4631 1627 4680 Pmtsmo

300 4705 429 4768 ignoscens
445 4702 503 4751 cod.
525 4703 628 4753 Hotom.
648 4728 674 4738 —
694 4708 792 4752 tantem
809 4702 948 4753 Patricius:
973 4704 1073 4752 tandem
1095 4700 1172 4752 codd.
1191 4701 1262 4760 rell.;
1286 4708 1369 4753 temen
1386 4704 1406 4753 0
1425 4730 1451 4739 —
1476 4704 1516 4754 tt.
1534 4704 1561 4753 in
1578 4719 1627 4766 qun

302 4779 345 4830 ed.
363 4780 431 4829 lunt.
448 4781 475 4827 et
492 4777 625 4827 Muretus:
644 4790 692 4839 qno
709 4777 830 4831 EGSV;
849 4778 892 4837 qai
910 4778 943 4833 U;
962 4789 1039 4837 qaam
1056 4775 1136 4827 Klotz.
1152 4804 1178 4812 -
1199 4779 1238 4828 ⁴3.
1257 4779 1360 4840 tyranni
1376 4780 1437 4832 SM:
1456 4784 1480 4829 et
1495 4781 1628 4840 tyrannide

301 4856 321 4905 Ε
339 4856 366 4903 et
384 4852 413 4901 V·
420 4865 460 4915 pr.
479 4864 516 4902 m.
537 4877 565 4889 -
588 4851 616 4902 in
631 4853 798 4902 munimen
810 4852 948 4913 accepimus
968 4864 1022 4901 om.
1041 4852 1090 4903 Etl
1107 4855 1133 4902 et
1149 4852 1164 4902 3
1181 4853 1244 4902 Oxx.
1264 4855 1355 4917 (CSx)
1375 4877 1406 4894 -ι
1427 4853 1466 4905 tl.
1485 4855 1628 4918 insidiisque

301 4943 333 4980 v:
351 4927 596 4988 recusemusque
614 4928 757 4989 (inuiaque
773 4927 827 4987 ssi
845 4927 921 4976 osv
939 4929 967 4976 et
983 4927 1029 4976 ox.
1049 4937 1088 4988 ψ,
1108 4928 1166 4978 tort.
1181 4916 1364 4990 ermerannus
1379 4931 1406 4978 n
1421 4931 1517 4980 inians
1535 4957 1562 4967 -
1580 4946 1627 4981 ca-

300 5005 410 5054 listenem
426 5003 443 5052 S
462 5028 489 5038 -
513 5002 554 5051 sc.
573 5006 672 5052 stante
691 5015 723 5051 nc
739 5014 793 5050 om.
812 5002 860 5051 SE
880 5028 905 5036 -
931 5015 1008 5061 quam
1025 5000 1182 5065 Madvigius:
1204 5003 1302 5053 Athenis
1322 5018 1399 5066 quom
1418 5005 1495 5055 codd.
1516 5009 1542 5056 et
1559 5007 1579 5056 0
1597 5032 1624 5042 -

300 5084 410 5145 genennt
426 5078 567 5128 Graevius:
593 5082 714 5140 egesserat
738 5076 797 5126 cod.
817 5077 933 5133 Prnncii;
957 5078 1092 5140 digesserat
1111 5078 1189 5128 codd.
1210 5079 1280 5137 rell.;
1304 5078 1389 5142 [quom
1405 5095 1428 5130 c.
1447 5081 1589 5145 digesserat]
1607 5082 1627 5131 0

303 5168 364 5207 cnm
384 5154 502 5203 Ernestio
522 5179 548 5188 -
570 5154 610 5203 tn.
629 5151 712 5203 verba
731 5153 774 5213 qui
790 5152 858 5201 Plini.
875 5154 998 5202 vocitatus
1014 5160 1049 5203 est
1066 5155 1154 5217 spuria
1171 5154 1302 5204 videntur.
1320 5155 1411 5205 -illc
1429 5169 1490 5205 nos:
1509 5157 1562 5206 loco
1578 5158 1627 5210 Eli

301 5231 337 5292 V,
356 5229 370 5280 t
388 5231 468 5288 Orx.;
492 5230 539 5279 isto
560 5229 606 5278 SO
630 5255 655 5263 -
681 5228 799 5290 Aegyptio
817 5228 879 5277 CG:
904 5229 1007 5290 Acpppri
1024 5227 1071 5278 hO
1090 5253 1116 5263 -
1140 5229 1180 5278 in.
1199 5231 1271 5278 huius
1292 5231 1368 5291 ipsius
1384 5243 1445 5279 uos:
1469 5231 1541 5280 huius
1557 5233 1627 5282 istius

302 5304 380 5356 codd.
400 5307 425 5354 et
443 5305 462 5354 0
481 5303 536 5365 (sed
554 5305 574 5353 Τ
591 5316 643 5352 om.
662 5304 756 5364 heins);
774 5305 846 5351 huius
860 5305 1004 5364 posterioris
1022 5303 1135 5353 Weiske.
1161 5305 1259 5354 Vitiosa
1276 5305 1423 5355 eorundem
1440 5309 1627 5369 pronominum

303 5381 453 5432 coniunctio
471 5380 496 5428 in
513 5377 595 5428 Plauti
612 5378 708 5429 Pseud.
728 5379 751 5436 Ι,
771 5379 795 5437 3,
810 5378 857 5428 tw
876 5385 946 5427 «nint
962 5393 1018 5428 mea
1033 5379 1094 5428 haec
1110 5380 1172 5428 istos
1191 5394 1261 5430 nunc
1279 5394 1310 5430 ex
1328 5380 1387 5430 cod.
1401 5380 1493 5431 Amhr.
1507 5387 1627 5433 correcta

303 5458 353 5507 est.
374 5482 399 5491 -
418 5454 550 5508 strunium
565 5454 611 5502 itin
626 5455 679 5503 iem
695 5456 806 5517 scripsi:
824 5455 954 5504 stultitiam
969 5455 1030 5504 meli
1047 5455 1100 5502 inm
1116 5455 1169 5503 iam
1186 5455 1278 5516 codd.;
1297 5455 1426 5505 stnhitiom
1441 5458 1525 5506 maier
1540 5459 1627 5508 inmo
1726 5500 1730 5509 .

303 5545 335 5582 ex
352 5533 418 5582 lunt.
444 5531 528 5580 Minus
545 5526 630 5593 placet
647 5528 718 5592 quod
735 5531 798 5580 item
815 5531 841 5579 in
863 5532 981 5579 mentem
1003 5531 1196 5579 venustatis
1218 5532 1283 5590 iem,
1307 5533 1336 5580 nt
1358 5529 1501 5593 Madvigius
1518 5545 1626 5594 quoque

303 5606 449 5670 proposuit.
469 5631 495 5640 -
518 5604 559 5653 at.
577 5608 606 5653 ot
621 5605 648 5652 in
664 5604 708 5652 hoc
725 5606 743 5657 U
762 5630 789 5639 -
812 5604 910 5666 focinus
926 5604 1046 5654 Ernestic
1064 5608 1171 5654 auctore
1188 5604 1354 5656 seclusimus.
1375 5631 1401 5641 -
1421 5607 1461 5655 ii.
1479 5609 1534 5669 sepi
1549 5619 1575 5655 se
1591 5609 1624 5658 ll:

302 5693 329 5729 se
344 5692 398 5729 om.
417 5677 495 5729 codd.
513 5679 587 5741 rell.;
607 5680 666 5730 tort.
683 5691 708 5730 ss
723 5681 777 5744 regi
793 5708 826 5717 -
843 5681 883 5731 23.
901 5696 951 5732 non
968 5687 1020 5731 tam
1037 5682 1199 5731 Hotomanus
1216 5694 1249 5729 ex
1266 5680 1357 5730 codice
1370 5681 1398 5743 tt)
1417 5693 1481 5731 suo:
1504 5694 1554 5730 non
1570 5694 1624 5732 cm.

305 5753 383 5807 codd.
402 5756 456 5804 noti
473 5755 550 5819 proh.
563 5756 678 5806 Ferentio
696 5757 772 5821 epist.
785 5756 833 5814 Vl,
852 5757 877 5814 8,
889 5757 913 5805 s.
930 5782 957 5792 -
977 5756 1017 5805 ai.
1036 5768 1061 5804 se
1077 5754 1182 5805 inclusit
1192 5753 1270 5805 Orelli
1286 5757 1359 5804 ratus
1376 5767 1392 5804 a
1409 5756 1500 5808 50xx.
1513 5755 1623 5815 abesse3

303 5833 332 5880 at
346 5829 425 5880 abest
440 5829 474 5880 nh
491 5831 532 5881 his
548 5844 628 5896 supra
645 5845 671 5880 v.
688 5831 734 5892 Ξῖ,
752 5828 879 5880 hocloco
896 5844 912 5881 a
928 5829 984 5882 solo
1001 5829 1153 5882 Franciano.
1171 5854 1198 5866 -
1223 5830 1264 5881 28.
1281 5836 1391 5893 sumente
1408 5836 1482 5894 mons
1498 5836 1625 5882 cmtrocto

303 5916 334 5954 a:
350 5909 489 5968 montem
504 5909 579 5969 utque
593 5909 748 5957 contractam
764 5903 843 5954 codd.
