3800 7350
649 1270 722 1335 cn.
744 1267 1006 1334 xxo-xxm.
1034 1263 1080 1352 ss
1101 1266 1247 1332 et-er.
1525 1248 1608 1325 roto

291 1440 386 1503 verbu
414 1440 604 1522 cognoscite.
644 1438 749 1502 Recito
775 1440 810 1505 L.
831 1439 945 1503 Luccei
967 1438 1191 1501 testimonium.
1224 1436 1309 1513 Quid
1329 1432 1521 1519 exspectetis
1541 1451 1607 1495 em·

290 1532 394 1615 plius?
417 1551 457 1594 un
478 1531 617 1615 aliquam
639 1552 748 1596 rocem
770 1534 886 1616 putetis
907 1533 1008 1616 iprum
1023 1551 1081 1615 pro
1096 1551 1131 1594 ne
1145 1549 1273 1594 causum
1287 1536 1321 1593 et
1334 1527 1496 1592 veritatem
1512 1544 1606 1611 posse

290 1626 435 1688 mittero?
463 1625 549 1688 llaec
570 1632 619 1688 ecl
639 1627 837 1690 innocentiae
858 1624 1018 1699 defensio,
1040 1621 1119 1689 boec
1139 1624 1241 1708 ipsius
1262 1641 1376 1687 cnuenc
1390 1623 1507 1697 oratio,
1527 1621 1607 1684 boec

287 1738 352 1781 nnn
378 1738 443 1782 vor
468 1719 618 1782 veritatis.
661 1722 696 1782 ln
726 1719 857 1783 crimine
885 1720 956 1804 ipso
984 1718 1072 1782 nulle
1100 1718 1235 1802 euspicio
1257 1723 1320 1791 est,
1346 1716 1381 1779 in
1402 1730 1436 1774 re
1457 1706 1537 1772 nihil
1558 1711 1608 1768 etl

287 1814 479 1896 argumenti,
508 1812 542 1875 in
564 1814 699 1895 negotio,
721 1812 809 1898 quod
831 1821 934 1877 ectum
957 1832 1027 1876 esee
1049 1812 1179 1886 dicitur,
1210 1810 1332 1875 nullum
1354 1803 1520 1887 vestigium
1542 1811 1631 1863 ter-⁸

288 1908 408 1981 monis,
440 1907 518 1980 loci,
549 1909 714 1991 temporis:
743 1922 836 1971 nemo
855 1908 959 1982 tectis,
986 1926 1079 1971 nemo
1109 1905 1254 1969 ooneciut
1280 1902 1476 1969 nominetur:
1507 1901 1607 1958 totum

286 2002 406 2063 crimen
427 2000 588 2084 profertur
600 2019 641 2063 ex
654 2000 791 2074 inimice,
806 2020 846 2064 ex
859 2000 979 2075 insumi,
994 2019 1036 2064 ex
1050 1999 1181 2073 crudeli,
1202 2017 1245 2062 ex
1263 1996 1454 2068 facinoroso,
1474 2009 1515 2053 ex
1536 1985 1608 2050 libi·

286 2092 400 2156 dinorn
419 2093 534 2157 domo:
564 2093 677 2156 domuc
698 2102 804 2156 nutem
825 2093 894 2168 illu,
919 2113 1004 2179 quac
1029 2100 1148 2157 tentata
1171 2111 1242 2156 ecoe
1263 2090 1382 2155 ccciccc
1402 2088 1464 2151 into
1485 2081 1608 2148 nefario

286 2187 416 2260 dicitnr,
440 2188 536 2270 plenu
556 2194 606 2250 est
626 2187 823 2269 integritatis,
844 2186 1016 2270 dignitatis,
1037 2182 1145 2261 officii,
1165 2183 1344 2269 religionis:
1367 2202 1408 2245 ex
1428 2199 1493 2264 qun
1513 2176 1608 2239 domo

285 2279 434 2343 recitetur
455 2281 544 2344 vobio
566 2282 634 2343 iure
656 2280 789 2343 iurundo
805 2279 952 2343 devincta
973 2277 1158 2344 ondoniton:
1179 2286 1216 2342 ut
1229 2295 1280 2342 ree
1294 2277 1422 2342 minime
1435 2268 1646 2338 dubitandam
1723 2309 1727 2317 ·

285 2372 320 2436 in
342 2375 543 2438 contentione
565 2383 716 2459 ponatur,
745 2384 847 2437 utrum
870 2375 1052 2447 temeraria,
1081 2392 1216 2457 procax,
1242 2373 1323 2436 irnla
1343 2368 1458 2434 mulier
1476 2362 1608 2429 bnxiree

286 2468 421 2542 crimen,
448 2486 488 2530 nn
518 2469 635 2552 guvia,
665 2468 790 2553 cupiens
821 2466 1065 2551 moderaturque
1086 2467 1137 2531 vir
1159 2465 1306 2550 religiose
1327 2460 1539 2529 testimonium
1561 2454 1608 2519 di·

285 2561 373 2625 xime
395 2561 547 2626 videatur.
1454 2608 1458 2614 .

370 2655 486 2717 xxllt.
508 2654 559 2718 56.
589 2658 756 2742 llcliquom
785 2665 834 2722 eet
861 2656 960 2740 igitur
985 2657 1104 2720 crimen
1126 2655 1166 2719 de
1187 2673 1328 2729 veneno,
1358 2652 1445 2716 cuine
1466 2666 1526 2733 ege
1548 2665 1606 2711 nec

285 2749 474 2834 principium
503 2750 645 2813 invenire
675 2771 781 2835 neque
809 2750 955 2816 evolvere
987 2751 1107 2814 exitum
1141 2768 1281 2834 porrum.
1324 2748 1414 2823 Once
1441 2745 1503 2809 mit
1522 2742 1644 2806 enimtt

285 2863 393 2917 muru,
424 2862 520 2927 quem
543 2843 671 2908 obrem
696 2844 749 2907 isti
771 2844 896 2909 mulieri
917 2864 1074 2908 venenum
1096 2844 1171 2908 dure
1192 2844 1288 2909 vellet
1308 2842 1456 2906 Caelius?
1483 2839 1530 2901 lle
1551 2855 1607 2899 eu·

284 2957 353 3000 rum
368 2936 539 2999 redderet?
561 2958 636 3002 num
653 2939 786 3022 petivit?
806 2940 853 3001 Ne
867 2940 985 3001 crimen
999 2938 1166 3003 haereret?
1189 2936 1353 3022 numquis
1373 2933 1509 2998 obiecit?
1530 2949 1606 2994 num

283 3032 355 3116 quic
379 3029 518 3115 denique
539 3030 666 3096 fecisset
688 3034 899 3107 mentionem,
922 3033 948 3095 ei
970 3032 1022 3095 bic
1043 3032 1161 3110 nullius
1181 3050 1297 3096 nomen
1313 3029 1499 3094 detulisset?
1520 3024 1607 3101 Quin

284 3126 380 3189 etium
402 3124 597 3189 Herennium
620 3127 724 3190 dicere
747 3126 897 3201 audietis,
918 3126 1015 3191 verbo
1038 3146 1072 3189 se
1095 3126 1262 3191 molestum
1277 3143 1341 3189 nou
1355 3125 1496 3188 futurum
1509 3119 1607 3183 brisce

284 3218 409 3294 Coelio,
432 3219 492 3282 niri
513 3218 627 3282 iterum
649 3221 758 3283 eudem
782 3221 821 3283 de
841 3241 875 3283 re
897 3239 956 3284 cuo
978 3220 1124 3284 familiari
1139 3220 1285 3284 absoluto
1306 3237 1425 3286 nomen
1444 3213 1498 3279 bic
1517 3214 1646 3277 dete-to

283 3313 381 3377 lieret.
422 3312 579 3377 Credibile
601 3322 650 3377 est
674 3315 770 3397 igitur
789 3322 910 3378 tuntum
931 3313 1055 3377 fucinus
1078 3314 1119 3378 ob
1143 3314 1261 3377 nubam
1282 3326 1409 3378 censam
1430 3329 1501 3374 esce
1522 3326 1608 3371 com·

284 3406 439 3470 mireuml
462 3415 493 3469 et
514 3427 572 3470 vor
594 3428 658 3471 non
676 3408 790 3472 videtis
812 3408 889 3491 fingi
911 3408 1037 3472 sceleris
1059 3409 1189 3471 maximi
1209 3407 1339 3482 crimen,
1360 3414 1396 3470 ut
1417 3423 1509 3470 cocco
1530 3401 1608 3465 ulte·

284 3500 348 3561 rins
377 3499 507 3564 sceleris
539 3502 733 3585 suscipiendi
765 3502 865 3565 inisse
890 3502 1059 3567 videntur?
1102 3498 1153 3564 57.
1177 3501 1236 3565 (lui
1266 3500 1405 3586 denique
1432 3496 1607 3563 commisitt

283 3612 348 3677 quo
370 3592 515 3658 adiutore
537 3615 614 3658 uene
635 3599 708 3658 ceti
729 3615 794 3680 qno
810 3598 920 3660 oocioi
943 3615 1008 3681 quo
1023 3597 1174 3660 consciol
1196 3596 1244 3658 cui
1261 3602 1385 3658 tentum
1398 3594 1536 3666 fucinus,
1558 3588 1608 3655 eui

283 3707 335 3763 re,
363 3689 414 3751 cui
441 3690 574 3753 sulutem
602 3708 691 3752 enam
721 3691 877 3755 credidit?
906 3691 1055 3754 Serviane
1083 3690 1247 3754 mulieris?
1276 3691 1322 3755 elc
1343 3690 1427 3754 enim
1449 3687 1645 3751 obtecmmrr

282 3791 339 3846 ert
371 3782 413 3845 Et
434 3792 502 3846 erut
521 3792 585 3847 tem
607 3784 738 3848 (lemene
759 3780 828 3860 bic,
850 3786 901 3849 cni
923 3804 981 3849 roo
1003 3785 1166 3872 ingenium
1189 3790 1273 3848 certe
1294 3784 1448 3857 tribuitis,
1469 3782 1564 3845 etium
1579 3778 1606 3842 ei

282 3885 388 3940 cetero
407 3877 536 3942 inimico
557 3880 699 3942 oratione
721 3878 902 3955 detrahitis,
924 3887 961 3944 ut
982 3898 1094 3943 omueo
1115 3897 1188 3943 suno
1208 3877 1353 3943 fortunus
1373 3876 1486 3942 ulienir
1507 3873 1607 3940 rerrir

283 3972 509 4035 committeret?
532 3974 572 4036 tt
586 3972 702 4056 quibus
718 3974 839 4036 serviri
860 3973 958 4037 refert
972 3975 1057 4038 enim
1071 3992 1186 4055 magno
1201 3990 1299 4056 opere
1320 3971 1354 4035 id
1373 3973 1492 4056 iprnmr
1514 3969 1607 4044 iisne,

283 4085 363 4150 quor
391 4066 590 4149 intelligebat
618 4076 683 4129 non
714 4067 871 4131 commoni
894 4068 1075 4137 conditione
1096 4067 1253 4131 servitutis
1274 4066 1338 4140 uti,
1368 4065 1423 4129 red
1451 4065 1607 4147 licentius,

282 4161 427 4235 liberine,
450 4160 637 4225 familiarius
660 4181 731 4224 cum
754 4162 883 4227 dominu
904 4163 1034 4227 vivere?
1057 4161 1137 4238 Quis
1158 4162 1244 4225 enim
1264 4160 1326 4224 boc
1346 4178 1412 4223 non
1434 4158 1537 4233 videt,
1558 4157 1645 4220 itt-⁸⁰

281 4254 385 4329 dicer,
408 4263 461 4317 aut
485 4255 559 4339 quie
580 4256 719 4338 ignoret,
742 4257 776 4318 in
798 4257 867 4319 elue
889 4257 976 4320 modi
992 4255 1105 4331 domo,
1128 4257 1161 4318 in
1184 4273 1248 4338 qun
1270 4263 1369 4318 muter
1387 4253 1521 4318 iumiliun
1542 4270 1607 4315 me·

282 4349 409 4413 retricio
432 4369 518 4412 more
541 4349 641 4423 vivat,
663 4350 695 4412 in
719 4369 783 4434 qun
804 4350 884 4412 nibil
907 4356 1033 4432 geretur
1054 4349 1141 4433 qnod
1159 4348 1245 4413 forus
1259 4347 1487 4432 proieruudum
1502 4345 1551 4420 rit,
1573 4345 1605 4408 in

347 4619 371 4668 4.
389 4619 468 4668 redte
488 4618 549 4669 l'l’:
572 4617 674 4668 reciaco
694 4618 745 4668 EG
767 4646 791 4654 -
815 4620 844 4669 4.
862 4619 950 4670 Luccei
969 4619 1134 4670 testiinonium
1150 4619 1184 4670 l':
1208 4619 1372 4671 meconion
1387 4619 1463 4670 lucret
1480 4618 1560 4683 (lecrii
1576 4618 1605 4682 G)

282 4695 346 4754 PG3
364 4693 530 4745 testimouium
545 4692 574 4743 4..
593 4692 690 4743 lucerii
707 4692 888 4757 [rnsrrnonron
902 4694 1012 4760 noccrrr]
1030 4696 1050 4745 0
1068 4721 1095 4731 -
1121 4695 1256 4758 eouerwic
1271 4695 1319 4746 ΤΡ
1338 4722 1365 4731 -
1382 4696 1408 4747 2.
1424 4709 1520 4761 norm
1533 4709 1608 4758 prore

282 4773 320 4832 (ro
337 4770 363 4820 ln
380 4782 444 4827 rus..
463 4781 496 4818 ex
509 4781 593 4830 porse,
612 4771 642 4818 ut
653 4767 765 4829 videtur)
777 4769 874 4819 minore
890 4771 948 4819 P-
969 4769 993 4820 4.
1011 4770 1038 4818 in
1054 4783 1082 4819 rc
1098 4770 1190 4820 TEG:
1208 4771 1235 4820 in
1251 4783 1297 4820 reo
1313 4771 1342 4832 P,
1360 4769 1421 4822 ndd.
1435 4773 1450 4822 2
1462 4784 1498 4823 m.
1511 4776 1534 4822 ct
1545 4772 1606 4821 ente

281 4847 308 4895 in
324 4856 383 4909 sup.
396 4842 441 4894 lin.
457 4870 482 4881 -
503 4843 526 4893 8.
540 4848 661 4904 impleto
677 4857 726 4893 erse
742 4843 774 4893 T:
794 4843 990 4905 tcmptotoEP’,
1008 4849 1101 4906 tommo
1117 4844 1158 4906 1²¹,
1176 4847 1328 4896 teutotoGO
1342 4875 1369 4884 -
1388 4845 1412 4897 9.
1430 4846 1605 4911 dianitottc'l':

280 4933 334 4971 om.
348 4917 426 4969 codd.
439 4917 496 4968 rell.
510 4944 537 4955 -
556 4918 621 4980 offici
639 4919 696 4967 P-
716 4920 953 4982 ttflocmmep—
968 4918 1007 4970 44.
1021 4920 1211 4971 relicuomP-
1228 4922 1317 4972 ncc'l:
1333 4920 1502 4986 domnoque
1517 4921 1604 4980 EGO;

281 4989 321 5044 idi
338 4995 368 5044 1¹¹
386 5019 413 5029 -
432 4993 472 5042 45,
491 4992 605 5042 euoluere
620 4991 679 5041 TS:
701 4993 802 5043 colum
818 4993 895 5042 PEG
916 5019 941 5027 -
967 4992 1007 5043 46.
1025 5008 1130 5046 coucam
1145 4994 1173 5047 1³¹
1191 5023 1220 5034 -
1239 4997 1301 5048 dore
1316 4997 1389 5047 uellet
1404 4998 1437 5049 l':
1457 4997 1530 5048 cedet
1545 4998 1607 5047 dore

281 5067 379 5119 PEGO
393 5093 420 5103 -
439 5066 480 5116 ll.
498 5064 593 5116 irroret
609 5067 644 5121 P;
661 5064 762 5116 baberet
779 5067 835 5116 l'-
857 5067 896 5116 l8.
915 5068 1008 5118 notius
1023 5071 1056 5120 t:
1074 5073 1167 5122 wirici
1183 5070 1261 5123 codd.
1280 5070 1336 5123 rell.
1355 5072 1383 5122 el
1398 5072 1427 5122 0.
1445 5072 1608 5136 spreverunt

281 5143 396 5193 editores
413 5141 540 5206 optimum
558 5139 698 5191 lectionem
716 5139 895 5206 palimpsestt,
920 5156 982 5194 cnm
999 5154 1062 5195 mox
1078 5148 1220 5210 sequetur:
1244 5147 1310 5198 uiri.
1324 5184 1330 5198 .
1342 5185 1348 5197 .
1360 5159 1405 5197 ruo
1419 5146 1543 5209 smndiori
1559 5144 1606 5194 ob-

280 5218 360 5268 rmum
375 5228 465 5266 comen
480 5215 520 5264 bic
536 5215 665 5265 mutiret.
692 5217 746 5266 Nec
762 5218 852 5266 tamen
870 5229 982 5269 neccsse
1000 5224 1058 5271 eret
1074 5224 1210 5272 utomtor
1225 5224 1339 5288 utroque
1355 5219 1415 5273 loco
1431 5221 1527 5273 eedem
1544 5232 1607 5271 ver-

281 5291 378 5342 borum
401 5292 533 5342 rtmcture
556 5293 684 5340 uteretur.
704 5317 731 5327 —
759 5292 800 5342 te.
819 5292 847 5342 L.
865 5293 1016 5345 Herennium
1032 5295 1052 5346 0
1070 5309 1131 5346 cum
1154 5293 1291 5348 Lemblno.
1312 5323 1340 5334 -
1365 5309 1391 5348 ce
1405 5295 1482 5347 uerbo
1496 5295 1557 5347 ccl·
1576 5319 1603 5331 -

280 5368 394 5432 ΝΜ
410 5365 488 5416 coelo
505 5365 538 5423 Τ,
558 5365 633 5416 cuius
651 5365 744 5429 iregm.
763 5367 789 5416 in
805 5366 847 5418 bls
859 5368 948 5420 verbio
966 5368 1070 5420 desinit.
1095 5371 1194 5422 Probet
1209 5371 1279 5423 benc
1296 5371 1439 5423 lectionem
1450 5371 1605 5434 lemnius,

281 5452 334 5493 non
357 5442 475 5505 cogitans
495 5439 637 5492 verisimile
661 5453 721 5492 csse
744 5454 860 5507 sequens
878 5441 968 5495 lolium
985 5458 1000 5494 e
1018 5444 1101 5496 verbo
1116 5446 1192 5510 mou
1206 5447 1352 5512 incepisse.
1373 5447 1403 5498 ut
1417 5441 1555 5511 probabile
1572 5447 1606 5508 olt

282 5518 437 5567 Ciceronem
458 5517 614 5581 scripotsee:
640 5529 691 5565 coc
710 5517 826 5579 primm
847 5517 931 5568 coelio
946 5519 1030 5580 sulm.
1051 5547 1078 5557 -
1103 5520 1145 5571 20.
1162 5534 1210 5571 erro
1226 5523 1264 5582 G;
1289 5523 1328 5572 roi
1346 5522 1482 5586 smrrilioris
1499 5521 1606 5571 absum

282 5592 471 5656 Pentngntbue3
490 5593 517 5641 et
534 5602 558 5640 v.
578 5591 603 5640 in
620 5591 695 5640 Verr.
714 5591 750 5651 14,
769 5590 784 5653 3
802 5590 843 5642 68.
862 5592 888 5642 ln
907 5593 957 5643 l'is.
976 5592 991 5656 5
1008 5594 1049 5644 82.
1070 5622 1096 5631 —
1116 5596 1157 5645 24.
1176 5595 1206 5646 ob
1221 5594 1317 5647 nedem
1333 5597 1368 5648 c:
1386 5597 1482 5647 nobem
1497 5595 1527 5646 ob
1543 5596 1602 5645 0-

281 5681 331 5719 erre
346 5680 400 5718 orn.
418 5667 439 5717 E
458 5692 484 5701 —
503 5665 545 5716 tl.
563 5677 642 5715 cnoro
657 5664 761 5715 durior
777 5678 843 5716 uos:
861 5679 940 5716 como
956 5680 1010 5718 om.
1023 5669 1115 5728 PEG3
1133 5670 1236 5721 ollem
1251 5672 1402 5732 coruos&
1421 5670 1605 5722 bumbcoero

282 5744 343 5793 ente
358 5740 475 5792 cidem
490 5738 629 5806 supplevit.
645 5766 671 5776 —-
691 5741 733 5791 26.
751 5746 786 5791 erl
801 5754 855 5792 om.
868 5742 958 5801 PEG;
980 5740 1040 5792 lori.
1053 5743 1089 5794 ric
1105 5750 1140 5794 ert
1155 5745 1219 5795 enim
1235 5745 1363 5797 obiectum.
1378 5773 1405 5784 -
1423 5745 1543 5796 indubiis
1556 5746 1603 5798 EG

284 5843 311 5854 -
329 5816 463 5867 blembis
479 5818 568 5868 PG-
587 5817 629 5868 2⁸.
647 5821 675 5866 ot
691 5815 735 5867 με
754 5816 788 5866 cd
804 5816 874 5866 1³¹-
893 5818 1127 5882 mocreoperctd:
1143 5823 1438 5886 monnopcrel’sstl'-
1455 5822 1604 5875 iimebnm

281 5888 373 5942 blnnr:
391 5889 495 5942 mcccc
514 5916 541 5927 -
560 5893 600 5942 29.
619 5892 761 5943 mimos:
785 5897 874 5943 murel
890 5892 969 5944 PEG
986 5920 1014 5929 —
1033 5893 1074 5946 34.
1093 5895 1264 5958 ordilonorot
1280 5895 1603 5966 (lt-oolrllorlancrnto

280 5989 308 6001 -
327 5964 367 6016 32.
384 5966 456 6030 {croc
471 5979 525 6018 om.
538 5966 586 6019 EG
604 5991 631 6005 ·-
647 5968 829 6031 proterendum
845 5963 887 6020 1³¹:
903 5968 1068 6035 orbim
1082 5964 1125 6032 P¹3
1140 5968 1318 6042 proferam
1332 5969 1362 6022 0.
