3800 7350
306 1198 388 1271 illd
609 1205 759 1273 ORATIO
780 1206 859 1272 PRO
882 1205 916 1272 G.
936 1207 1101 1273 RABIRIO
1123 1205 1314 1272 Postumo

390 1377 459 1442 XV.
480 1372 531 1441 ll.
552 1378 669 1441 Verum
697 1383 820 1451 autem,
856 1375 993 1451 iudices,
1024 1377 1052 1440 si
1080 1379 1159 1441 scire
1187 1376 1299 1442 vultis:
1332 1377 1395 1441 nisi
1424 1377 1457 1442 C.
1480 1378 1627 1445 &osefis
1695 1379 1701 1395 ¹

306 1490 429 1538 summa
448 1471 480 1533 in
496 1490 615 1547 omnes,
636 1471 829 1535 incredibilis
851 1472 884 1535 in
906 1472 990 1534 huuc
1005 1470 1027 1551 †
1043 1470 1152 1534 eadem
1175 1470 1346 1535 liberalitas
1362 1472 1545 1548 exstitisset,
1566 1494 1627 1539 nos

304 1566 389 1630 huuc
414 1566 476 1629 iam
503 1565 628 1649 pridem
655 1566 687 1629 in
714 1565 783 1629 ioro
810 1548 872 1629 nori
899 1565 1097 1628 haberemus.
1132 1564 1189 1627 Ille
1218 1585 1314 1628 onera
1340 1566 1509 1630 multorum
1529 1567 1628 1632 huius

304 1661 476 1725 amicorum
498 1660 624 1741 excepit
643 1680 742 1733 unus,
765 1677 909 1742 quaeque
932 1658 1021 1722 multi
1043 1658 1189 1721 homines
1211 1658 1382 1722 necessarii
1405 1659 1553 1725 secundis
1567 1663 1629 1726 Po·

280 1753 398 1817 estumi
426 1753 520 1816 rebus
542 1752 701 1835 descripta
723 1751 954 1827 sustinuerunt,
983 1772 1067 1815 nunc
1089 1753 1157 1814 eius
1179 1750 1304 1816 afflictis
1325 1752 1459 1816 fortunis
1481 1756 1629 1819 universa

304 1847 445 1913 sustinet.
484 1847 629 1910 Umbram
657 1846 773 1929 equitis
803 1847 936 1909 Romani
959 1854 991 1909 et
1015 1846 1184 1928 imaginem
1205 1845 1338 1921 videtis,
1366 1847 1503 1922 iudices,
1532 1849 1629 1912 unius

303 1942 396 2008 emisi
424 1950 640 2006 conservatam
671 1940 791 2005 auxilio
820 1946 852 2002 et
873 1936 945 2002 fide.
991 1939 1075 2002 Nihil
1097 1939 1172 2002 huic
1194 1939 1274 2021 eripi
1296 1947 1400 2023 potest
1420 1947 1546 2023 praeter
1566 1941 1630 2004 hoc

303 2035 507 2100 simulacrum
528 2035 679 2119 pristinae
702 2034 880 2116 dignitatis,
902 2032 986 2116 qnod
1010 2032 1044 2096 C.
1060 2033 1174 2096 Caesar
1195 2034 1281 2096 solus
1304 2041 1409 2098 tuetur
1423 2041 1455 2096 et
1475 2035 1630 2098 sustinet:

301 2149 386 2213 quae
409 2129 537 2214 quidem
559 2129 592 2191 in
615 2129 795 2192 miserrimis
817 2128 911 2191 rebus
935 2126 1007 2191 huic
1022 2135 1127 2191 tamen
1143 2128 1311 2191 tribuenda
1325 2128 1461 2190 maxima
1475 2138 1533 2192 est.
1561 2130 1631 2193 Nisi

268 2233 382 2287 toreio
411 2222 474 2287 hoc
502 2223 654 2287 mediocri
684 2224 798 2286 virtute
829 2219 911 2285 ellici
939 2229 1061 2305 potest,
1092 2229 1127 2283 ut
1155 2228 1259 2285 tantus
1289 2221 1342 2285 ille
1365 2221 1413 2283 vir
1434 2226 1515 2288 tanti
1536 2224 1633 2288 ducat

303 2316 406 2393 huuc,
428 2316 579 2382 afflictum
601 2317 785 2400 praesertim
809 2323 841 2380 et
861 2312 1041 2390 absentem,
1064 2324 1096 2379 ct
1118 2317 1150 2378 iu
1166 2325 1252 2379 tanta
1267 2312 1394 2378 fortuna
1409 2336 1482 2391 sua,
1504 2322 1540 2379 nt
1553 2315 1633 2379 alie·

303 2430 377 2474 nam
406 2411 565 2494 respicere
592 2431 741 2494 magnum
769 2412 827 2486 sit,
856 2418 888 2474 et
917 2418 1004 2473 tanta
1033 2410 1241 2492 occupatione
1271 2409 1478 2473 maximarum
1506 2430 1632 2487 rerum,

305 2524 385 2590 quas
407 2506 488 2589 gerit
508 2514 603 2591 atque
625 2506 738 2588 gessit,
759 2514 795 2568 ut
817 2504 958 2569 oblivisci
980 2504 1115 2567 aliorum
1137 2524 1201 2567 non
1223 2504 1264 2565 sit
1284 2504 1398 2565 mirum
1421 2499 1501 2586 [vel,
1523 2504 1550 2567 si
1564 2524 1633 2568 me·

305 2600 441 2675 minerit,
463 2600 595 2664 oblitum
618 2600 710 2663 etiam
731 2599 823 2664 facile
838 2600 938 2683 possit
954 2592 1110 2682 probare].
1143 2593 1194 2659 ti.
1209 2597 1323 2660 untias
1338 2596 1485 2678 equidem
1503 2598 1536 2661 C.
1552 2598 1634 2662 Cae·

269 2694 386 2758 struis
407 2694 555 2769 virtutes,
578 2713 706 2777 magnas
728 2692 993 2778 incredibilesque
1013 2693 1163 2776 cognovi,
1185 2691 1240 2755 sed
1264 2697 1338 2755 suut
1359 2698 1482 2755 ceterae
1504 2691 1633 2755 maiori·

305 2785 365 2850 bus
387 2789 478 2871 quasi
500 2788 629 2852 theatris
651 2788 831 2872 propositae
854 2797 885 2852 et
906 2807 1007 2871 paene
1029 2786 1211 2870 populares.
1249 2785 1366 2849 Castris
1387 2785 1489 2849 locum
1505 2805 1632 2868 capere,

305 2883 478 2946 exercitum
506 2882 678 2957 instruere,
706 2902 886 2966 expugnare
911 2882 1023 2956 urbes,
1051 2882 1150 2944 aciem
1177 2881 1315 2944 hostium
1344 2880 1526 2964 profligare,
1549 2883 1633 2943 hanc

305 2971 368 3036 vim
397 2973 550 3058 frigorum
573 2976 790 3059 hiemumque,
818 2996 911 3060 quam
933 2996 992 3039 nos
1015 2976 1068 3039 vix
1089 2974 1184 3039 buius
1206 2974 1292 3037 urhis
1314 2974 1405 3036 tectis
1427 2974 1632 3050 sustinemus,

307 3068 470 3153 excipere,
492 3068 532 3131 iis
554 3068 632 3151 ipsis
655 3069 765 3133 diebus
787 3068 910 3134 hostem
933 3071 1099 3153 persequi,
1122 3091 1193 3133 eum
1212 3069 1307 3132 etiam
1328 3067 1414 3131 ferae
1436 3068 1573 3133 latibulis
1597 3089 1633 3133 se

269 3167 415 3246 integant
442 3168 536 3246 atque
565 3164 670 3226 omnia
697 3162 778 3226 bella
811 3164 879 3228 iure
908 3166 1046 3248 gentium
1076 3164 1317 3246 conquiescant:
1347 3167 1422 3223 sunt
1443 3180 1481 3224 ea
1502 3160 1633 3246 quidem

307 3275 435 3337 magna,
464 3257 537 3340 quis
560 3260 675 3339 negati
703 3258 758 3320 sed
782 3260 902 3341 magnis
925 3258 1104 3320 excitantur
1125 3256 1274 3339 praemiis
1296 3276 1333 3319 ac
1355 3256 1507 3319 memoria
1528 3255 1634 3319 homi·

306 3369 382 3412 num
405 3351 605 3434 sempiterna.
642 3351 713 3426 Quo
742 3351 845 3414 miuus
867 3352 1084 3415 admirandum
1106 3359 1154 3415 est
1176 3371 1249 3414 eum
1269 3350 1373 3414 facere
1396 3350 1468 3424 illa,
1496 3350 1551 3433 qui
1573 3350 1634 3413 im·

307 3444 530 3509 mortalitatem
556 3446 783 3527 concupiverit.
825 3446 908 3509 xvi.
931 3443 981 3509 43.
1011 3445 1096 3509 Haec
1119 3446 1141 3526 †
1164 3446 1243 3508 mira
1271 3445 1338 3507 laus
1369 3450 1432 3516 est,
1462 3462 1544 3525 quae
1565 3461 1632 3505 non

307 3541 471 3619 potiturum
493 3540 698 3616 carminibus,
720 3560 783 3604 non
805 3541 965 3604 annalium
984 3540 1194 3603 monumentis
1211 3538 1398 3610 celebratur,
1421 3537 1477 3600 sed
1492 3535 1633 3619 pruden-

269 3628 386 3693 tetium
408 3628 525 3697 iudicio
548 3635 755 3719 expenditur:
778 3636 917 3718 equitem
932 3637 1119 3709 Romanum,
1142 3643 1278 3698 veterem
1296 3632 1431 3696 amicum
1447 3651 1548 3707 suum,
1564 3638 1632 3696 stu·

308 3723 448 3800 diosum,
470 3738 643 3803 amantem,
666 3730 883 3793 observantem
906 3732 967 3805 sui,
989 3749 1053 3792 non
1074 3729 1215 3802 libidine,
1239 3749 1302 3791 nou
1319 3728 1462 3809 turpibus
1477 3727 1631 3809 impensis

307 3826 402 3900 atque
424 3820 569 3897 iacturis,
591 3825 645 3886 sed
670 3825 865 3906 experientia
887 3825 1067 3908 patrimonii
1089 3821 1299 3905 amplificandi
1322 3821 1480 3884 labentem
1495 3822 1631 3904 excepit,

267 3964 269 3969 .
309 3909 466 3998 [corruere
488 3936 551 3979 non
566 3912 666 4000 sivit,]
682 3918 770 3981 fulsit
784 3927 816 3981 et
830 3919 980 3982 sustinuit
993 3939 1042 3991 re,
1067 3911 1229 4000 [ferinum]
1256 3914 1332 3990 lide,
1355 3914 1517 3999 hodieque
1534 3917 1631 3978 susti·

373 4178 397 4227 i.
415 4178 489 4227 uoltis
505 4178 554 4229 EG
573 4202 601 4216 ·-
619 4179 644 4228 2.
663 4178 689 4227 in
706 4179 785 4228 omnia
801 4180 895 4228 incred.
914 4180 944 4235 S;
968 4179 995 4227 in
1012 4177 1123 4227 omuibus
1138 4175 1261 4226 crediditis
1278 4175 1340 4232 ΕΗ,
1362 4173 1377 4225 i
1395 4175 1469 4235 Onu,
1488 4174 1535 4225 sed
1554 4177 1572 4227 U
1590 4176 1634 4226 in-

307 4251 374 4301 cred.
394 4278 421 4288 -
440 4253 466 4302 in
482 4254 546 4304 hunc
563 4255 674 4304 ordinem
690 4254 776 4303 eadem
793 4255 855 4301 V-
874 4255 959 4304 eadem
976 4254 1017 4302 iic.
1037 4252 1159 4303 codices:
1177 4252 1280 4301 eundem
1296 4251 1338 4301 tre.
1352 4251 1492 4310 Patricius;
1511 4263 1561 4313 ego
1574 4265 1634 4302 ma-

308 4325 354 4379 lim
370 4329 477 4380 eiusdem
493 4331 533 4381 tre.
554 4356 581 4369 -
600 4345 645 4381 noe
661 4332 726 4381 tunc
742 4331 886 4381 Manutius:
909 4342 955 4378 uos
972 4331 1029 4389 (non
1045 4328 1080 4387 E,
1098 4327 1114 4377 3
1131 4328 1204 4388 011.)
1221 4327 1286 4376 iuno
1303 4328 1444 4376 Postumum
1460 4325 1538 4375 codd.
1557 4329 1583 4377 et
1600 4328 1632 4378 0.

307 4403 341 4454 tlt
351 4403 406 4454 Cic.
420 4402 542 4457 clientem
559 4419 639 4457 suum
655 4409 700 4456 eut
716 4407 780 4456 bunc
797 4408 843 4456 ant
858 4406 999 4454 Postremum
1016 4401 1148 4467 appellare
1161 4400 1243 4460 solet,
1262 4414 1394 4464 nusquam
1405 4402 1470 4450 lunc
1480 4403 1631 4453 Postumeen.

310 4499 338 4514 -
357 4477 382 4528 l.
399 4478 505 4530 bominis
520 4484 578 4544 SU,
596 4485 626 4532 ut
641 4480 724 4532 voluit
740 4481 880 4538 Patricius,
900 4482 929 4528 ut
945 4477 1103 4541 intelligetur
1118 4481 1267 4528 Postumus.
1283 4503 1310 4514 -
1329 4479 1353 4526 tt.
1371 4477 1478 4539 fortunis
1492 4490 1557 4526 unus
1572 4478 1635 4527 uni

307 4565 381 4602 esraa
401 4555 529 4607 Patricius
546 4582 573 4592 -
598 4558 622 4608 a.
640 4557 818 4607 simulachrum
837 4555 885 4604 SV
905 4578 933 4591 -
959 4553 985 4604 C.
1005 4566 1053 4604 uos
1075 4551 1225 4602 addidimus
1249 4577 1276 4586 -
1300 4551 1324 4599 9.
1342 4551 1458 4600 monimo
1478 4556 1513 4600 est
1534 4551 1570 4601 C:
1597 4558 1635 4604 eet

307 4629 424 4679 manino
440 4629 488 4680 bO
504 4658 537 4668 -
561 4632 600 4681 ti.
619 4632 741 4695 aniictum
763 4630 805 4680 ed.
824 4631 890 4679 lunt.
910 4630 936 4679 et
954 4629 1012 4678 tort.
1031 4628 1113 4678 Oxou.
1133 4628 1152 4676 C
1171 4629 1193 4683 (a
1212 4639 1264 4688 quo
1282 4624 1394 4676 alterurn
1411 4631 1434 4676 et
1450 4627 1547 4678 abesse
1564 4626 1634 4678 dici·

309 4705 374 4765 turi:
396 4709 419 4755 et
440 4707 561 4770 uirtutum
577 4707 655 4758 codd.
677 4734 702 4744 -
729 4707 837 4756 alienam
859 4705 1000 4755 Patricius:
1027 4705 1110 4754 alicua
1133 4702 1211 4753 codd.
1230 4703 1250 4752 0
1269 4729 1297 4739 -
1324 4703 1364 4751 ta.
1384 4706 1407 4751 et
1428 4708 1499 4752 touta
1520 4715 1580 4753 nos:
1609 4708 1635 4754 et

309 4792 363 4830 om.
382 4780 461 4832 codd.
480 4785 507 4832 et
523 4783 556 4841 03
575 4788 598 4832 et
614 4784 640 4832 tn
657 4788 729 4833 tanto
746 4780 837 4832 lamb.
858 4807 885 4817 -
904 4782 1063 4844 emunctione
1079 4783 1118 4829 vir
1135 4780 1229 4829 doctus
1248 4779 1337 4829 nescio
1355 4780 1414 4840 quis
1430 4778 1463 4836 (v.
1477 4777 1568 4827 bamb.
1582 4777 1633 4826 ad-

309 4857 388 4918 nati:
408 4858 591 4920 oppugnatione
608 4857 685 4908 codd.
700 4883 727 4893 -
747 4859 787 4908 te.
800 4862 829 4907 ut
844 4858 925 4906 Oxou.
940 4857 975 4911 C:
993 4857 1033 4906 uei
1050 4855 1194 4913 istite,
1213 4854 1318 4911 30xx.;
1336 4858 1364 4901 ut
1379 4853 1418 4901 oei
1434 4852 1482 4901 b0
1498 4879 1532 4889 -
1547 4853 1634 4901 uei--

305 4930 423 4996 probare]
442 4933 512 4983 «Hoc
529 4932 647 4983 additum
666 4945 725 4983 esse
743 4933 865 4995 suspicor
882 4930 915 4979 ab
934 4930 1039 4980 homine
1058 4932 1161 4992 inepto,
1185 4927 1257 4992 quod
1273 4925 1309 4976 oh
1330 4926 1491 4976 antecedens
1506 4927 1545 4976 oei
1562 4926 1634 4990 [cor-

309 5008 417 5069 ruptum
434 5004 496 5056 illud
514 5020 546 5056 ex
562 5007 612 5071 etl,
633 5008 707 5058 cuius
725 5008 777 5057 vim
795 5008 847 5056 iem
865 5019 915 5055 uon
935 5009 1073 5054 revocaret
1089 5006 1114 5054 in
1133 5005 1266 5060 animum,
1285 5003 1394 5053 alteram
1412 5004 1569 5052 sententiam
1587 5003 1635 5053 de·

310 5081 419 5132 siderari
436 5085 549 5145 putaret.
577 5084 735 5134 concinnior
751 5082 780 5131 ht
797 5081 878 5130 oratio
896 5080 947 5130 hoc
965 5079 1087 5129 membro
1111 5079 1239 5128 abscisso.
1268 5080 1292 5127 Si
1310 5078 1372 5141 quid
1391 5077 1490 5127 addere
1507 5075 1636 5130 voluisset

310 5156 415 5216 Cicero,
438 5161 493 5206 tam
516 5159 602 5222 inepta
627 5163 654 5209 et
674 5158 807 5222 languenti
826 5157 1024 5208 sententiatim
1043 5154 1143 5218 periodi
1163 5155 1186 5204 lo
1205 5155 1321 5203 extrema
1341 5156 1416 5215 parte
1435 5166 1486 5202 nou
1503 5153 1633 5215 fregisset,

310 5231 358 5283 sed
379 5229 428 5281 alia
454 5235 653 5296 excogitasset·
671 5236 785 5284 Wersue.
807 5260 833 5269 -
857 5231 897 5282 tt.
917 5233 992 5280 etiam
1009 5231 1042 5290 C,
1065 5229 1178 5281 loix:
1197 5242 1247 5277 esse
1263 5229 1308 5276 v0
1328 5254 1355 5262 -
1380 5229 1420 5276 45.
1438 5227 1637 5288 incredibiisque

309 5308 413 5359 EGSU
439 5335 466 5345 -
490 5315 555 5359 certe
578 5311 644 5360 E-
669 5311 709 5360 id.
726 5309 882 5372 propositae,
905 5308 965 5356 haec
984 5319 1064 5368 paene
1081 5305 1211 5366 popularis
1228 5304 1364 5352 Patricius.
1391 5302 1543 5353 laedor.
1564 5307 1635 5354 totus

310 5383 384 5434 locus
401 5385 440 5434 sic
457 5386 639 5449 interpunctas
657 5389 711 5434 est:
735 5385 829 5434 Multos
840 5410 876 5420 --
887 5382 999 5445 cognovi.
1019 5382 1067 5430 Sed
1077 5406 1090 5415 -
1100 5393 1203 5440 -poene
1218 5379 1366 5441 populares:
1387 5380 1475 5427 castris
1491 5379 1572 5428 locum
1588 5393 1636 5428 co-

306 5472 380 5521 pere,
393 5484 431 5495 -·
441 5460 623 5521 conquiescant.
642 5459 706 5508 Sunt
722 5472 752 5508 ea
769 5463 819 5508 cet.
835 5484 861 5493 -
882 5457 921 5506 48.
940 5457 1095 5514 numenque
1112 5451 1252 5503 Patricius⁴¹
1270 5453 1421 5513 hiememque
1437 5452 1515 5502 codd.
1530 5454 1557 5502 ct
1573 5454 1633 5502 0-

310 5536 383 5585 iiaiue
397 5535 443 5584 cic
458 5536 475 5584 S
494 5562 521 5578 ι-
546 5537 587 5585 49.
606 5535 637 5582 iis
654 5547 716 5583 nos:
739 5535 776 5581 tris
793 5535 841 5583 CO
862 5560 888 5568 -
906 5545 964 5580 cum
980 5529 1119 5580 Patricius:
1141 5532 1194 5576 tum
1210 5531 1256 5577 Ox.
1276 5528 1312 5585 il3
1336 5533 1389 5575 tum
1406 5540 1462 5575 mem
1479 5526 1556 5577 codd.
1575 5525 1633 5577 rell.

311 5614 338 5662 ei
354 5612 374 5661 0
391 5637 425 5647 -
439 5611 480 5661 it.
498 5611 643 5660 acumem
656 5611 776 5670 praemiis
793 5623 823 5658 ac
839 5608 960 5657 memoria
976 5607 1001 5655 li.
1014 5604 1164 5664 sempiterno
1181 5601 1339 5664 Madvigius:
1359 5603 1470 5651 excitato
1486 5608 1542 5651 sunt
1556 5615 1636 5663 proe-

310 5687 368 5736 miie
382 5687 417 5735 cd
431 5686 579 5736 mmomm
594 5685 618 5733 ii.
637 5684 786 5745 senpuema
802 5682 881 5734 codd.
901 5683 927 5730 et
943 5682 963 5730 0
984 5704 1008 5717 -
1030 5678 1070 5727 23.
1089 5679 1255 5739 concupiverit
1271 5691 1301 5725 v:
1320 5679 1495 5738 concupiverat
1511 5676 1588 5728 codd.
1603 5701 1632 5711 —

311 5762 371 5812 baec
391 5776 453 5812 cero
474 5762 531 5811 mm
552 5759 691 5817 Patricium
713 5759 773 5808 baec
794 5759 913 5807 nimirum
931 5753 981 5818 (vel
1000 5753 1059 5814 una)
1078 5753 1132 5802 ioue
1148 5753 1265 5811 Ernesti;
1291 5765 1339 5814 ego
1358 5751 1447 5802 mutim
1464 5753 1524 5801 boec
1539 5751 1636 5801 eximio

312 5835 368 5886 tom
384 5863 411 5874 -
431 5837 472 5888 to.
490 5836 603 5900 turpibus
618 5834 733 5896 impensis
750 5845 811 5883 nos:
829 5831 941 5893 turpibus
958 5829 1073 5891 impensis
1088 5829 1253 5890 cupiditatum
1270 5826 1346 5877 codd.
1366 5829 1385 5877 0
1406 5854 1432 5863 -
1451 5827 1492 5876 il.
1511 5825 1635 5876 mianum

313 5909 362 5962 Ed.
379 5910 530 5973 wormium
552 5910 581 5961 at
596 5922 622 5960 v.
640 5920 679 5958 or.
698 5905 762 5958 Phil.
780 5908 815 5968 il,
835 5906 850 5971 3
868 5908 908 5957 es.
930 5932 958 5944 -
980 5905 1072 5971 ecmpit
1089 5906 1108 5955 E
1128 5930 1155 5940 -
1180 5905 1221 5956 28.
1239 5902 1298 5955 unu
1314 5903 1348 5965 E,
1367 5900 1383 5954 l
1400 5902 1479 5962 0u.;
1498 5913 1548 5952 uos
1564 5913 1633 5951 corr.
