3800 7350
710 1214 783 1280 cn.
805 1216 984 1281 vr-mn.
1011 1214 1057 1301 sp
1079 1212 1225 1281 m-rs.
1541 1200 1625 1272 tem

306 1391 401 1446 tatem
430 1381 567 1447 bominis
593 1384 794 1467 flagitiosam!
825 1406 843 1449 o
872 1385 1120 1469 impudentiam,
1149 1386 1343 1471 nequitiam,
1372 1382 1536 1448 libidinem
1558 1400 1622 1445 non

304 1475 480 1540 serendam!
503 1477 550 1540 Tu
572 1498 643 1542 cum
665 1479 839 1563 principem
856 1487 1051 1554 senatorem,
1073 1482 1171 1543 civem
1188 1481 1393 1563 singularem,
1415 1487 1479 1541 tam
1493 1475 1623 1560 propin·

304 1588 400 1651 quum
422 1569 555 1646 babeas,
577 1573 712 1637 adeum
735 1573 774 1638 de
798 1595 832 1638 rc
853 1572 979 1658 publica
1000 1572 1079 1635 nibil
1101 1572 1234 1648 reseras,
1263 1573 1380 1637 reseras
1402 1571 1442 1635 ad
1464 1590 1535 1643 cos,
1565 1567 1621 1651 qui

303 1682 391 1726 suam
413 1684 478 1727 rem
500 1666 619 1730 nnllam
640 1666 771 1743 babent,
800 1678 885 1732 tuam
908 1665 1125 1728 exhauriunt?
1168 1667 1234 1729 Vll.
1257 1667 1344 1728 Tuus
1370 1665 1517 1728 videlicet
1537 1661 1621 1726 salu·

300 1756 376 1818 laris
398 1758 596 1834 consulatus,
618 1762 814 1843 perniciosus
837 1780 935 1824 meus.
969 1760 1099 1823 Adeone
1111 1760 1269 1843 'pudorem
1285 1780 1355 1822 cnm
1378 1759 1527 1842 pudicitia
1549 1764 1644 1840 por-⁵

301 1852 425 1926 didisti,
446 1859 482 1914 nt
502 1852 563 1915 boc
584 1855 617 1916 in
638 1874 676 1917 eo
698 1854 815 1939 templo
838 1854 943 1917 dicere
958 1873 1054 1917 ansus
1074 1856 1131 1929 sis,
1153 1855 1187 1918 in
1208 1875 1271 1939 quo
1285 1872 1345 1937 ego
1360 1862 1504 1916 senatum
1519 1852 1620 1925 illum,

301 1949 355 2031 qui
377 1946 536 2030 quondam
558 1948 673 2011 floreus
696 1948 764 2011 orbi
780 1959 931 2012 terrarum
950 1949 1164 2031 praesidebat,
1186 1948 1403 2021 consulebam,
1425 1954 1458 2010 tn
1472 1944 1620 2009 bomines

300 2041 528 2125 perditissimos
558 2062 629 2104 cnm
659 2042 771 2124 gladiis
793 2043 1010 2106 collocavistit
1054 2039 1104 2104 ld.
1127 2045 1167 2106 m
1189 2044 1281 2106 etiam
1304 2062 1399 2105 ausus
1422 2061 1456 2104 es
1477 2071 1519 2086 -
1541 2036 1618 2121 quid

300 2143 404 2199 autem
426 2143 475 2198 est
495 2135 582 2219 quod
602 2143 638 2198 tu
660 2157 724 2198 non
746 2137 885 2200 audeas?
906 2170 947 2184 -
975 2137 1088 2200 clivum
1113 2137 1153 2199 Ca
1178 2137 1322 2200 itolinum
1345 2135 1449 2198 dicero
1471 2153 1521 2196 me
1543 2150 1619 2194 con·

300 2231 368 2296 sule
388 2229 516 2311 plenum
539 2249 702 2293 servorum
717 2239 906 2294 armatorum
927 2231 1035 2294 inisse.
1071 2231 1109 2293 Ut
1129 2158 1200 2306 nb,
1223 2230 1333 2304 credo,
1356 2228 1477 2292 nefaria
1492 2233 1656 2290 senatuum

299 2325 442 2389 consulta
463 2321 584 2399 tierent,
605 2324 667 2387 vim
680 2324 854 2396 ‘afferebam
877 2327 1011 2389 senatui.
1041 2325 1068 2389 0
1088 2327 1194 2401 miser,
1216 2328 1282 2390 sive
1303 2326 1356 2389 illa
1379 2324 1435 2386 tibi
1456 2331 1531 2386 uota
1553 2338 1618 2382 non

299 2427 373 2483 suut
392 2448 435 2464 -
455 2416 535 2480 nibil
562 2418 646 2479 enim
671 2418 747 2481 boni
769 2420 915 2484 nosti-
936 2421 1003 2484 sive
1025 2431 1113 2496 sunt,
1143 2422 1197 2505 qni
1226 2419 1309 2503 apud
1336 2417 1414 2482 tales
1443 2417 1526 2478 viros
1555 2421 1618 2475 tam

299 2511 500 2593 impudenter
527 2510 675 2594 loquarel
717 2512 795 2587 Quis
817 2513 900 2575 enim
923 2533 1022 2597 eques
1044 2516 1221 2589 Romanus,
1252 2516 1324 2599 quis
1346 2519 1471 2595 praeter
1490 2517 1521 2571 te
1542 2506 1619 2570 ado-

298 2605 420 2668 lescens
441 2604 573 2678 nobilis,
596 2606 667 2689 quis
689 2606 785 2670 ullius
808 2606 942 2682 ordinis,
966 2609 1020 2690 qui
1043 2630 1077 2674 se
1100 2612 1201 2674 civem
1223 2627 1292 2672 esse
1314 2605 1524 2676 meminisset,
1547 2621 1617 2663 cum

298 2705 425 2762 senatus
447 2698 480 2760 in
502 2697 563 2762 boc
585 2699 703 2782 templo
725 2710 822 2776 esset,
849 2701 883 2764 in
905 2702 987 2766 clivo
1011 2703 1188 2786 Capitolino
1209 2723 1274 2766 non
1296 2701 1379 2763 suist
1410 2700 1480 2782 quis
1501 2707 1656 2759 nomento

296 2814 360 2855 non
384 2792 494 2856 dediti
516 2805 787 2878 quamquam'nec
810 2796 932 2860 scribae
955 2795 1099 2861 sufficere
1120 2818 1180 2861 nec
1203 2796 1328 2860 tabulae
1342 2796 1471 2857 uomina
1492 2791 1615 2855 illorum

297 2905 409 2968 capere
432 2893 613 2969 potuerunt.
658 2885 707 2952 i7.
729 2892 853 2954 Etenim
876 2912 946 2954 cum
969 2891 1113 2955 homiues
1128 2892 1240 2955 nefarii
1256 2890 1295 2953 de
1315 2890 1434 2973 patriae
1450 2884 1618 2971 parricidio

296 2975 535 3056 confiterentur,
568 2984 766 3046 consciorum
800 2983 942 3059 indiciis,
974 3004 1031 3047 sna
1061 3005 1170 3059 mann,
1201 3005 1278 3048 voce
1310 3003 1412 3067 paene
1442 2982 1616 3044 litterarum

297 3074 415 3149 coacti,
449 3095 483 3137 se
510 3074 619 3137 urbem
648 3078 858 3152 inflammare,
889 3077 974 3141 cives
996 3079 1168 3152 trucidare,
1198 3087 1320 3143 vastare
1342 3077 1480 3149 ltaliam,
1510 3072 1617 3135 delere

296 3188 363 3229 rom
386 3167 543 3250 publicam
566 3170 782 3245 consensisse,
806 3173 877 3255 quis
900 3179 985 3235 essct
1006 3172 1060 3255 qui
1083 3172 1122 3233 ad
1146 3172 1278 3236 sulutem
1297 3192 1495 3237 communem
1510 3167 1654 3231 delen-ro

297 3259 430 3323 dendam
453 3282 517 3325 non
540 3265 753 3327 excitaretur?
780 3265 964 3348 praesertim
996 3285 1066 3327 cnm
1088 3275 1216 3329 senatus
1238 3266 1437 3349 populusque
1459 3266 1617 3325 Romanus

295 3356 425 3419 baberet
454 3356 583 3430 ducem,
615 3358 717 3439 qualis
747 3358 773 3420 si
806 3360 860 3441 qui
891 3378 973 3424 nunc
996 3366 1095 3433 esset,
1124 3360 1181 3421 tibi
1205 3361 1289 3422 idem
1311 3357 1483 3443 quodillis
1504 3354 1618 3417 accidit

296 3448 488 3531 contigisset.
532 3450 579 3512 Ad
608 3451 800 3532 sepulturam
826 3471 939 3534 corpus
968 3452 1070 3515 vitrici
1098 3453 1146 3516 sui
1168 3462 1263 3535 negat
1284 3472 1302 3515 a
1323 3472 1372 3514 me
1395 3452 1512 3513 datum.
1548 3447 1617 3509 Hoc

295 3563 370 3607 vero
402 3563 441 3605 ne
474 3541 604 3608 Publius
642 3543 770 3625 quidem
799 3545 929 3608 Clodius
960 3544 1040 3607 dixit
1061 3565 1232 3629 nmquam:
1267 3565 1378 3630 qnam,
1401 3544 1475 3627 quia
1497 3542 1565 3605 iure
1588 3540 1616 3602 ei

295 3636 444 3700 inimicus
466 3635 530 3710 ini,
553 3636 647 3700 doleo
670 3655 688 3698 a
711 3645 741 3701 te
764 3637 910 3702 omnibus
932 3638 1019 3702 vitiis
1044 3635 1140 3723 [eum]
1164 3660 1233 3704 esse
1255 3646 1447 3725 superatum.
1484 3632 1535 3699 t8.
1554 3633 1654 3712 Quin

295 3741 401 3794 autem
423 3730 481 3793 tibi
502 3732 590 3793 venit
611 3733 642 3793 iu
667 3740 801 3795 mentem
823 3732 966 3815 redigere
987 3731 1021 3794 iu
1044 3735 1226 3797 memoriam
1245 3745 1398 3810 nostram,
1420 3744 1452 3799 te
1474 3734 1559 3796 domi
1582 3733 1615 3794 P.

295 3825 419 3888 Lentuli
442 3844 511 3887 esse
534 3824 725 3888 educatum?
746 3827 796 3888 An
810 3827 960 3889 verebare
975 3846 1014 3889 ne
1028 3847 1094 3890 uon
1110 3834 1290 3909 putaremus
1304 3836 1416 3893 natura
1430 3835 1462 3891 te
1476 3826 1616 3909 potuisse

295 3929 357 3982 tam
387 3917 562 4001 improbum
591 3919 743 3993 evadere,
777 3920 837 3982 nisi
866 3921 1052 3983 accessisset
1081 3920 1172 3983 etiam
1202 3921 1391 4004 disciplina?
1432 3923 1516 3985 Vlll.
1538 3922 1614 3982 'l'am

294 4022 398 4076 antem
429 4031 498 4074 eras
527 4032 653 4084 excors,
681 4021 716 4074 nt
746 4020 812 4075 tota
832 4015 865 4075 in
888 4015 1030 4076 oratione
1054 4022 1108 4076 tua
1130 4024 1234 4077 tecum
1255 4015 1324 4096 ipse
1347 4035 1520 4098 pugnares,
1549 4032 1613 4076 non

294 4107 387 4170 modo
410 4126 474 4170 non
497 4105 699 4168 cohaerentia
720 4106 803 4169 inter
823 4128 857 4169 se
879 4106 1016 4180 diceres,
1039 4107 1244 4170 sedmaxime
1260 4109 1415 4171 disiuncta
1430 4117 1525 4192 atquc
1540 4122 1651 4170 con-ao

293 4200 407 4274 traria,
428 4207 464 4263 ut
485 4220 550 4262 non
573 4208 659 4263 tanta
681 4220 819 4274 mecum,
842 4210 958 4284 quanta
979 4201 1037 4265 tibi
1053 4208 1155 4264 tecum
1171 4212 1254 4265 esset
1268 4203 1437 4265 contentio.
1460 4203 1614 4266 Vitricum

294 4303 381 4357 tuum
409 4292 509 4356 inisse
539 4293 572 4355 in
602 4301 689 4356 tanto
717 4293 836 4357 scelere
867 4293 1023 4369 fatebare,
1056 4315 1160 4378 poena
1182 4297 1328 4359 affectum
1350 4296 1532 4380 querebare.
1568 4296 1614 4357 lta

292 4553 399 4605 bulbious'
420 4554 443 4613 t;
467 4556 495 4603 at
514 4566 539 4603 v,
559 4553 626 4604 Gom.
645 4555 734 4604 Graec.
752 4554 845 4617 [rapui.
863 4555 910 4613 ΙΙΙ,
935 4568 961 4618 p.
979 4554 1027 4606 530
1050 4554 1093 4605 ed.
1112 4556 1240 4608 Mainake.
1267 4585 1294 4594 -
1319 4558 1342 4607 l.
1360 4558 1529 4620 lupuderts‘am
1550 4574 1564 4608 a
1584 4585 1611 4596 -

291 4631 316 4679 ἓ.
335 4642 360 4678 ss
375 4633 515 4678 scumoruu
530 4629 554 4678 V
572 4656 599 4667 -
619 4629 769 4691 propincum
785 4631 845 4677 V-
864 4629 889 4678 3.
907 4630 1050 4691 rescrch:
1068 4630 1146 4692 rulers
1162 4632 1184 4681 Il
1202 4658 1230 4667 —
1249 4634 1345 4695 referas
1360 4633 1394 4682 ad
1410 4647 1450 4684 cos
1466 4633 1501 4682 V:
1525 4634 1559 4683 ud
1575 4648 1615 4684 sor

291 4705 369 4767 resurr
384 4705 420 4764 D;
439 4705 474 4754 ud
489 4716 530 4754 cos
545 4704 640 4767 reseras
654 4705 675 4754 0
688 4732 715 4741 -
734 4702 758 4755 l.
777 4717 850 4753 suom
865 4704 964 4753 runV:
983 4705 1084 4754 domum
1099 4718 1172 4755 auom
1188 4707 1250 4756 D·
1269 4709 1407 4757 resumunt
1421 4708 1483 4755 V-
1502 4709 1526 4758 6.
1543 4710 1570 4758 iu
1586 4722 1614 4758 so

291 4786 399 4842 temporo
415 4776 447 4827 V¹
467 4806 492 4815 -
517 4791 593 4828 curru
609 4792 662 4828 orn.
681 4792 696 4828 a
714 4805 746 4816 -
767 4778 791 4829 8.
810 4779 891 4843 plcdta
907 4779 929 4828 V
948 4804 976 4815 -
1000 4779 1161 4829 conlocoulrtl
1177 4780 1213 4839 V;
1240 4782 1365 4832 collocasti
1381 4795 1398 4846 g
1415 4808 1442 4817 -
1471 4783 1494 4832 9.
1513 4788 1549 4833 ert
1565 4797 1613 4832 orc-

291 4860 339 4904 tem
356 4855 383 4914 l;
409 4853 469 4915 quid
488 4854 554 4903 euim
573 4858 609 4903 cst
629 4855 694 4915 quod
714 4859 741 4904 tu
762 4868 814 4903 uou
833 4854 927 4904 sudeus
948 4852 1025 4903 affert
1041 4855 1184 4905 Arusianus
1202 4868 1228 4919 p.
1246 4857 1294 4905 2⁴7
1311 4856 1339 4906 l..
1361 4883 1386 4893 -
1408 4869 1459 4906 uon
1475 4869 1529 4907 om.
1550 4871 1564 4907 a
1584 4882 1611 4894 -

291 4929 377 4977 murm
393 4930 453 4993 t‚-
469 4928 614 4990 capuanum
629 4928 708 4979 ab·
726 4929 836 4979 consules
852 4925 927 4976 V¹-
943 4928 985 4977 tt).
1003 4934 1161 4978 mmutonm
1176 4942 1305 4979 seruum
1321 4942 1336 4979 a
1352 4956 1386 4968 -
1402 4932 1442 4980 tt.
1461 4936 1514 4980 tum
1528 4934 1615 4996 permut

292 5003 313 5050 D
332 5001 387 5063 (sed
405 5014 458 5052 om.
479 5004 488 5052 l
502 5004 597 5066 flereat)
617 5030 643 5038 —
663 5003 805 5065 adferebam
820 5003 887 5051 v-
902 5003 1020 5052 misenen
1037 5007 1096 5067 agt
1112 5031 1144 5040 -
1163 5005 1202 5053 tr.
1220 5005 1286 5053 cutm
1302 5017 1383 5054 om.a
1400 5030 1427 5040 -
1446 5011 1509 5068 cput
1525 5007 1614 5056 tulisV

294 5100 321 5112 -
342 5078 381 5126 ta.
400 5077 546 5140 inpudenter
562 5092 578 5127 a
597 5103 624 5115 -
642 5078 697 5127 uuo.
716 5078 857 5128 mucorem
873 5080 900 5132 ις
919 5077 1060 5128 adulescens
1073 5079 1151 5129 etiam
1163 5079 1185 5127 V
1196 5078 1278 5129 babet
1294 5082 1324 5129 ut
1339 5092 1455 5144 semper.
1476 5106 1501 5114 -
1524 5080 1563 5133 tt.
1576 5082 1614 5131 ci-

290 5165 345 5201 uem
360 5165 411 5203 csse
426 5153 460 5202 V:
479 5167 529 5204 csso
545 5166 598 5204 om.
611 5154 706 5203 110-
723 5154 763 5204 46.
783 5166 932 5216 quemquam
949 5156 960 5202 t
976 5179 1003 5189 -
1023 5155 1062 5204 l8.
1076 5167 1133 5203 cum
1149 5155 1304 5204 consciorum
1320 5156 1440 5205 ludch
1454 5182 1481 5192 -
1499 5156 1540 5207 2⁰.
1553 5171 1614 5206 cou-

291 5227 491 5278 rcuu'asustV-
511 5230 551 5279 bl.
564 5229 770 5278 coecitorsuturV
782 5256 809 5265 -
828 5242 885 5278 cum
901 5241 921 5278 r.
937 5226 997 5291 pop.
1008 5242 1049 5291 pr.
1062 5229 1161 5279 laborat
1179 5232 1227 5278 t-
1247 5230 1288 5280 22.
1306 5230 1327 5278 sl
1344 5231 1399 5292 quis
1415 5232 1451 5295 gt
1469 5257 1497 5268 -·
1515 5234 1613 5282 usercv

292 5315 361 5351 corr.
380 5315 524 5352 exuou-
547 5303 637 5354 23..st
658 5318 688 5364 a;
713 5305 771 5355 tort.
790 5304 916 5355 Atcd-
939 5305 1082 5366 conpoctas
1106 5330 1133 5339 -
1159 5305 1455 5355 tull-uoma-
1480 5307 1611 5357 thoul&

292 5389 345 5426 om.
363 5375 407 5434 V¹;
425 5391 457 5428 us
473 5378 571 5440 quidem
589 5392 622 5440 .p.
641 5379 734 5428 clodius
749 5380 772 5427 V
788 5391 857 5429 corr.
877 5392 912 5428 m.
931 5380 957 5429 2.
978 5405 1005 5414 -
1022 5379 1064 5428 m.
1082 5380 1152 5429 inim.
1170 5380 1208 5441 sul
1223 5380 1257 5429 V:
1284 5381 1322 5443 ful
1337 5381 1453 5431 balmum
1468 5383 1490 5433 D
1507 5410 1540 5418 —
1556 5383 1615 5430 ultis

292 5447 321 5498 V'
341 5477 367 5488 -
387 5464 443 5502 unu
458 5452 493 5500 V:
511 5454 563 5503 lom
580 5453 602 5504 D
619 5453 671 5518 (cul
686 5455 747 5516 qula
763 5454 818 5504 turs
833 5455 948 5504 iuimicus
962 5454 1014 5517 sul,
1037 5453 1061 5501 d.
1080 5466 1099 5503 u
1115 5460 1138 5504 ts
1153 5468 1177 5504 o.
1196 5468 1220 5503 v.
1238 5467 1295 5504 cum
1310 5468 1360 5505 csse
1375 5470 1430 5519 usp.
1449 5458 1516 5507 coni.
1535 5458 1612 5506 stne·

291 5524 408 5590 renburg
425 5526 459 5577 nd
475 5541 513 5578 or.
531 5529 604 5578 Arcti.
624 5542 650 5594 p.
670 5529 717 5579 ⁴85
733 5528 777 5578 ed.
795 5528 826 5590 l.)
843 5555 877 5566 -
892 5529 932 5579 26.
951 5529 986 5578 im
1001 5529 1147 5578 memorium
1164 5529 1185 5578 V
1205 5555 1232 5565 -
1250 5534 1273 5578 tc
1289 5529 1355 5579 domi
1371 5531 1434 5580 Va:
1453 5530 1483 5579 dc
1498 5530 1570 5579 domo
1586 5532 1611 5589 t3

291 5602 317 5650 tu
334 5603 406 5651 domo
422 5600 467 5666 bg
485 5629 512 5641 -
531 5604 573 5652 27.
592 5616 642 5653 esse
657 5609 680 5653 tc
696 5604 764 5653 educ.
784 5603 802 5654 b
821 5628 848 5639 -
867 5603 904 5653 Aa
915 5629 953 5640 --
963 5604 1067 5653 eoadem
1083 5602 1166 5653 babet
1181 5603 1279 5654 Nonius
1295 5617 1323 5669 p.
1341 5603 1398 5654 29³.
1420 5631 1447 5641 -
1464 5618 1514 5653 uon
1531 5617 1584 5654 om.
1603 5607 1614 5654 t

294 5701 319 5709 -
339 5675 380 5724 28.
398 5676 531 5737 inprobum
547 5679 608 5741 agt
626 5704 653 5714 -
680 5679 755 5728 cllum
771 5690 824 5728 om.
843 5690 859 5726 a
878 5704 904 5714 -
923 5678 965 5726 tt.
984 5683 1013 5727 ut
1028 5683 1101 5728 tauto
1116 5678 1143 5727 iu
1158 5678 1257 5728 rutloac
1272 5689 1287 5727 a
1304 5705 1337 5715 -
1353 5684 1399 5729 tuo
1414 5678 1450 5727 V:
1469 5691 1522 5729 om.
1542 5680 1564 5728 D
1582 5705 1610 5715 -

291 5749 342 5808 lpse
359 5762 412 5798 om.
431 5751 442 5799 t
459 5776 486 5786 -
505 5765 555 5801 usu
570 5752 643 5802 modo
660 5752 695 5801 V:
717 5758 745 5802 ut
760 5767 810 5802 uou
825 5754 898 5802 ruodo
914 5753 980 5808 Do:
1001 5759 1025 5803 ct
1040 5767 1090 5802 uon
1106 5766 1140 5802 m.
1159 5753 1288 5813 Pramum
1307 5753 1431 5817 equidem
1449 5752 1538 5803 malim
1555 5768 1613 5805 mum

290 5836 339 5871 uou
355 5824 428 5873 modo
439 5852 466 5861 -
484 5824 522 5876 30.
537 5840 587 5876 uou
604 5840 657 5877 om.
670 5830 705 5877 at
722 5853 749 5864 -
768 5826 1017 5889 cumeramouius,
1036 5832 1065 5879 nt
1081 5825 1279 5878 aliastabet
1290 5855 1316 5864 -
1335 5828 1376 5877 3⁴.
1395 5828 1439 5877 tibi
1454 5834 1534 5878 tscmu
1545 5830 1608 5879 VD:

288 5902 367 5947 tecum
383 5897 458 5949 tiolo
476 5926 504 5937 -
522 5899 562 5952 tt.
579 5902 655 5964 puoso
670 5905 681 5953 t
696 5902 757 5966 post
771 5902 845 5966 puro.
864 5901 960 5963 habet,
978 5901 997 5953 b
1013 5906 1074 5970 post
1089 5903 1178 5954 melers
1195 5928 1222 5940 -
1242 5904 1365 5968 odtccm
1380 5903 1533 5968 Μοῦσα
1549 5904 1580 5957 V.
