3800 7350
297 1154 359 1219 900
718 1160 870 1227 ORATIO
891 1162 945 1226 Dll
967 1160 1085 1227 nouo
1108 1161 1184 1226 sul

299 1326 455 1391 dixissent
473 1326 572 1391 furori
595 1328 747 1393 interesse
769 1337 824 1394 tuo
846 1338 943 1415 atque
966 1332 1000 1394 in
1021 1333 1139 1415 patriae
1161 1329 1332 1413 parricidio
1347 1329 1513 1393 excellere.
1546 1325 1618 1392 434.

298 1420 387 1497 Quae
416 1444 487 1486 cum
515 1422 657 1498 videres,
686 1431 753 1486 tum
774 1432 806 1488 te
829 1425 868 1489 ad
890 1434 978 1488 tuum
1000 1422 1144 1500 affinem,
1177 1444 1242 1487 non
1264 1424 1419 1488 delectum
1442 1443 1460 1487 a
1481 1431 1529 1497 te,
1561 1423 1618 1487 sed

296 1515 441 1580 relictum
469 1538 489 1580 a
516 1518 629 1580 ceteris
659 1518 830 1582 contulisti.
868 1520 969 1595 Quem
1000 1540 1058 1602 ego
1081 1527 1188 1583 tamen
1211 1519 1323 1593 credo,
1353 1520 1380 1581 si
1401 1525 1450 1581 est
1470 1524 1558 1579 ortus
1579 1517 1619 1578 ab

295 1609 376 1684 illis,
407 1631 488 1694 quos
517 1612 687 1675 memoriae
710 1612 867 1695 proditum
891 1622 939 1676 est
961 1614 999 1678 ab
1026 1614 1096 1696 ipso
1118 1614 1272 1688 Hercule,
1302 1613 1467 1695 perfuncto
1489 1611 1552 1673 iam
1574 1609 1619 1672 la-

271 1704 444 1779 oboribus,
466 1725 553 1768 sacra
575 1703 739 1779 didicisse,
761 1707 794 1768 in
812 1708 872 1770 viri
893 1707 983 1770 fortis
1006 1708 1165 1771 aerumnis
1187 1727 1252 1770 non
1274 1708 1318 1771 ita
1337 1706 1496 1770 crudelem
1510 1703 1619 1778 finisse,

294 1797 385 1859 utin
407 1798 470 1860 vivi
494 1798 588 1862 etiam
611 1806 644 1861 et
664 1800 813 1882 spirantis
836 1801 939 1883 capite
961 1802 1088 1864 bustum
1106 1802 1170 1864 suis
1186 1802 1331 1864 manibus
1346 1803 1539 1883 imponeret:
1561 1798 1618 1882 qui

294 1897 348 1952 aut
376 1891 455 1953 nihil
486 1891 568 1955 dixit
595 1913 654 1955 nec
675 1892 749 1956 fecit
771 1894 901 1957 omnino
923 1915 1124 1977 poenamque
1146 1895 1228 1958 hanc
1250 1903 1411 1957 maternae
1433 1890 1617 1955 temeritatis

294 1986 383 2060 tulit,
404 1993 440 2049 ut
461 1994 579 2050 mutarn
601 1987 634 2049 in
656 1985 772 2049 delicto
795 2007 962 2069 personam
985 2008 1166 2072 nomenque
1187 1988 1367 2069 praeberet,
1396 1993 1466 2061 aut,
1489 1986 1516 2049 si
1538 1985 1619 2048 dixit

293 2079 415 2163 aliquid
444 2080 549 2143 verbis
577 2079 806 2143 haesitantibus
837 2089 1025 2164 postemque
1047 2081 1247 2144 tremibunda
1269 2101 1364 2143 manu
1386 2079 1505 2162 tetigit,
1534 2084 1618 2140 certe

257 2171 374 2235 ionihil
394 2174 470 2247 rite,
492 2174 571 2236 nihil
593 2182 694 2247 caste,
717 2173 796 2235 nihil
819 2195 904 2239 more
927 2175 1136 2258 institutoque
1158 2174 1299 2257 perfecit.
1329 2174 1459 2236 Viderat
1479 2171 1535 2235 ille
1550 2174 1619 2236 bln-

293 2286 418 2341 renam,
441 2266 585 2330 vitricum
607 2287 714 2342 suum,
737 2268 899 2330 consulem
922 2269 1136 2352 designatum,
1159 2267 1199 2331 ad
1222 2287 1271 2330 me
1294 2266 1457 2330 consulem
1479 2286 1551 2328 oum
1564 2262 1619 2326 Al-

293 2360 476 2443 lobrogibus
498 2362 674 2424 communis
694 2361 786 2424 exitii
808 2361 926 2425 indicia
947 2364 1076 2425 afferre:
1099 2362 1242 2426 audierat
1264 2381 1305 2424 ex
1326 2360 1398 2434 illo,
1421 2380 1456 2422 se
1470 2380 1490 2422 a
1504 2378 1554 2421 me
1567 2357 1618 2420 bis

294 2454 429 2518 salutem
450 2455 627 2537 accepisse,
651 2455 819 2537 separatim
843 2456 958 2530 semel,
980 2458 1093 2520 iterum
1116 2477 1187 2519 cum
1209 2455 1376 2519 universis.
1416 2449 1488 2514 435.
1511 2453 1617 2527 Quare

294 2548 365 2631 quis
395 2555 460 2621 est,
487 2552 544 2630 qui
571 2550 751 2612 existimare
776 2550 879 2632 possit
905 2549 979 2613 huic
1008 2570 1090 2613 novo
1117 2546 1258 2634 pontifici
1285 2549 1417 2633 primam
1443 2546 1526 2610 hanc
1547 2552 1618 2629 post

256 2639 506 2704 ismcerdotium
527 2642 640 2704 initum
662 2641 848 2724 religionem
870 2644 1049 2706 instituenti
1072 2664 1247 2727 vocemque
1270 2640 1406 2705 mittenti
1426 2661 1489 2705 non
1504 2647 1537 2703 et
1556 2639 1617 2701 lin-

294 2753 388 2816 guam
420 2734 613 2799 obmutuisse
646 2745 679 2799 et
711 2755 838 2799 manum
866 2737 1067 2820 obtorpuisse
1097 2746 1129 2801 et
1157 2745 1292 2800 mentem
1315 2735 1509 2800 debilitatam
1531 2741 1617 2796 metu

294 2829 487 2905 concidisse,
509 2830 693 2911 praesertim
716 2850 787 2893 cum
809 2851 850 2894 ex
872 2831 1007 2915 collegio
1030 2840 1118 2895 tanto
1140 2852 1205 2895 uon
1227 2851 1347 2914 regem,
1369 2849 1433 2893 non
1449 2825 1617 2900 flaminem,

293 2942 359 2986 non
381 2925 565 3007 pontificem
582 2925 704 2988 videret
724 2924 859 3007 fierique
880 2927 1037 3008 particeps
1059 2926 1177 2989 invitus
1196 2925 1291 2987 alieni
1306 2923 1437 2988 sceleris
1452 2926 1618 3004 cogeretur

295 3023 327 3079 et
348 3019 548 3098 gravissimas
570 3038 689 3101 poenas
711 3015 873 3082 affinitatis
895 3020 1127 3102 impurissimae
1149 3019 1344 3082 sustineret?

257 3125 286 3172 ao
379 3110 460 3174 Llll.
483 3108 556 3174 436.
578 3111 641 3174 Sed
670 3118 705 3174 nt
733 3120 872 3176 revertar
900 3112 941 3177 ad
968 3113 1017 3176 ius
1045 3113 1208 3197 publicum
1236 3110 1413 3185 iudicandi,
1442 3107 1527 3192 quod
1555 3108 1616 3191 ipsi

294 3201 461 3286 pontifices
483 3225 608 3288 semper
628 3225 692 3268 non
715 3205 817 3268 solum
840 3206 879 3269 ad
902 3227 976 3269 suas
997 3207 1221 3281 caerimonias,
1250 3206 1306 3270 sed
1329 3204 1423 3268 etiarn
1445 3202 1485 3265 ad
1507 3201 1617 3284 populi

294 3297 380 3361 iussa
408 3299 740 3373 accommodaverunt,
772 3300 895 3363 habetis
927 3301 961 3363 in
989 3300 1223 3365 commentariis
1252 3299 1384 3370 vestris,
1418 3294 1617 3383 exennium

294 3410 458 3454 censorem
480 3392 520 3455 de
542 3393 632 3475 signo
656 3393 850 3456 Concordiae
873 3393 1046 3456 dedicando
1068 3394 1108 3457 ad
1131 3391 1313 3476 pontificum
1332 3390 1499 3473 collegium
1520 3394 1618 3451 rettu-

294 3482 370 3546 lisse
392 3484 487 3567 eique
514 3487 556 3547 M.
577 3486 745 3549 Aemilium
768 3483 949 3568 pontificem
971 3489 1142 3551 maximum
1164 3509 1222 3570 pro
1244 3487 1381 3570 collegio
1401 3481 1616 3566 respondisse,

255 3578 356 3641 annisi
379 3599 450 3642 eum
476 3579 614 3662 populus
637 3580 797 3643 Romanus
822 3582 1007 3643 nominatim
1030 3581 1234 3665 praefecisset
1254 3590 1347 3664 atque
1369 3580 1439 3644 eius
1460 3579 1549 3641 iussn
1570 3576 1616 3640 fa·

294 3681 397 3749 ceret,
419 3693 484 3736 non
505 3672 606 3736 videri
628 3694 696 3737 eam
717 3695 812 3756 posse
835 3684 919 3738 recte
942 3675 1092 3738 dedicari.
1139 3674 1249 3752 Quint
1279 3697 1349 3739 cum
1379 3674 1498 3738 Licinia
1527 3672 1615 3754 virgo

294 3767 445 3842 Vestalis,
468 3788 590 3831 summo
611 3768 685 3831 loco
706 3778 795 3842 nata,
817 3770 1014 3832 sanctissimo
1029 3769 1207 3832 sacerdotio
1228 3769 1387 3853 praedita,
1410 3769 1446 3830 T.
1460 3766 1615 3830 Flaminio

295 3859 334 3936 Q.
356 3861 483 3925 Metello
506 3862 692 3925 consulibus
713 3882 798 3926 aram
821 3871 853 3926 et
873 3863 1049 3926 aediculam
1071 3870 1102 3926 et
1122 3863 1269 3946 pulvinar
1290 3864 1347 3926 sub
1371 3864 1455 3926 Saxo
1473 3861 1616 3925 dedicas-

294 3962 359 4029 set,
381 3975 489 4020 nonne
510 3975 579 4019 eam
601 3976 667 4020 rem
689 3976 729 4019 ex
751 3957 935 4021 auctoritate
958 3966 1087 4021 senatus
1109 3957 1149 4021 ad
1168 3957 1229 4020 hoc
1245 3958 1413 4041 collegium
1429 3958 1502 4020 Sex.
1516 3956 1615 4019 lulius

359 4289 382 4338 4.
400 4289 525 4342 interesse.
541 4290 561 4339 P
580 4314 607 4324 ·-
631 4287 749 4337 4444444444
766 4300 828 4338 nos:
850 4293 873 4337 44
889 4287 978 4338 scelere
994 4287 1043 4339 CO
1063 4312 1090 4325 -
1114 4289 1138 4338 4.
1158 4288 1265 4352 adfinem
1281 4288 1314 4344 P;
1338 4288 1429 4349 opinens
1449 4281 1480 4334 G¹
1498 4311 1525 4321 -
1549 4285 1615 4335 4444-

291 4368 358 4413 ctum
380 4364 399 4413 C
423 4392 449 4400 -
476 4364 500 4413 3.
521 4376 593 4425 quesn
617 4375 795 4425 epo--socrn
816 4363 928 4413 didicisse
946 4365 1054 4414 Servius
1074 4364 1107 4414 od
1128 4362 1232 4426 Vergilii
1254 4360 1399 4412 Aeneidem
1419 4361 1483 4422 vlu,
1506 4360 1564 4411 469.
1585 4384 1611 4397 -

292 4438 372 4500 quun]
395 4452 459 4500 quoe
475 4442 502 4488 Ρ1
522 4464 549 4473 -
568 4437 592 4487 4.
611 4438 664 4487 ium
680 4439 769 4487 omisit
785 4439 901 4489 Servius.
922 4466 949 4474 —
971 4441 995 4488 t.
1015 4438 1107 4489 dedisse
1123 4438 1141 4488 C
1162 4465 1189 4474 -
1203 4451 1261 4486 non
1280 4437 1511 4498 ito-·imponeret
1533 4433 1615 4485 habet

292 4513 435 4564 Arusianus
453 4525 479 4576 p.
497 4510 545 4561 239
563 4511 606 4561 ed.
626 4510 744 4561 Lindem.
763 4525 785 4561 s.
799 4525 824 4561 v.
837 4512 955 4574 imposuit
970 4514 996 4560 in
1012 4513 1057 4561 itin
1072 4527 1108 4562 re.
1123 4537 1150 4547 -
1170 4513 1193 4561 6.
1212 4517 1240 4560 ut
1256 4513 1281 4560 in
1298 4511 1349 4559 nivi
1365 4511 1440 4560 etiem
1456 4513 1480 4559 44
1496 4508 1615 4571 spirmttis

293 4586 332 4637 ll:
356 4593 384 4636 ut
403 4589 431 4637 in
450 4587 505 4635 uiui
524 4587 601 4635 etiam
621 4588 740 4649 spirantis
762 4588 823 4650 (msp
841 4587 866 4636 in
884 4589 985 4648 rasura)
1002 4589 1036 4646 P,
1058 4591 1087 4635 ut
1106 4587 1133 4634 in
1148 4585 1203 4634 uiui
1219 4585 1294 4635 etium
1310 4584 1421 4633 serentis
1437 4585 1472 4644 ῦς
1493 4587 1522 4632 ut
1536 4595 1614 4632 4444444

291 4662 367 4711 etiem
382 4665 492 4712 curantis
507 4661 543 4720 V,
561 4667 590 4710 ut
604 4662 712 4710 uiuentis
726 4663 803 4711 etium
818 4667 841 4710 et
857 4662 976 4723 spirantis
987 4663 1144 4719 Arusianus3
1162 4665 1191 4709 ut
1206 4662 1233 4708 in
1248 4660 1354 4709 niventis
1369 4659 1481 4709 etiamst
1496 4657 1615 4720 4444444444

291 4735 311 4784 0
330 4761 358 4771 -
385 4737 465 4798 cupite
488 4734 585 4784 nutum
607 4737 775 4786 Garatonius:
802 4736 977 4798 copitibiutum
993 4738 1090 4798 PGM;
1115 4735 1238 4797 capitibus
1259 4749 1316 4785 cum
1333 4735 1355 4782 V
1372 4739 1399 4784 et
1415 4733 1536 4784 drusiani
1552 4732 1611 4783 eod.

290 4808 491 4876 Neapolitanus,
510 4809 631 4870 capitibus
646 4823 702 4860 eum
714 4811 833 4860 drusiani
850 4809 910 4861 cod.
924 4809 1071 4869 Gudianus;
1089 4816 1164 4873 ceput
1175 4810 1272 4860 bustum
1283 4811 1303 4859 0
1316 4836 1343 4845 -
1361 4810 1413 4858 suis
1427 4808 1536 4859 nauibus
1544 4811 1613 4858 Aru-

289 4885 355 4935 sieni
372 4885 431 4935 cod.
445 4883 589 4935 Gudianus.
604 4912 630 4921 -
650 4887 777 4948 inponeret
793 4888 813 4936 P
828 4914 854 4924 -
873 4887 897 4937 7.
916 4899 961 4936 nec
977 4886 1071 4936 PGli:
1091 4892 1135 4935 cut
1145 4886 1194 4936 VO
1207 4912 1233 4920 -
1255 4886 1279 4936 8.
1291 4885 1437 4935 mutuumC
1451 4907 1478 4920 -
1498 4884 1522 4935 9.
1534 4896 1614 4933 manu

288 4959 367 5022 teiipit
382 4960 541 5009 trernebimdo
558 4960 609 5008 GV
626 4986 654 4995 —
673 4961 830 5011 trnnibundo
845 4964 879 5012 P:
901 4961 1061 5011 tremebundo
1077 4962 1112 5018 ὓς
1131 4959 1164 5010 ci.
1183 4959 1334 5010 Lachmann
1352 4959 1386 5009 ud
1402 4960 1508 5009 Lucrct.
1526 4971 1553 5022 p.
1571 4957 1612 5008 43.

290 5057 318 5068 -
337 5034 377 5083 io.
392 5036 490 5097 perlicit
506 5034 533 5084 P¹
553 5062 580 5071 -
607 5036 647 5084 44.
665 5049 705 5086 me
721 5050 774 5086 om.
794 5038 815 5085 G
832 5062 859 5072 -
880 5037 919 5086 44.
937 5034 1107 5085 communibus
1124 5032 1152 5085 G¹
1173 5061 1199 5071 -
1219 5035 1319 5096 4444444
1335 5037 1354 5084 Ρ
1373 5060 1400 5070 -
1420 5032 1460 5084 43.
1478 5032 1613 5094 occepisse-

283 5108 398 5168 purutim
414 5106 442 5158 Ρ1
461 5109 541 5173 (prior
555 5124 573 5171 p
590 5110 617 5159 in
634 5111 743 5172 rasura).
761 5137 795 5147 -
810 5111 911 5168 44444444
926 5113 946 5160 P
964 5138 991 5147 -
1010 5113 1050 5161 45.
1067 5123 1148 5160 nonne
1164 5115 1187 5160 44
1204 5108 1326 5159 P¹GMV
1345 5136 1372 5146 -
1397 5108 1437 5158 46.
1456 5107 1614 5158 obmutuisse

287 5183 306 5230 P
324 5208 352 5218 -
371 5184 523 5245 optoipuisse
539 5184 588 5233 PV
608 5211 636 5223 ·-
655 5186 695 5234 48.
711 5187 833 5248 iterium
848 5184 876 5236 Ρ1
894 5212 921 5221 -
941 5187 1035 5235 inuitus
1050 5185 1126 5235 alieni
1141 5185 1238 5235 sceleris
1255 5184 1346 5234 PGV:
1369 5184 1445 5234 444444
1460 5184 1557 5235 scobrit
1571 5183 1613 5232 in·

284 5257 350 5307 citus
366 5259 420 5308 440
434 5286 460 5295 -
481 5258 520 5307 49.
539 5260 676 5323 adflnitatis
692 5263 712 5310 P
726 5289 752 5297 -
771 5261 946 5323 inpurissimae
963 5262 995 5319 P;
1014 5259 1211 5322 impurissimet}
1225 5286 1252 5295 —
1271 5259 1311 5309 40.
1329 5259 1457 5308 induendi
1473 5258 1554 5309 PGV
1566 5256 1613 5320 (isis

285 5329 383 5394 aliquid
397 5331 524 5393 publicum
540 5345 601 5382 esse
617 5333 767 5395 indicendi:
794 5336 923 5385 4444444444
940 5336 994 5385 440
1013 5361 1040 5370 -
1065 5336 1106 5385 et.
1125 5334 1167 5397 od]
1185 5347 1202 5382 u
1219 5331 1247 5383 Ρι
1264 5359 1292 5368 -
1311 5333 1352 5382 44.
1369 5333 1438 5381 inno
1454 5345 1508 5382 om.
1527 5330 1612 5381 oliv

288 5405 432 5456 -com
452 5408 518 5455 G-
539 5406 579 5458 43.
596 5409 751 5472 pontititims
767 5411 796 5460 Ρι
814 5435 841 5446 -
863 5410 975 5461 retulisse
996 5410 1045 5460 CO
1065 5436 1090 5447 -
1118 5408 1160 5459 44.
1178 5409 1256 5470 eique]
1274 5408 1297 5458 ei
1313 5408 1339 5457 in
1355 5419 1447 5456 rasura
1465 5419 1481 5456 a
1498 5418 1535 5457 m.
1553 5417 1610 5457 sec.

284 5478 367 5531 hebet
383 5482 415 5539 P;
442 5480 501 5530 tort.
520 5485 603 5542 utque.
624 5509 651 5518 -
670 5484 826 5547 pontificium
842 5486 885 5545 Ρη
909 5485 1054 5550 pontificum
1077 5486 1108 5534 Pa
1125 5507 1152 5519 -
1176 5484 1217 5534 at.
1236 5494 1292 5533 44444
1313 5492 1367 5532 orn.
1387 5480 1471 5531 GMV
1490 5505 1518 5515 ·-
1543 5479 1611 5528 iussu

284 5555 341 5606 liv
359 5581 386 5593 —
404 5556 445 5606 46.
463 5568 519 5605 eom
536 5557 729 5618 (Concordiam)
747 5570 810 5608 nos:
828 5572 860 5609 en
876 5560 926 5609 CO
945 5583 973 5595 —
989 5571 1061 5621 posse
1076 5563 1142 5608 recte
1158 5557 1248 5608 PGV:
1267 5560 1332 5606 recte
1345 5567 1417 5616 posse
1433 5553 1453 5605 0
1470 5552 1543 5616 (recte
1554 5564 1608 5603 om.

283 5631 316 5692 lit
330 5655 358 5666 -
376 5630 471 5681 lucinio
481 5630 577 5682 u¹liv
589 5658 616 5670 -
634 5632 675 5682 47.
690 5635 809 5694 praedito
821 5634 857 5699 4.]
870 5635 1024 5697 proeditntio
1039 5633 1082 5697 (tio
1097 5633 1124 5683 in
1139 5631 1241 5693 rasura)
1254 5634 1285 5692 Ρ;
1301 5629 1457 5692 4444444444
1473 5629 1496 5679 V
1514 5655 1541 5665 -
1558 5629 1610 5692 tio·

282 5705 369 5767 minin.
387 5705 495 5756 4444444444
511 5705 552 5764 P¹;
569 5707 708 5769 flaminioq.
726 5709 836 5758 ninellus
852 5712 894 5770 Ρ4;
912 5710 1026 5775 4444444444
1043 5710 1072 5771 (4.
1089 5707 1184 5758 nautio
1196 5708 1264 5768 clu
1282 5705 1468 5770 dominioque
1483 5703 1609 5756 nauiuv

282 5805 316 5816 —
332 5779 372 5831 44
389 5793 438 5831 cos.
451 5781 470 5831 P
483 5805 511 5816 -
530 5793 594 5829 suco
611 5781 645 5832 C:
663 5795 728 5832 suno
744 5796 817 5834 sueno
833 5785 863 5834 0.
887 5784 926 5835 cl.
945 5783 1019 5834 ovid.
1038 5784 1106 5835 Fast.
1125 5784 1155 5844 V,
1168 5782 1225 5834 tao.
1240 5808 1268 5820 -
1286 5779 1428 5845 4444444444]
1446 5786 1456 5832 4
1471 5781 1499 5833 in
1514 5788 1608 5830 rasura

283 5851 416 5917 hebetP;
435 5854 697 5910 inconsistent
716 5881 743 5894 -
765 5859 806 5910 49.
823 5860 955 5911 nonnec:
973 5859 1069 5910 nono.
