<?xml version="1.0" encoding="UTF-8"?>
<!DOCTYPE html PUBLIC "-//W3C//DTD XHTML 1.0 Transitional//EN"
    "http://www.w3.org/TR/xhtml1/DTD/xhtml1-transitional.dtd">
<html xmlns="http://www.w3.org/1999/xhtml" xml:lang="en" lang="en">
 <head>
  <title>
</title>
<meta http-equiv="Content-Type" content="text/html;charset=utf-8" />
  <meta name='ocr-system' content='tesseract 3.04.00' />
  <meta name='ocr-capabilities' content='ocr_page ocr_carea ocr_par ocr_line ocrx_word'/>
</head>
<body>
  <div class='ocr_page' id='page_1' title='image "./operaquaesupers08halmgoog/operaquaesupers08halmgoog_0632.png"; bbox 0 0 3800 7350; ppageno 0'>
   <div class='ocr_carea' id='block_1_1' title="bbox 554 1739 1379 2085">
    <p class='ocr_par' dir='ltr' id='par_1_1' title="bbox 554 1739 1379 2085">
     <span class='ocr_line' id='line_1_1' title="bbox 554 1739 1379 1829; baseline 0.007 -6"><span class='ocrx_word' id='word_1_1' title='bbox 554 1739 899 1829; x_wconf 74' lang='lat' dir='ltr'>ORATIONUM</span> <span class='ocrx_word' id='word_1_2' title='bbox 926 1743 1379 1829; x_wconf 75' lang='lat' dir='ltr'><strong>PHfllPPchRUM</strong></span> 
     </span>
     <span class='ocr_line' id='line_1_2' title="bbox 718 1960 1206 2085; baseline -0.004 -51"><span class='ocrx_word' id='word_1_3' title='bbox 718 1960 873 2035; x_wconf 69' lang='lat' dir='ltr'><strong>nmen</strong></span> <span class='ocrx_word' id='word_1_4' title='bbox 893 1960 1206 2085; x_wconf 70' lang='lat' dir='ltr'><strong>monendus</strong></span> 
     </span>
    </p>
   </div>
   <div class='ocr_carea' id='block_1_2' title="bbox 897 2184 1027 2196">
    <p class='ocr_par' dir='ltr' id='par_1_2' title="bbox 897 2184 1027 2196">
     <span class='ocr_line' id='line_1_3' title="bbox 897 2184 1027 2196; baseline -0.008 0"><span class='ocrx_word' id='word_1_5' title='bbox 897 2184 1027 2196; x_wconf 64' lang='lat' dir='ltr'>uun——</span> 
     </span>
    </p>
   </div>
   <div class='ocr_carea' id='block_1_3' title="bbox 265 2350 1703 4408">
    <p class='ocr_par' dir='ltr' id='par_1_3' title="bbox 304 2350 1632 2721">
     <span class='ocr_line' id='line_1_4' title="bbox 392 2350 1631 2441; baseline 0.003 -25"><span class='ocrx_word' id='word_1_6' title='bbox 392 2356 416 2417; x_wconf 92' lang='lat' dir='ltr'><strong>l.</strong></span> <span class='ocrx_word' id='word_1_7' title='bbox 439 2350 467 2416; x_wconf 88' lang='lat' dir='ltr'><strong>l.</strong></span> <span class='ocrx_word' id='word_1_8' title='bbox 490 2355 602 2437; x_wconf 84' lang='lat' dir='ltr'><strong>Magno</strong></span> <span class='ocrx_word' id='word_1_9' title='bbox 625 2354 658 2417; x_wconf 94' lang='lat' dir='ltr'><strong>in</strong></span> <span class='ocrx_word' id='word_1_10' title='bbox 680 2354 806 2429; x_wconf 94' lang='lat' dir='ltr'><strong>dolore,</strong></span> <span class='ocrx_word' id='word_1_11' title='bbox 828 2359 933 2439; x_wconf 90' lang='lat' dir='ltr'><strong>patres</strong></span> <span class='ocrx_word' id='word_1_12' title='bbox 956 2354 1135 2438; x_wconf 86' lang='lat' dir='ltr'><strong>conscripti,</strong></span> <span class='ocrx_word' id='word_1_13' title='bbox 1157 2354 1206 2417; x_wconf 88' lang='lat' dir='ltr'><strong>vel</strong></span> <span class='ocrx_word' id='word_1_14' title='bbox 1226 2374 1367 2417; x_wconf 88' lang='lat' dir='ltr'><strong>maerore</strong></span> <span class='ocrx_word' id='word_1_15' title='bbox 1384 2355 1508 2438; x_wconf 90' lang='lat' dir='ltr'><strong>potius,</strong></span> <span class='ocrx_word' id='word_1_16' title='bbox 1533 2378 1631 2441; x_wconf 89' lang='lat' dir='ltr'><strong>quem</strong></span> 
     </span>
     <span class='ocr_line' id='line_1_5' title="bbox 304 2447 1632 2530; baseline 0.003 -20"><span class='ocrx_word' id='word_1_17' title='bbox 304 2469 345 2510; x_wconf 84' lang='lat' dir='ltr'><strong>ex</strong></span> <span class='ocrx_word' id='word_1_18' title='bbox 366 2448 485 2510; x_wconf 90' lang='lat' dir='ltr'><strong>crudeli</strong></span> <span class='ocrx_word' id='word_1_19' title='bbox 507 2456 539 2511; x_wconf 91' lang='lat' dir='ltr'><strong>et</strong></span> <span class='ocrx_word' id='word_1_20' title='bbox 559 2448 731 2511; x_wconf 83' lang='lat' dir='ltr'><strong>miserabili</strong></span> <span class='ocrx_word' id='word_1_21' title='bbox 753 2457 850 2511; x_wconf 92' lang='lat' dir='ltr'><strong>morte</strong></span> <span class='ocrx_word' id='word_1_22' title='bbox 874 2448 907 2510; x_wconf 91' lang='lat' dir='ltr'><strong>C.</strong></span> <span class='ocrx_word' id='word_1_23' title='bbox 930 2448 1096 2521; x_wconf 86' lang='lat' dir='ltr'><strong>Trebonii‚</strong></span> <span class='ocrx_word' id='word_1_24' title='bbox 1124 2448 1234 2530; x_wconf 91' lang='lat' dir='ltr'><strong>optimi</strong></span> <span class='ocrx_word' id='word_1_25' title='bbox 1262 2447 1338 2510; x_wconf 87' lang='lat' dir='ltr'><strong>civis</strong></span> <span class='ocrx_word' id='word_1_26' title='bbox 1370 2447 1632 2514; x_wconf 86' lang='lat' dir='ltr'><strong>moderatissimi·</strong></span> 
     </span>
     <span class='ocr_line' id='line_1_6' title="bbox 305 2542 1632 2627; baseline 0.003 -24"><span class='ocrx_word' id='word_1_27' title='bbox 305 2562 368 2623; x_wconf 89' lang='lat' dir='ltr'><strong>que</strong></span> <span class='ocrx_word' id='word_1_28' title='bbox 389 2542 543 2615; x_wconf 86' lang='lat' dir='ltr'><strong>hominis,</strong></span> <span class='ocrx_word' id='word_1_29' title='bbox 565 2544 760 2625; x_wconf 82' lang='lat' dir='ltr'><strong>accepimus,</strong></span> <span class='ocrx_word' id='word_1_30' title='bbox 782 2544 865 2605; x_wconf 89' lang='lat' dir='ltr'><strong>inest</strong></span> <span class='ocrx_word' id='word_1_31' title='bbox 887 2552 992 2606; x_wconf 85' lang='lat' dir='ltr'><strong>tamen</strong></span> <span class='ocrx_word' id='word_1_32' title='bbox 1013 2542 1150 2625; x_wconf 90' lang='lat' dir='ltr'><strong>aliquid,</strong></span> <span class='ocrx_word' id='word_1_33' title='bbox 1175 2543 1258 2625; x_wconf 92' lang='lat' dir='ltr'><strong>quod</strong></span> <span class='ocrx_word' id='word_1_34' title='bbox 1283 2542 1329 2604; x_wconf 92' lang='lat' dir='ltr'><strong>rei</strong></span> <span class='ocrx_word' id='word_1_35' title='bbox 1352 2542 1497 2625; x_wconf 87' lang='lat' dir='ltr'><strong>publicae</strong></span> <span class='ocrx_word' id='word_1_36' title='bbox 1521 2543 1632 2627; x_wconf 87' lang='lat' dir='ltr'><strong>profu-</strong></span> 
     </span>
     <span class='ocr_line' id='line_1_7' title="bbox 305 2636 1632 2721; baseline 0.004 -26"><span class='ocrx_word' id='word_1_37' title='bbox 305 2642 408 2697; x_wconf 94' lang='lat' dir='ltr'><strong>turum</strong></span> <span class='ocrx_word' id='word_1_38' title='bbox 430 2642 546 2718; x_wconf 90' lang='lat' dir='ltr'><strong>putem.</strong></span> <span class='ocrx_word' id='word_1_39' title='bbox 583 2638 802 2719; x_wconf 85' lang='lat' dir='ltr'><strong>Perspeximus</strong></span> <span class='ocrx_word' id='word_1_40' title='bbox 825 2637 908 2699; x_wconf 91' lang='lat' dir='ltr'><strong>enim</strong></span> <span class='ocrx_word' id='word_1_41' title='bbox 933 2645 1051 2721; x_wconf 88' lang='lat' dir='ltr'><strong>quanta</strong></span> <span class='ocrx_word' id='word_1_42' title='bbox 1074 2636 1185 2710; x_wconf 91' lang='lat' dir='ltr'><strong>iniis,</strong></span> <span class='ocrx_word' id='word_1_43' title='bbox 1209 2637 1263 2719; x_wconf 93' lang='lat' dir='ltr'><strong>qui</strong></span> <span class='ocrx_word' id='word_1_44' title='bbox 1287 2644 1395 2699; x_wconf 91' lang='lat' dir='ltr'><strong>contra</strong></span> <span class='ocrx_word' id='word_1_45' title='bbox 1413 2638 1547 2718; x_wconf 90' lang='lat' dir='ltr'><strong>patriam</strong></span> <span class='ocrx_word' id='word_1_46' title='bbox 1563 2658 1632 2701; x_wconf 89' lang='lat' dir='ltr'><strong>sce-</strong></span> 
     </span>
    </p>

    <p class='ocr_par' dir='ltr' id='par_1_4' title="bbox 265 2727 1703 4408">
     <span class='ocr_line' id='line_1_8' title="bbox 280 2727 1633 2812; baseline 0.003 -21"><span class='ocrx_word' id='word_1_47' title='bbox 280 2727 401 2791; x_wconf 70' lang='lat' dir='ltr'><strong>llerata</strong></span> <span class='ocrx_word' id='word_1_48' title='bbox 423 2747 507 2791; x_wconf 89' lang='lat' dir='ltr'><strong>arma</strong></span> <span class='ocrx_word' id='word_1_49' title='bbox 529 2739 695 2812; x_wconf 89' lang='lat' dir='ltr'><strong>ceperunt,</strong></span> <span class='ocrx_word' id='word_1_50' title='bbox 719 2732 835 2793; x_wconf 88' lang='lat' dir='ltr'><strong>inesset</strong></span> <span class='ocrx_word' id='word_1_51' title='bbox 857 2731 1045 2793; x_wconf 79' lang='lat' dir='ltr'><strong>immanitas.</strong></span> <span class='ocrx_word' id='word_1_52' title='bbox 1081 2732 1159 2792; x_wconf 87' lang='lat' dir='ltr'><strong>Nam</strong></span> <span class='ocrx_word' id='word_1_53' title='bbox 1175 2730 1239 2793; x_wconf 91' lang='lat' dir='ltr'><strong>dno</strong></span> <span class='ocrx_word' id='word_1_54' title='bbox 1254 2731 1334 2793; x_wconf 90' lang='lat' dir='ltr'><strong>baec</strong></span> <span class='ocrx_word' id='word_1_55' title='bbox 1349 2731 1452 2812; x_wconf 87' lang='lat' dir='ltr'><strong>capita</strong></span> <span class='ocrx_word' id='word_1_56' title='bbox 1467 2740 1542 2794; x_wconf 90' lang='lat' dir='ltr'><strong>nata</strong></span> <span class='ocrx_word' id='word_1_57' title='bbox 1558 2740 1633 2796; x_wconf 88' lang='lat' dir='ltr'><strong>sunt</strong></span> 
     </span>
     <span class='ocr_line' id='line_1_9' title="bbox 303 2822 1631 2907; baseline 0.001 -22"><span class='ocrx_word' id='word_1_58' title='bbox 303 2830 373 2905; x_wconf 89' lang='lat' dir='ltr'><strong>post</strong></span> <span class='ocrx_word' id='word_1_59' title='bbox 401 2822 545 2886; x_wconf 90' lang='lat' dir='ltr'><strong>homines</strong></span> <span class='ocrx_word' id='word_1_60' title='bbox 575 2832 666 2887; x_wconf 94' lang='lat' dir='ltr'><strong>natos</strong></span> <span class='ocrx_word' id='word_1_61' title='bbox 694 2824 871 2887; x_wconf 88' lang='lat' dir='ltr'><strong>taeterrima</strong></span> <span class='ocrx_word' id='word_1_62' title='bbox 900 2833 931 2887; x_wconf 89' lang='lat' dir='ltr'><strong>et</strong></span> <span class='ocrx_word' id='word_1_63' title='bbox 957 2824 1175 2907; x_wconf 85' lang='lat' dir='ltr'><strong>spurcissima,</strong></span> <span class='ocrx_word' id='word_1_64' title='bbox 1203 2825 1367 2887; x_wconf 83' lang='lat' dir='ltr'><strong>Dolabella</strong></span> <span class='ocrx_word' id='word_1_65' title='bbox 1394 2833 1426 2888; x_wconf 87' lang='lat' dir='ltr'><strong>et</strong></span> <span class='ocrx_word' id='word_1_66' title='bbox 1454 2824 1631 2887; x_wconf 80' lang='lat' dir='ltr'><strong>Antonius:</strong></span> 
     </span>
     <span class='ocr_line' id='line_1_10' title="bbox 304 2915 1632 3002; baseline 0.002 -25"><span class='ocrx_word' id='word_1_67' title='bbox 304 2934 438 2997; x_wconf 90' lang='lat' dir='ltr'><strong>quornm</strong></span> <span class='ocrx_word' id='word_1_68' title='bbox 465 2915 546 2979; x_wconf 87' lang='lat' dir='ltr'><strong>alter</strong></span> <span class='ocrx_word' id='word_1_69' title='bbox 574 2918 677 2980; x_wconf 83' lang='lat' dir='ltr'><strong>effecit</strong></span> <span class='ocrx_word' id='word_1_70' title='bbox 699 2918 784 3001; x_wconf 93' lang='lat' dir='ltr'><strong>quod</strong></span> <span class='ocrx_word' id='word_1_71' title='bbox 808 2927 948 3000; x_wconf 89' lang='lat' dir='ltr'><strong>optarat,</strong></span> <span class='ocrx_word' id='word_1_72' title='bbox 979 2919 1018 2981; x_wconf 93' lang='lat' dir='ltr'><strong>de</strong></span> <span class='ocrx_word' id='word_1_73' title='bbox 1041 2919 1139 2980; x_wconf 82' lang='lat' dir='ltr'><strong>altero</strong></span> <span class='ocrx_word' id='word_1_74' title='bbox 1162 2917 1351 3001; x_wconf 86' lang='lat' dir='ltr'><strong>patefactum</strong></span> <span class='ocrx_word' id='word_1_75' title='bbox 1373 2926 1422 2981; x_wconf 86' lang='lat' dir='ltr'><strong>est</strong></span> <span class='ocrx_word' id='word_1_76' title='bbox 1442 2918 1521 3002; x_wconf 90' lang='lat' dir='ltr'><strong>quid</strong></span> <span class='ocrx_word' id='word_1_77' title='bbox 1545 2919 1632 3001; x_wconf 75' lang='lat' dir='ltr'><strong>cogi·</strong></span> 
     </span>
     <span class='ocr_line' id='line_1_11' title="bbox 303 3008 1630 3093; baseline 0.005 -24"><span class='ocrx_word' id='word_1_78' title='bbox 303 3016 393 3070; x_wconf 90' lang='lat' dir='ltr'><strong>taret.</strong></span> <span class='ocrx_word' id='word_1_79' title='bbox 430 3008 465 3071; x_wconf 87' lang='lat' dir='ltr'><strong>L.</strong></span> <span class='ocrx_word' id='word_1_80' title='bbox 490 3010 588 3074; x_wconf 88' lang='lat' dir='ltr'><strong>Cinna</strong></span> <span class='ocrx_word' id='word_1_81' title='bbox 611 3011 763 3086; x_wconf 89' lang='lat' dir='ltr'><strong>cmdelis,</strong></span> <span class='ocrx_word' id='word_1_82' title='bbox 794 3012 826 3074; x_wconf 86' lang='lat' dir='ltr'><strong>C.</strong></span> <span class='ocrx_word' id='word_1_83' title='bbox 850 3012 967 3074; x_wconf 88' lang='lat' dir='ltr'><strong>Marius</strong></span> <span class='ocrx_word' id='word_1_84' title='bbox 990 3015 1021 3076; x_wconf 95' lang='lat' dir='ltr'><strong>in</strong></span> <span class='ocrx_word' id='word_1_85' title='bbox 1044 3011 1208 3074; x_wconf 86' lang='lat' dir='ltr'><strong>iracundia</strong></span> <span class='ocrx_word' id='word_1_86' title='bbox 1230 3031 1454 3093; x_wconf 85' lang='lat' dir='ltr'><strong>perseverans,</strong></span> <span class='ocrx_word' id='word_1_87' title='bbox 1483 3012 1517 3074; x_wconf 86' lang='lat' dir='ltr'><strong>L.</strong></span> <span class='ocrx_word' id='word_1_88' title='bbox 1541 3013 1630 3075; x_wconf 87' lang='lat' dir='ltr'><strong>Sulla</strong></span> 
     </span>
     <span class='ocr_line' id='line_1_12' title="bbox 302 3103 1630 3188; baseline 0.005 -26"><span class='ocrx_word' id='word_1_89' title='bbox 302 3103 490 3179; x_wconf 79' lang='lat' dir='ltr'><strong>vehemens3</strong></span> <span class='ocrx_word' id='word_1_90' title='bbox 520 3126 623 3188; x_wconf 94' lang='lat' dir='ltr'><strong>neque</strong></span> <span class='ocrx_word' id='word_1_91' title='bbox 651 3105 749 3168; x_wconf 92' lang='lat' dir='ltr'><strong>ullius</strong></span> <span class='ocrx_word' id='word_1_92' title='bbox 777 3106 890 3169; x_wconf 92' lang='lat' dir='ltr'><strong>borum</strong></span> <span class='ocrx_word' id='word_1_93' title='bbox 920 3107 953 3168; x_wconf 94' lang='lat' dir='ltr'><strong>in</strong></span> <span class='ocrx_word' id='word_1_94' title='bbox 976 3106 1156 3169; x_wconf 89' lang='lat' dir='ltr'><strong>ulciscendo</strong></span> <span class='ocrx_word' id='word_1_95' title='bbox 1179 3106 1334 3167; x_wconf 86' lang='lat' dir='ltr'><strong>acerbitas</strong></span> <span class='ocrx_word' id='word_1_96' title='bbox 1357 3125 1524 3188; x_wconf 82' lang='lat' dir='ltr'><strong>progressa</strong></span> <span class='ocrx_word' id='word_1_97' title='bbox 1547 3106 1630 3169; x_wconf 90' lang='lat' dir='ltr'><strong>ultra</strong></span> 
     </span>
     <span class='ocr_line' id='line_1_13' title="bbox 267 3196 1629 3283; baseline 0.003 -24"><span class='ocrx_word' id='word_1_98' title='bbox 267 3205 436 3261; x_wconf 73' lang='lat' dir='ltr'><strong>tomortem</strong></span> <span class='ocrx_word' id='word_1_99' title='bbox 458 3208 521 3262; x_wconf 91' lang='lat' dir='ltr'><strong>est:</strong></span> <span class='ocrx_word' id='word_1_100' title='bbox 544 3220 627 3283; x_wconf 88' lang='lat' dir='ltr'><strong>quae</strong></span> <span class='ocrx_word' id='word_1_101' title='bbox 649 3208 753 3262; x_wconf 90' lang='lat' dir='ltr'><strong>tamen</strong></span> <span class='ocrx_word' id='word_1_102' title='bbox 769 3220 872 3282; x_wconf 90' lang='lat' dir='ltr'><strong>poena</strong></span> <span class='ocrx_word' id='word_1_103' title='bbox 887 3201 920 3263; x_wconf 94' lang='lat' dir='ltr'><strong>in</strong></span> <span class='ocrx_word' id='word_1_104' title='bbox 936 3201 1021 3261; x_wconf 89' lang='lat' dir='ltr'><strong>cives</strong></span> <span class='ocrx_word' id='word_1_105' title='bbox 1037 3198 1130 3259; x_wconf 91' lang='lat' dir='ltr'><strong>nimis</strong></span> <span class='ocrx_word' id='word_1_106' title='bbox 1145 3198 1281 3260; x_wconf 88' lang='lat' dir='ltr'><strong>cmdelis</strong></span> <span class='ocrx_word' id='word_1_107' title='bbox 1296 3199 1474 3281; x_wconf 86' lang='lat' dir='ltr'><strong>putabatur.</strong></span> <span class='ocrx_word' id='word_1_108' title='bbox 1501 3196 1533 3261; x_wconf 76' lang='lat'><strong>2.</strong></span> <span class='ocrx_word' id='word_1_109' title='bbox 1547 3201 1629 3263; x_wconf 87' lang='lat' dir='ltr'><strong>Ecce</strong></span> 
     </span>
     <span class='ocr_line' id='line_1_14' title="bbox 304 3291 1628 3376; baseline 0.002 -23"><span class='ocrx_word' id='word_1_110' title='bbox 304 3292 359 3354; x_wconf 90' lang='lat' dir='ltr'><strong>tibi</strong></span> <span class='ocrx_word' id='word_1_111' title='bbox 381 3293 539 3374; x_wconf 79' lang='lat' dir='ltr'><strong>geminum</strong></span> <span class='ocrx_word' id='word_1_112' title='bbox 562 3293 735 3356; x_wconf 87' lang='lat' dir='ltr'><strong>inscelere</strong></span> <span class='ocrx_word' id='word_1_113' title='bbox 758 3314 830 3376; x_wconf 90' lang='lat' dir='ltr'><strong>par,</strong></span> <span class='ocrx_word' id='word_1_114' title='bbox 858 3293 1069 3365; x_wconf 87' lang='lat' dir='ltr'><strong>invisitatum,</strong></span> <span class='ocrx_word' id='word_1_115' title='bbox 1096 3291 1289 3365; x_wconf 90' lang='lat' dir='ltr'><strong>inauditum,</strong></span> <span class='ocrx_word' id='word_1_116' title='bbox 1311 3292 1428 3367; x_wconf 85' lang='lat' dir='ltr'><strong>serum,</strong></span> <span class='ocrx_word' id='word_1_117' title='bbox 1450 3293 1628 3356; x_wconf 89' lang='lat' dir='ltr'><strong>barbarum.</strong></span> 
     </span>
     <span class='ocr_line' id='line_1_15' title="bbox 302 3384 1629 3472; baseline 0.003 -25"><span class='ocrx_word' id='word_1_118' title='bbox 302 3386 415 3469; x_wconf 89' lang='lat' dir='ltr'><strong>ltaque</strong></span> <span class='ocrx_word' id='word_1_119' title='bbox 444 3408 578 3472; x_wconf 91' lang='lat' dir='ltr'><strong>quorum</strong></span> <span class='ocrx_word' id='word_1_120' title='bbox 606 3408 762 3451; x_wconf 89' lang='lat' dir='ltr'><strong>summum</strong></span> <span class='ocrx_word' id='word_1_121' title='bbox 783 3388 944 3471; x_wconf 93' lang='lat' dir='ltr'><strong>quondam</strong></span> <span class='ocrx_word' id='word_1_122' title='bbox 972 3386 1055 3448; x_wconf 87' lang='lat' dir='ltr'><strong>inter</strong></span> <span class='ocrx_word' id='word_1_123' title='bbox 1076 3386 1163 3468; x_wconf 89' lang='lat' dir='ltr'><strong>ipsos</strong></span> <span class='ocrx_word' id='word_1_124' title='bbox 1186 3384 1293 3448; x_wconf 91' lang='lat' dir='ltr'><strong>odium</strong></span> <span class='ocrx_word' id='word_1_125' title='bbox 1315 3386 1498 3470; x_wconf 83' lang='lat' dir='ltr'><strong>bellumque</strong></span> <span class='ocrx_word' id='word_1_126' title='bbox 1519 3389 1629 3451; x_wconf 89' lang='lat' dir='ltr'><strong>merni-</strong></span> 
     </span>
     <span class='ocr_line' id='line_1_16' title="bbox 303 3479 1629 3565; baseline 0.004 -25"><span class='ocrx_word' id='word_1_127' title='bbox 303 3479 411 3555; x_wconf 87' lang='lat' dir='ltr'><strong>uistis,</strong></span> <span class='ocrx_word' id='word_1_128' title='bbox 434 3481 560 3544; x_wconf 89' lang='lat' dir='ltr'><strong>eosdem</strong></span> <span class='ocrx_word' id='word_1_129' title='bbox 583 3489 693 3565; x_wconf 90' lang='lat' dir='ltr'><strong>postea</strong></span> <span class='ocrx_word' id='word_1_130' title='bbox 714 3480 866 3564; x_wconf 83' lang='lat' dir='ltr'><strong>singulari</strong></span> <span class='ocrx_word' id='word_1_131' title='bbox 889 3481 972 3543; x_wconf 90' lang='lat' dir='ltr'><strong>inter</strong></span> <span class='ocrx_word' id='word_1_132' title='bbox 993 3500 1027 3542; x_wconf 89' lang='lat' dir='ltr'><strong>se</strong></span> <span class='ocrx_word' id='word_1_133' title='bbox 1051 3500 1207 3542; x_wconf 88' lang='lat' dir='ltr'><strong>consensu</strong></span> <span class='ocrx_word' id='word_1_134' title='bbox 1229 3487 1260 3542; x_wconf 90' lang='lat' dir='ltr'><strong>et</strong></span> <span class='ocrx_word' id='word_1_135' title='bbox 1281 3499 1388 3542; x_wconf 87' lang='lat' dir='ltr'><strong>amore</strong></span> <span class='ocrx_word' id='word_1_136' title='bbox 1404 3481 1548 3544; x_wconf 83' lang='lat' dir='ltr'><strong>devinxit</strong></span> <span class='ocrx_word' id='word_1_137' title='bbox 1569 3483 1629 3545; x_wconf 93' lang='lat' dir='ltr'><strong>im·</strong></span> 
     </span>
     <span class='ocr_line' id='line_1_17' title="bbox 303 3572 1629 3657; baseline 0.002 -23"><span class='ocrx_word' id='word_1_138' title='bbox 303 3572 509 3655; x_wconf 90' lang='lat' dir='ltr'><strong>probissimae</strong></span> <span class='ocrx_word' id='word_1_139' title='bbox 532 3582 661 3638; x_wconf 90' lang='lat' dir='ltr'><strong>naturae</strong></span> <span class='ocrx_word' id='word_1_140' title='bbox 683 3585 716 3639; x_wconf 86' lang='lat' dir='ltr'><strong>et</strong></span> <span class='ocrx_word' id='word_1_141' title='bbox 737 3575 936 3656; x_wconf 84' lang='lat' dir='ltr'><strong>turpissimae</strong></span> <span class='ocrx_word' id='word_1_142' title='bbox 952 3574 1034 3638; x_wconf 85' lang='lat' dir='ltr'><strong>vitae</strong></span> <span class='ocrx_word' id='word_1_143' title='bbox 1056 3572 1238 3635; x_wconf 86' lang='lat' dir='ltr'><strong>similitudo.</strong></span> <span class='ocrx_word' id='word_1_144' title='bbox 1273 3574 1357 3655; x_wconf 80' lang='lat' dir='ltr'><strong>Ergo</strong></span> <span class='ocrx_word' id='word_1_145' title='bbox 1381 3573 1430 3646; x_wconf 93' lang='lat' dir='ltr'><strong>id,</strong></span> <span class='ocrx_word' id='word_1_146' title='bbox 1452 3574 1539 3657; x_wconf 93' lang='lat' dir='ltr'><strong>quod</strong></span> <span class='ocrx_word' id='word_1_147' title='bbox 1554 3574 1629 3639; x_wconf 85' lang='lat' dir='ltr'><strong>iecit</strong></span> 
     </span>
     <span class='ocr_line' id='line_1_18' title="bbox 267 3666 1629 3753; baseline 0.004 -25"><span class='ocrx_word' id='word_1_148' title='bbox 267 3666 465 3730; x_wconf 81' lang='lat' dir='ltr'><strong>⁴5Dolabella</strong></span> <span class='ocrx_word' id='word_1_149' title='bbox 492 3668 525 3731; x_wconf 93' lang='lat' dir='ltr'><strong>in</strong></span> <span class='ocrx_word' id='word_1_150' title='bbox 556 3689 620 3751; x_wconf 94' lang='lat' dir='ltr'><strong>quo</strong></span> <span class='ocrx_word' id='word_1_151' title='bbox 650 3671 766 3753; x_wconf 90' lang='lat' dir='ltr'><strong>potuit,</strong></span> <span class='ocrx_word' id='word_1_152' title='bbox 798 3668 904 3732; x_wconf 91' lang='lat' dir='ltr'><strong>multis</strong></span> <span class='ocrx_word' id='word_1_153' title='bbox 926 3667 1010 3732; x_wconf 90' lang='lat' dir='ltr'><strong>idem</strong></span> <span class='ocrx_word' id='word_1_154' title='bbox 1034 3669 1169 3730; x_wconf 91' lang='lat' dir='ltr'><strong>minatur</strong></span> <span class='ocrx_word' id='word_1_155' title='bbox 1189 3667 1356 3729; x_wconf 84' lang='lat' dir='ltr'><strong>Antonius.</strong></span> <span class='ocrx_word' id='word_1_156' title='bbox 1395 3668 1457 3731; x_wconf 89' lang='lat' dir='ltr'><strong>Sed</strong></span> <span class='ocrx_word' id='word_1_157' title='bbox 1479 3669 1534 3732; x_wconf 91' lang='lat' dir='ltr'><strong>ille</strong></span> <span class='ocrx_word' id='word_1_158' title='bbox 1556 3690 1629 3733; x_wconf 88' lang='lat' dir='ltr'><strong>cum</strong></span> 
     </span>
     <span class='ocr_line' id='line_1_19' title="bbox 303 3760 1628 3845; baseline 0.003 -23"><span class='ocrx_word' id='word_1_159' title='bbox 303 3761 413 3843; x_wconf 92' lang='lat' dir='ltr'><strong>procul</strong></span> <span class='ocrx_word' id='word_1_160' title='bbox 436 3771 520 3826; x_wconf 90' lang='lat' dir='ltr'><strong>esset</strong></span> <span class='ocrx_word' id='word_1_161' title='bbox 540 3782 558 3824; x_wconf 90' lang='lat' dir='ltr'><strong>a</strong></span> <span class='ocrx_word' id='word_1_162' title='bbox 580 3764 763 3826; x_wconf 90' lang='lat' dir='ltr'><strong>consulibus</strong></span> <span class='ocrx_word' id='word_1_163' title='bbox 779 3763 1034 3845; x_wconf 86' lang='lat' dir='ltr'><strong>exercitibusque</strong></span> <span class='ocrx_word' id='word_1_164' title='bbox 1056 3762 1172 3824; x_wconf 90' lang='lat' dir='ltr'><strong>nostris</strong></span> <span class='ocrx_word' id='word_1_165' title='bbox 1187 3781 1291 3842; x_wconf 90' lang='lat' dir='ltr'><strong>neque</strong></span> <span class='ocrx_word' id='word_1_166' title='bbox 1308 3760 1383 3823; x_wconf 92' lang='lat' dir='ltr'><strong>dum</strong></span> <span class='ocrx_word' id='word_1_167' title='bbox 1397 3769 1541 3825; x_wconf 88' lang='lat' dir='ltr'><strong>senatum</strong></span> <span class='ocrx_word' id='word_1_168' title='bbox 1556 3783 1628 3826; x_wconf 90' lang='lat' dir='ltr'><strong>cum</strong></span> 
     </span>
     <span class='ocr_line' id='line_1_20' title="bbox 302 3855 1628 3938; baseline 0.002 -23"><span class='ocrx_word' id='word_1_169' title='bbox 302 3855 423 3936; x_wconf 94' lang='lat' dir='ltr'><strong>populo</strong></span> <span class='ocrx_word' id='word_1_170' title='bbox 454 3857 593 3918; x_wconf 83' lang='lat' dir='ltr'><strong>Romano</strong></span> <span class='ocrx_word' id='word_1_171' title='bbox 624 3858 821 3938; x_wconf 85' lang='lat' dir='ltr'><strong>conspirasse</strong></span> <span class='ocrx_word' id='word_1_172' title='bbox 852 3857 1019 3930; x_wconf 87' lang='lat' dir='ltr'><strong>sensisset,</strong></span> <span class='ocrx_word' id='word_1_173' title='bbox 1047 3855 1144 3917; x_wconf 86' lang='lat' dir='ltr'><strong>fretus</strong></span> <span class='ocrx_word' id='word_1_174' title='bbox 1166 3855 1295 3916; x_wconf 75' lang='lat' dir='ltr'><strong>Antonii</strong></span> <span class='ocrx_word' id='word_1_175' title='bbox 1324 3855 1425 3938; x_wconf 90' lang='lat' dir='ltr'><strong>copiis</strong></span> <span class='ocrx_word' id='word_1_176' title='bbox 1447 3875 1486 3918; x_wconf 90' lang='lat' dir='ltr'><strong>ea</strong></span> <span class='ocrx_word' id='word_1_177' title='bbox 1508 3856 1628 3919; x_wconf 83' lang='lat' dir='ltr'><strong>scelera</strong></span> 
     </span>
     <span class='ocr_line' id='line_1_21' title="bbox 303 3949 1628 4032; baseline 0.004 -23"><span class='ocrx_word' id='word_1_178' title='bbox 303 3950 457 4031; x_wconf 88' lang='lat' dir='ltr'><strong>suscepit,</strong></span> <span class='ocrx_word' id='word_1_179' title='bbox 491 3969 572 4032; x_wconf 89' lang='lat' dir='ltr'><strong>quae</strong></span> <span class='ocrx_word' id='word_1_180' title='bbox 604 3951 721 4012; x_wconf 84' lang='lat' dir='ltr'><strong>llomae</strong></span> <span class='ocrx_word' id='word_1_181' title='bbox 755 3953 816 4013; x_wconf 86' lang='lat' dir='ltr'><strong>inm</strong></span> <span class='ocrx_word' id='word_1_182' title='bbox 851 3958 998 4032; x_wconf 89' lang='lat' dir='ltr'><strong>suscepta</strong></span> <span class='ocrx_word' id='word_1_183' title='bbox 1030 3950 1239 4012; x_wconf 86' lang='lat' dir='ltr'><strong>arbitrabatur</strong></span> <span class='ocrx_word' id='word_1_184' title='bbox 1267 3970 1285 4011; x_wconf 87' lang='lat' dir='ltr'><strong>a</strong></span> <span class='ocrx_word' id='word_1_185' title='bbox 1313 3950 1399 4012; x_wconf 86' lang='lat' dir='ltr'><strong>socio</strong></span> <span class='ocrx_word' id='word_1_186' title='bbox 1428 3949 1545 4014; x_wconf 86' lang='lat' dir='ltr'><strong>furoris</strong></span> <span class='ocrx_word' id='word_1_187' title='bbox 1568 3953 1628 4014; x_wconf 89' lang='lat' dir='ltr'><strong>sui.</strong></span> 
     </span>
     <span class='ocr_line' id='line_1_22' title="bbox 303 4039 1629 4126; baseline 0.003 -24"><span class='ocrx_word' id='word_1_188' title='bbox 303 4039 333 4104; x_wconf 88' lang='grc'><strong>3.</strong></span> <span class='ocrx_word' id='word_1_189' title='bbox 356 4042 439 4117; x_wconf 85' lang='lat' dir='ltr'><strong>Quid</strong></span> <span class='ocrx_word' id='word_1_190' title='bbox 463 4063 537 4124; x_wconf 81' lang='lat' dir='ltr'><strong>ergo</strong></span> <span class='ocrx_word' id='word_1_191' title='bbox 560 4044 644 4106; x_wconf 92' lang='lat' dir='ltr'><strong>bunc</strong></span> <span class='ocrx_word' id='word_1_192' title='bbox 665 4045 751 4106; x_wconf 86' lang='lat' dir='ltr'><strong>aliud</strong></span> <span class='ocrx_word' id='word_1_193' title='bbox 773 4046 894 4119; x_wconf 87' lang='lat' dir='ltr'><strong>moliri,</strong></span> <span class='ocrx_word' id='word_1_194' title='bbox 916 4044 993 4126; x_wconf 92' lang='lat' dir='ltr'><strong>quid</strong></span> <span class='ocrx_word' id='word_1_195' title='bbox 1018 4050 1128 4124; x_wconf 89' lang='lat' dir='ltr'><strong>optare</strong></span> <span class='ocrx_word' id='word_1_196' title='bbox 1151 4044 1286 4105; x_wconf 88' lang='lat' dir='ltr'><strong>censetis</strong></span> <span class='ocrx_word' id='word_1_197' title='bbox 1308 4051 1363 4106; x_wconf 86' lang='lat' dir='ltr'><strong>aut</strong></span> <span class='ocrx_word' id='word_1_198' title='bbox 1381 4064 1476 4126; x_wconf 89' lang='lat' dir='ltr'><strong>quam</strong></span> <span class='ocrx_word' id='word_1_199' title='bbox 1499 4045 1629 4106; x_wconf 93' lang='lat' dir='ltr'><strong>omnino</strong></span> 
     </span>
     <span class='ocr_line' id='line_1_23' title="bbox 265 4136 1703 4227; baseline 0.003 -32"><span class='ocrx_word' id='word_1_200' title='bbox 265 4147 428 4199; x_wconf 65' lang='lat' dir='ltr'><strong>etecusam</strong></span> <span class='ocrx_word' id='word_1_201' title='bbox 451 4157 520 4198; x_wconf 87' lang='lat' dir='ltr'><strong>esse</strong></span> <span class='ocrx_word' id='word_1_202' title='bbox 542 4137 640 4199; x_wconf 80' lang='lat' dir='ltr'><strong>bellii</strong></span> <span class='ocrx_word' id='word_1_203' title='bbox 663 4137 790 4212; x_wconf 90' lang='lat' dir='ltr'><strong>Omnes,</strong></span> <span class='ocrx_word' id='word_1_204' title='bbox 814 4140 866 4222; x_wconf 93' lang='lat' dir='ltr'><strong>qui</strong></span> <span class='ocrx_word' id='word_1_205' title='bbox 889 4139 988 4200; x_wconf 88' lang='lat' dir='ltr'><strong>libere</strong></span> <span class='ocrx_word' id='word_1_206' title='bbox 1004 4136 1042 4199; x_wconf 90' lang='lat' dir='ltr'><strong>de</strong></span> <span class='ocrx_word' id='word_1_207' title='bbox 1065 4157 1098 4198; x_wconf 89' lang='lat' dir='ltr'><strong>re</strong></span> <span class='ocrx_word' id='word_1_208' title='bbox 1121 4136 1246 4219; x_wconf 84' lang='lat' dir='ltr'><strong>publica</strong></span> <span class='ocrx_word' id='word_1_209' title='bbox 1261 4137 1427 4212; x_wconf 87' lang='lat' dir='ltr'><strong>sensimus,</strong></span> <span class='ocrx_word' id='word_1_210' title='bbox 1445 4139 1499 4221; x_wconf 90' lang='lat' dir='ltr'><strong>qni</strong></span> <span class='ocrx_word' id='word_1_211' title='bbox 1516 4139 1628 4219; x_wconf 83' lang='lat' dir='ltr'><strong>dignas</strong></span> <span class='ocrx_word' id='word_1_212' title='bbox 1694 4200 1703 4227; x_wconf 40' lang='grc' dir='ltr'>Ι</span> 
     </span>
     <span class='ocr_line' id='line_1_24' title="bbox 302 4230 1628 4315; baseline 0.001 -24"><span class='ocrx_word' id='word_1_213' title='bbox 302 4230 393 4291; x_wconf 90' lang='lat' dir='ltr'><strong>nobis</strong></span> <span class='ocrx_word' id='word_1_214' title='bbox 416 4231 587 4294; x_wconf 89' lang='lat' dir='ltr'><strong>sententias</strong></span> <span class='ocrx_word' id='word_1_215' title='bbox 609 4231 763 4304; x_wconf 86' lang='lat' dir='ltr'><strong>diximus,</strong></span> <span class='ocrx_word' id='word_1_216' title='bbox 785 4234 837 4315; x_wconf 93' lang='lat' dir='ltr'><strong>qui</strong></span> <span class='ocrx_word' id='word_1_217' title='bbox 861 4231 1014 4314; x_wconf 91' lang='lat' dir='ltr'><strong>populum</strong></span> <span class='ocrx_word' id='word_1_218' title='bbox 1033 4233 1207 4293; x_wconf 85' lang='lat' dir='ltr'><strong>Romanum</strong></span> <span class='ocrx_word' id='word_1_219' title='bbox 1223 4231 1357 4293; x_wconf 89' lang='lat' dir='ltr'><strong>liberum</strong></span> <span class='ocrx_word' id='word_1_220' title='bbox 1373 4251 1443 4293; x_wconf 91' lang='lat' dir='ltr'><strong>esse</strong></span> <span class='ocrx_word' id='word_1_221' title='bbox 1458 4232 1628 4304; x_wconf 87' lang='lat' dir='ltr'><strong>voluimus,</strong></span> 
     </span>
     <span class='ocr_line' id='line_1_25' title="bbox 303 4324 1627 4408; baseline 0.004 -24"><span class='ocrx_word' id='word_1_222' title='bbox 303 4324 412 4386; x_wconf 87' lang='lat' dir='ltr'><strong>statuit</strong></span> <span class='ocrx_word' id='word_1_223' title='bbox 441 4324 495 4386; x_wconf 93' lang='lat' dir='ltr'><strong>ille</strong></span> <span class='ocrx_word' id='word_1_224' title='bbox 530 4324 657 4408; x_wconf 91' lang='lat' dir='ltr'><strong>quidem</strong></span> <span class='ocrx_word' id='word_1_225' title='bbox 692 4344 757 4387; x_wconf 94' lang='lat' dir='ltr'><strong>non</strong></span> <span class='ocrx_word' id='word_1_226' title='bbox 790 4327 952 4400; x_wconf 90' lang='lat' dir='ltr'><strong>inimicos,</strong></span> <span class='ocrx_word' id='word_1_227' title='bbox 986 4324 1043 4387; x_wconf 88' lang='lat' dir='ltr'><strong>sed</strong></span> <span class='ocrx_word' id='word_1_228' title='bbox 1073 4325 1197 4387; x_wconf 86' lang='lat' dir='ltr'><strong>hostes:</strong></span> <span class='ocrx_word' id='word_1_229' title='bbox 1231 4325 1350 4388; x_wconf 88' lang='lat' dir='ltr'><strong>maiora</strong></span> <span class='ocrx_word' id='word_1_230' title='bbox 1378 4333 1482 4387; x_wconf 90' lang='lat' dir='ltr'><strong>tamen</strong></span> <span class='ocrx_word' id='word_1_231' title='bbox 1509 4325 1541 4387; x_wconf 96' lang='lat' dir='ltr'><strong>in</strong></span> <span class='ocrx_word' id='word_1_232' title='bbox 1568 4345 1627 4389; x_wconf 91' lang='lat' dir='ltr'><strong>nos</strong></span> 
     </span>
    </p>
   </div>
   <div class='ocr_carea' id='block_1_4' title="bbox 302 4622 1630 5884">
    <p class='ocr_par' dir='ltr' id='par_1_5' title="bbox 302 4622 1630 5884">
     <span class='ocr_line' id='line_1_26' title="bbox 369 4622 1630 4685; baseline 0.002 -14"><span class='ocrx_word' id='word_1_233' title='bbox 369 4624 392 4672; x_wconf 98' lang='grc'><strong>4.</strong></span> <span class='ocrx_word' id='word_1_234' title='bbox 412 4622 495 4673; x_wconf 83' lang='lat' dir='ltr'><strong>dolore</strong></span> <span class='ocrx_word' id='word_1_235' title='bbox 516 4635 571 4672; x_wconf 80' lang='lat' dir='ltr'><strong>sam</strong></span> <span class='ocrx_word' id='word_1_236' title='bbox 589 4637 616 4685; x_wconf 88' lang='lat' dir='ltr'><strong>p.</strong></span> <span class='ocrx_word' id='word_1_237' title='bbox 635 4637 656 4673; x_wconf 88' lang='lat' dir='ltr'><strong>c.</strong></span> <span class='ocrx_word' id='word_1_238' title='bbox 675 4624 697 4673; x_wconf 89' lang='lat' dir='ltr'>D</span> <span class='ocrx_word' id='word_1_239' title='bbox 717 4649 744 4659; x_wconf 97' lang='lat'>-</span> <span class='ocrx_word' id='word_1_240' title='bbox 768 4624 792 4674; x_wconf 76' lang='lat'><strong>2.</strong></span> <span class='ocrx_word' id='word_1_241' title='bbox 811 4623 905 4673; x_wconf 80' lang='lat' dir='ltr'><strong>trebont</strong></span> <span class='ocrx_word' id='word_1_242' title='bbox 925 4623 973 4672; x_wconf 90' lang='lat' dir='ltr'><strong>Vb</strong></span> <span class='ocrx_word' id='word_1_243' title='bbox 994 4651 1021 4659; x_wconf 97' lang='lat'><em>-</em></span> <span class='ocrx_word' id='word_1_244' title='bbox 1047 4623 1070 4673; x_wconf 84' lang='lat'><strong>3.</strong></span> <span class='ocrx_word' id='word_1_245' title='bbox 1091 4623 1181 4684; x_wconf 79' lang='lat' dir='ltr'><strong>aliquit</strong></span> <span class='ocrx_word' id='word_1_246' title='bbox 1197 4623 1218 4670; x_wconf 99' lang='lat' dir='ltr'>V</span> <span class='ocrx_word' id='word_1_247' title='bbox 1237 4649 1263 4657; x_wconf 91' lang='lat'><em>-</em></span> <span class='ocrx_word' id='word_1_248' title='bbox 1290 4623 1356 4685; x_wconf 87' lang='lat' dir='ltr'><strong>quod</strong></span> <span class='ocrx_word' id='word_1_249' title='bbox 1372 4636 1426 4673; x_wconf 91' lang='lat' dir='ltr'><strong>om.</strong></span> <span class='ocrx_word' id='word_1_250' title='bbox 1444 4626 1455 4673; x_wconf 89' lang='lat' dir='ltr'><strong>t</strong></span> <span class='ocrx_word' id='word_1_251' title='bbox 1474 4651 1500 4660; x_wconf 99' lang='lat'>-</span> <span class='ocrx_word' id='word_1_252' title='bbox 1520 4623 1544 4674; x_wconf 95' lang='grc'><strong>4.</strong></span> <span class='ocrx_word' id='word_1_253' title='bbox 1564 4625 1630 4673; x_wconf 80' lang='lat' dir='ltr'><strong>cutm</strong></span> 
     </span>
     <span class='ocr_line' id='line_1_27' title="bbox 302 4698 1630 4761; baseline 0.002 -15"><span class='ocrx_word' id='word_1_254' title='bbox 302 4711 379 4759; x_wconf 83' lang='lat' dir='ltr'><strong>quom</strong></span> <span class='ocrx_word' id='word_1_255' title='bbox 395 4712 471 4746; x_wconf 74' lang='lat' dir='ltr'><strong>omno</strong></span> <span class='ocrx_word' id='word_1_256' title='bbox 487 4703 618 4758; x_wconf 72' lang='lat' dir='ltr'><strong>cooperunt</strong></span> <span class='ocrx_word' id='word_1_257' title='bbox 634 4712 651 4746; x_wconf 85' lang='lat' dir='ltr'><strong>n</strong></span> <span class='ocrx_word' id='word_1_258' title='bbox 673 4699 699 4747; x_wconf 83' lang='lat' dir='ltr'><strong>tn</strong></span> <span class='ocrx_word' id='word_1_259' title='bbox 715 4699 761 4747; x_wconf 82' lang='lat' dir='ltr'><strong>biis</strong></span> <span class='ocrx_word' id='word_1_260' title='bbox 778 4701 821 4759; x_wconf 83' lang='lat' dir='ltr'><strong>qut</strong></span> <span class='ocrx_word' id='word_1_261' title='bbox 836 4705 925 4748; x_wconf 82' lang='lat' dir='ltr'><strong>contro</strong></span> <span class='ocrx_word' id='word_1_262' title='bbox 938 4700 1053 4760; x_wconf 77' lang='lat' dir='ltr'><strong>patriam</strong></span> <span class='ocrx_word' id='word_1_263' title='bbox 1069 4699 1200 4748; x_wconf 82' lang='lat' dir='ltr'><strong>isceteroto</strong></span> <span class='ocrx_word' id='word_1_264' title='bbox 1216 4712 1291 4747; x_wconf 88' lang='lat' dir='ltr'><strong>ormo</strong></span> <span class='ocrx_word' id='word_1_265' title='bbox 1307 4703 1440 4761; x_wconf 77' lang='lat' dir='ltr'><strong>cooperunt</strong></span> <span class='ocrx_word' id='word_1_266' title='bbox 1456 4698 1477 4745; x_wconf 88' lang='lat' dir='ltr'>V</span> <span class='ocrx_word' id='word_1_267' title='bbox 1496 4725 1523 4734; x_wconf 91' lang='lat'><em>-</em></span> <span class='ocrx_word' id='word_1_268' title='bbox 1550 4699 1576 4747; x_wconf 83' lang='grc'><strong>444</strong></span> <span class='ocrx_word' id='word_1_269' title='bbox 1592 4699 1630 4748; x_wconf 81' lang='lat' dir='ltr'><strong>bis</strong></span> 
     </span>
     <span class='ocr_line' id='line_1_28' title="bbox 302 4773 1630 4836; baseline 0.001 -13"><span class='ocrx_word' id='word_1_270' title='bbox 302 4774 324 4823; x_wconf 89' lang='lat' dir='ltr'>D</span> <span class='ocrx_word' id='word_1_271' title='bbox 348 4799 371 4807; x_wconf 93' lang='lat'><em>-</em></span> <span class='ocrx_word' id='word_1_272' title='bbox 391 4773 415 4822; x_wconf 87' lang='grc'><strong>6.</strong></span> <span class='ocrx_word' id='word_1_273' title='bbox 434 4773 561 4822; x_wconf 71' lang='lat' dir='ltr'><strong>teterrimo</strong></span> <span class='ocrx_word' id='word_1_274' title='bbox 577 4773 629 4822; x_wconf 88' lang='lat' dir='ltr'><strong>DO</strong></span> <span class='ocrx_word' id='word_1_275' title='bbox 650 4800 676 4809; x_wconf 99' lang='lat'>-</span> <span class='ocrx_word' id='word_1_276' title='bbox 698 4773 723 4822; x_wconf 77' lang='lat' dir='ltr'><strong>i.</strong></span> <span class='ocrx_word' id='word_1_277' title='bbox 742 4773 816 4836; x_wconf 71' lang='lat' dir='ltr'><strong>efficit</strong></span> <span class='ocrx_word' id='word_1_278' title='bbox 833 4775 843 4822; x_wconf 91' lang='lat' dir='ltr'><strong>t</strong></span> <span class='ocrx_word' id='word_1_279' title='bbox 861 4800 888 4808; x_wconf 93' lang='lat'>-</span> <span class='ocrx_word' id='word_1_280' title='bbox 912 4779 1014 4836; x_wconf 82' lang='lat' dir='ltr'><strong>optarat</strong></span> <span class='ocrx_word' id='word_1_281' title='bbox 1031 4774 1066 4822; x_wconf 89' lang='lat' dir='ltr'><strong>V:</strong></span> <span class='ocrx_word' id='word_1_282' title='bbox 1090 4773 1193 4836; x_wconf 82' lang='lat' dir='ltr'><strong>optabat</strong></span> <span class='ocrx_word' id='word_1_283' title='bbox 1211 4775 1263 4824; x_wconf 88' lang='lat' dir='ltr'><strong>D0</strong></span> <span class='ocrx_word' id='word_1_284' title='bbox 1280 4801 1312 4810; x_wconf 92' lang='lat'>-</span> <span class='ocrx_word' id='word_1_285' title='bbox 1333 4775 1487 4836; x_wconf 68' lang='lat' dir='ltr'><strong>potetoctum</strong></span> <span class='ocrx_word' id='word_1_286' title='bbox 1504 4775 1533 4824; x_wconf 81' lang='lat' dir='ltr'><strong>de</strong></span> <span class='ocrx_word' id='word_1_287' title='bbox 1550 4775 1630 4824; x_wconf 75' lang='lat' dir='ltr'><strong>adero</strong></span> 
     </span>
     <span class='ocr_line' id='line_1_29' title="bbox 302 4847 1628 4910; baseline 0 -12"><span class='ocrx_word' id='word_1_288' title='bbox 302 4847 320 4898; x_wconf 95' lang='lat' dir='ltr'><strong>b</strong></span> <span class='ocrx_word' id='word_1_289' title='bbox 340 4875 367 4884; x_wconf 94' lang='lat'><em>-</em></span> <span class='ocrx_word' id='word_1_290' title='bbox 387 4849 478 4909; x_wconf 79' lang='lat' dir='ltr'><strong>quodi</strong></span> <span class='ocrx_word' id='word_1_291' title='bbox 495 4874 522 4883; x_wconf 93' lang='lat'>-</span> <span class='ocrx_word' id='word_1_292' title='bbox 549 4848 573 4896; x_wconf 87' lang='lat'><strong>8.</strong></span> <span class='ocrx_word' id='word_1_293' title='bbox 592 4848 655 4909; x_wconf 73' lang='lat' dir='ltr'><strong>sylla</strong></span> <span class='ocrx_word' id='word_1_294' title='bbox 672 4847 751 4910; x_wconf 81' lang='lat' dir='ltr'><strong>Vgt;</strong></span> <span class='ocrx_word' id='word_1_295' title='bbox 773 4848 829 4896; x_wconf 76' lang='lat' dir='ltr'><strong>cillo</strong></span> <span class='ocrx_word' id='word_1_296' title='bbox 846 4860 860 4895; x_wconf 88' lang='lat' dir='ltr'><strong>a</strong></span> <span class='ocrx_word' id='word_1_297' title='bbox 880 4872 908 4883; x_wconf 86' lang='lat'>-</span> <span class='ocrx_word' id='word_1_298' title='bbox 932 4849 971 4898; x_wconf 85' lang='lat' dir='ltr'><strong>td.</strong></span> <span class='ocrx_word' id='word_1_299' title='bbox 990 4849 1052 4897; x_wconf 82' lang='lat' dir='ltr'><strong>cinis</strong></span> <span class='ocrx_word' id='word_1_300' title='bbox 1069 4849 1110 4898; x_wconf 87' lang='lat' dir='ltr'><strong>Vt</strong></span> <span class='ocrx_word' id='word_1_301' title='bbox 1129 4875 1155 4883; x_wconf 92' lang='lat'>-</span> <span class='ocrx_word' id='word_1_302' title='bbox 1178 4849 1269 4898; x_wconf 79' lang='lat' dir='ltr'><strong>animis</strong></span> <span class='ocrx_word' id='word_1_303' title='bbox 1284 4849 1307 4896; x_wconf 94' lang='lat' dir='ltr'>V</span> <span class='ocrx_word' id='word_1_304' title='bbox 1325 4874 1352 4883; x_wconf 91' lang='lat'><em>-</em></span> <span class='ocrx_word' id='word_1_305' title='bbox 1376 4851 1416 4898; x_wconf 88' lang='grc'><strong>44.</strong></span> <span class='ocrx_word' id='word_1_306' title='bbox 1435 4849 1592 4897; x_wconf 70' lang='lat' dir='ltr'><strong>multitatem</strong></span> <span class='ocrx_word' id='word_1_307' title='bbox 1609 4850 1628 4909; x_wconf 90' lang='lat' dir='ltr'><strong>t,</strong></span> 
     </span>
     <span class='ocr_line' id='line_1_30' title="bbox 303 4920 1629 4989; baseline 0.002 -17"><span class='ocrx_word' id='word_1_308' title='bbox 303 4925 332 4972; x_wconf 91' lang='lat' dir='ltr'><strong>ut</strong></span> <span class='ocrx_word' id='word_1_309' title='bbox 347 4924 416 4972; x_wconf 87' lang='lat' dir='ltr'><strong>coni.</strong></span> <span class='ocrx_word' id='word_1_310' title='bbox 435 4923 576 4973; x_wconf 85' lang='lat' dir='ltr'><strong>Graevius:</strong></span> <span class='ocrx_word' id='word_1_311' title='bbox 600 4923 746 4972; x_wconf 76' lang='lat' dir='ltr'><strong>inusitatum</strong></span> <span class='ocrx_word' id='word_1_312' title='bbox 763 4920 899 4985; x_wconf 80' lang='lat' dir='ltr'><strong>angO.</strong></span> <span class='ocrx_word' id='word_1_313' title='bbox 927 4923 999 4982; x_wconf 84' lang='lat' dir='ltr'><strong>Quae</strong></span> <span class='ocrx_word' id='word_1_314' title='bbox 1024 4922 1185 4974; x_wconf 84' lang='lat' dir='ltr'><strong>blnetzellius</strong></span> <span class='ocrx_word' id='word_1_315' title='bbox 1206 4924 1239 4972; x_wconf 89' lang='lat' dir='ltr'><strong>ad</strong></span> <span class='ocrx_word' id='word_1_316' title='bbox 1263 4925 1335 4974; x_wconf 88' lang='lat' dir='ltr'><strong>Curt.</strong></span> <span class='ocrx_word' id='word_1_317' title='bbox 1354 4938 1381 4988; x_wconf 85' lang='lat' dir='ltr'><strong>p.</strong></span> <span class='ocrx_word' id='word_1_318' title='bbox 1394 4924 1442 4975; x_wconf 85' lang='grc'><strong>443</strong></span> <span class='ocrx_word' id='word_1_319' title='bbox 1459 4938 1500 4988; x_wconf 90' lang='lat' dir='ltr'><strong>sq.</strong></span> <span class='ocrx_word' id='word_1_320' title='bbox 1520 4925 1629 4989; x_wconf 84' lang='lat' dir='ltr'><strong>copiose</strong></span> 
     </span>
     <span class='ocr_line' id='line_1_31' title="bbox 303 4997 1630 5063; baseline 0.001 -15"><span class='ocrx_word' id='word_1_321' title='bbox 303 4997 336 5048; x_wconf 90' lang='lat' dir='ltr'><strong>de</strong></span> <span class='ocrx_word' id='word_1_322' title='bbox 354 5000 448 5048; x_wconf 89' lang='lat' dir='ltr'><strong>borum</strong></span> <span class='ocrx_word' id='word_1_323' title='bbox 466 4998 609 5048; x_wconf 85' lang='lat' dir='ltr'><strong>verborum</strong></span> <span class='ocrx_word' id='word_1_324' title='bbox 628 4998 779 5048; x_wconf 87' lang='lat' dir='ltr'><strong>discrimine</strong></span> <span class='ocrx_word' id='word_1_325' title='bbox 796 4997 950 5062; x_wconf 80' lang='lat' dir='ltr'><strong>disputavit,</strong></span> <span class='ocrx_word' id='word_1_326' title='bbox 970 5011 1093 5062; x_wconf 77' lang='lat' dir='ltr'><strong>magnam</strong></span> <span class='ocrx_word' id='word_1_327' title='bbox 1111 5001 1214 5063; x_wconf 85' lang='lat' dir='ltr'><strong>partem</strong></span> <span class='ocrx_word' id='word_1_328' title='bbox 1232 4997 1358 5062; x_wconf 77' lang='lat' dir='ltr'><strong>neglectis</strong></span> <span class='ocrx_word' id='word_1_329' title='bbox 1370 5000 1529 5061; x_wconf 87' lang='lat' dir='ltr'><strong>optimorum</strong></span> <span class='ocrx_word' id='word_1_330' title='bbox 1547 4998 1630 5049; x_wconf 92' lang='lat' dir='ltr'><strong>libro-</strong></span> 
     </span>
     <span class='ocr_line' id='line_1_32' title="bbox 303 5071 1628 5136; baseline 0 -14"><span class='ocrx_word' id='word_1_331' title='bbox 303 5086 362 5123; x_wconf 88' lang='lat' dir='ltr'><strong>rum</strong></span> <span class='ocrx_word' id='word_1_332' title='bbox 379 5071 578 5122; x_wconf 85' lang='lat' dir='ltr'><strong>auctoritatibus</strong></span> <span class='ocrx_word' id='word_1_333' title='bbox 595 5072 726 5136; x_wconf 85' lang='lat' dir='ltr'><strong>disputata</strong></span> <span class='ocrx_word' id='word_1_334' title='bbox 744 5076 819 5132; x_wconf 82' lang='lat' dir='ltr'><strong>sunt3</strong></span> <span class='ocrx_word' id='word_1_335' title='bbox 841 5086 901 5122; x_wconf 87' lang='lat' dir='ltr'><strong>nam</strong></span> <span class='ocrx_word' id='word_1_336' title='bbox 914 5072 1009 5122; x_wconf 85' lang='lat' dir='ltr'><strong>saltem</strong></span> <span class='ocrx_word' id='word_1_337' title='bbox 1027 5076 1052 5122; x_wconf 90' lang='lat' dir='ltr'><strong>in</strong></span> <span class='ocrx_word' id='word_1_338' title='bbox 1071 5073 1132 5122; x_wconf 85' lang='lat' dir='ltr'><strong>Livii</strong></span> <span class='ocrx_word' id='word_1_339' title='bbox 1146 5073 1187 5125; x_wconf 85' lang='lat' dir='ltr'><strong>lV.</strong></span> <span class='ocrx_word' id='word_1_340' title='bbox 1205 5072 1246 5131; x_wconf 84' lang='grc'><strong>33,</strong></span> <span class='ocrx_word' id='word_1_341' title='bbox 1265 5073 1289 5121; x_wconf 94' lang='grc'><strong>4.</strong></span> <span class='ocrx_word' id='word_1_342' title='bbox 1309 5073 1340 5131; x_wconf 91' lang='lat' dir='ltr'><strong>V,</strong></span> <span class='ocrx_word' id='word_1_343' title='bbox 1353 5074 1393 5131; x_wconf 83' lang='grc'><strong>47,</strong></span> <span class='ocrx_word' id='word_1_344' title='bbox 1406 5072 1431 5122; x_wconf 89' lang='lat'><strong>8.</strong></span> <span class='ocrx_word' id='word_1_345' title='bbox 1450 5072 1490 5132; x_wconf 78' lang='grc'><strong>33,</strong></span> <span class='ocrx_word' id='word_1_346' title='bbox 1503 5071 1528 5122; x_wconf 84' lang='lat' dir='ltr'><strong>l.</strong></span> <span class='ocrx_word' id='word_1_347' title='bbox 1548 5073 1590 5134; x_wconf 79' lang='lat'><strong>37,</strong></span> <span class='ocrx_word' id='word_1_348' title='bbox 1603 5075 1628 5123; x_wconf 74' lang='lat'><strong>2.</strong></span> 
     </span>
     <span class='ocr_line' id='line_1_33' title="bbox 303 5146 1630 5210; baseline 0.001 -12"><span class='ocrx_word' id='word_1_349' title='bbox 303 5148 343 5207; x_wconf 81' lang='grc'><strong>43,</strong></span> <span class='ocrx_word' id='word_1_350' title='bbox 363 5146 386 5199; x_wconf 90' lang='grc'><strong>4.</strong></span> <span class='ocrx_word' id='word_1_351' title='bbox 404 5149 524 5208; x_wconf 80' lang='lat' dir='ltr'><strong>xxxrtV,</strong></span> <span class='ocrx_word' id='word_1_352' title='bbox 543 5148 587 5209; x_wconf 71' lang='grc'><strong>44,</strong></span> <span class='ocrx_word' id='word_1_353' title='bbox 608 5150 638 5197; x_wconf 73' lang='lat' dir='ltr'><strong>tt</strong></span> <span class='ocrx_word' id='word_1_354' title='bbox 655 5148 810 5208; x_wconf 73' lang='lat' dir='ltr'><strong>inuisitatus,</strong></span> <span class='ocrx_word' id='word_1_355' title='bbox 834 5161 886 5198; x_wconf 89' lang='lat' dir='ltr'><strong>nou</strong></span> <span class='ocrx_word' id='word_1_356' title='bbox 910 5149 1044 5198; x_wconf 79' lang='lat' dir='ltr'><strong>inusitatos</strong></span> <span class='ocrx_word' id='word_1_357' title='bbox 1060 5163 1092 5199; x_wconf 83' lang='lat' dir='ltr'><strong>ex</strong></span> <span class='ocrx_word' id='word_1_358' title='bbox 1110 5147 1187 5198; x_wconf 90' lang='lat' dir='ltr'><strong>codd.</strong></span> <span class='ocrx_word' id='word_1_359' title='bbox 1207 5148 1314 5210; x_wconf 87' lang='lat' dir='ltr'><strong>optimis</strong></span> <span class='ocrx_word' id='word_1_360' title='bbox 1332 5146 1503 5197; x_wconf 81' lang='lat' dir='ltr'><strong>scribendum</strong></span> <span class='ocrx_word' id='word_1_361' title='bbox 1520 5151 1576 5208; x_wconf 88' lang='lat' dir='ltr'><strong>est,</strong></span> <span class='ocrx_word' id='word_1_362' title='bbox 1601 5151 1630 5199; x_wconf 91' lang='lat' dir='ltr'><strong>nt</strong></span> 
     </span>
     <span class='ocr_line' id='line_1_34' title="bbox 302 5222 1630 5287; baseline 0.001 -16"><span class='ocrx_word' id='word_1_363' title='bbox 302 5224 366 5272; x_wconf 92' lang='lat' dir='ltr'><strong>item</strong></span> <span class='ocrx_word' id='word_1_364' title='bbox 383 5222 416 5271; x_wconf 87' lang='lat' dir='ltr'><strong>dc</strong></span> <span class='ocrx_word' id='word_1_365' title='bbox 435 5222 482 5272; x_wconf 86' lang='lat' dir='ltr'><strong>Oli.</strong></span> <span class='ocrx_word' id='word_1_366' title='bbox 502 5224 549 5283; x_wconf 85' lang='grc' dir='ltr'>ΙΙΙ,</span> <span class='ocrx_word' id='word_1_367' title='bbox 569 5222 583 5285; x_wconf 73' lang='grc'>5</span> <span class='ocrx_word' id='word_1_368' title='bbox 600 5223 632 5273; x_wconf 84' lang='grc'><strong>38</strong></span> <span class='ocrx_word' id='word_1_369' title='bbox 648 5224 819 5287; x_wconf 61' lang='lat' dir='ltr'><strong>magnitudino</strong></span> <span class='ocrx_word' id='word_1_370' title='bbox 835 5224 966 5272; x_wconf 76' lang='lat' dir='ltr'><strong>inuisitato</strong></span> <span class='ocrx_word' id='word_1_371' title='bbox 982 5226 1009 5273; x_wconf 89' lang='lat' dir='ltr'><strong>et</strong></span> <span class='ocrx_word' id='word_1_372' title='bbox 1026 5223 1060 5274; x_wconf 90' lang='lat' dir='ltr'><strong>de</strong></span> <span class='ocrx_word' id='word_1_373' title='bbox 1078 5225 1161 5273; x_wconf 87' lang='lat' dir='ltr'><strong>Divin.</strong></span> <span class='ocrx_word' id='word_1_374' title='bbox 1179 5224 1215 5283; x_wconf 90' lang='lat' dir='ltr'><strong>ll,</strong></span> <span class='ocrx_word' id='word_1_375' title='bbox 1233 5223 1248 5286; x_wconf 68' lang='grc' dir='ltr'><strong>ἓ</strong></span> <span class='ocrx_word' id='word_1_376' title='bbox 1267 5223 1314 5273; x_wconf 87' lang='grc'><strong>438</strong></span> <span class='ocrx_word' id='word_1_377' title='bbox 1330 5224 1414 5284; x_wconf 69' lang='lat' dir='ltr'><strong>scroto</strong></span> <span class='ocrx_word' id='word_1_378' title='bbox 1430 5229 1482 5272; x_wconf 84' lang='lat' dir='ltr'><strong>tam</strong></span> <span class='ocrx_word' id='word_1_379' title='bbox 1498 5223 1630 5273; x_wconf 80' lang='lat' dir='ltr'><strong>inuisitato</strong></span> 
     </span>
     <span class='ocr_line' id='line_1_35' title="bbox 304 5295 1627 5360; baseline 0.002 -14"><span class='ocrx_word' id='word_1_380' title='bbox 304 5311 335 5346; x_wconf 87' lang='lat' dir='ltr'><strong>er</strong></span> <span class='ocrx_word' id='word_1_381' title='bbox 353 5298 448 5347; x_wconf 91' lang='lat' dir='ltr'><strong>nostris</strong></span> <span class='ocrx_word' id='word_1_382' title='bbox 465 5295 538 5347; x_wconf 89' lang='lat' dir='ltr'><strong>libris</strong></span> <span class='ocrx_word' id='word_1_383' title='bbox 556 5298 767 5349; x_wconf 83' lang='lat' dir='ltr'><strong>emendabimus.</strong></span> <span class='ocrx_word' id='word_1_384' title='bbox 783 5325 810 5335; x_wconf 95' lang='lat'><em>-</em></span> <span class='ocrx_word' id='word_1_385' title='bbox 828 5299 912 5360; x_wconf 73' lang='lat' dir='ltr'><strong>sorum</strong></span> <span class='ocrx_word' id='word_1_386' title='bbox 930 5302 939 5348; x_wconf 90' lang='lat' dir='ltr'><strong>t</strong></span> <span class='ocrx_word' id='word_1_387' title='bbox 958 5325 984 5334; x_wconf 98' lang='lat'>-</span> <span class='ocrx_word' id='word_1_388' title='bbox 1004 5300 1044 5348; x_wconf 78' lang='lat' dir='ltr'><strong>ta.</strong></span> <span class='ocrx_word' id='word_1_389' title='bbox 1064 5299 1190 5359; x_wconf 61' lang='lat' dir='ltr'><strong>quotidem</strong></span> <span class='ocrx_word' id='word_1_390' title='bbox 1207 5311 1263 5360; x_wconf 85' lang='lat' dir='ltr'><strong>ag:</strong></span> <span class='ocrx_word' id='word_1_391' title='bbox 1284 5299 1408 5359; x_wconf 82' lang='lat' dir='ltr'><strong>quoddam</strong></span> <span class='ocrx_word' id='word_1_392' title='bbox 1425 5297 1490 5354; x_wconf 87' lang='lat' dir='ltr'><strong>Vb;</strong></span> <span class='ocrx_word' id='word_1_393' title='bbox 1509 5311 1563 5348; x_wconf 90' lang='lat' dir='ltr'><strong>om.</strong></span> <span class='ocrx_word' id='word_1_394' title='bbox 1576 5301 1587 5347; x_wconf 93' lang='grc'><strong>4</strong></span> <span class='ocrx_word' id='word_1_395' title='bbox 1600 5325 1627 5334; x_wconf 96' lang='grc'>-</span> 
     </span>
     <span class='ocr_line' id='line_1_36' title="bbox 303 5371 1630 5437; baseline 0.001 -16"><span class='ocrx_word' id='word_1_396' title='bbox 303 5386 349 5434; x_wconf 80' lang='lat' dir='ltr'><strong>que</strong></span> <span class='ocrx_word' id='word_1_397' title='bbox 366 5387 417 5422; x_wconf 95' lang='lat' dir='ltr'><strong>om.</strong></span> <span class='ocrx_word' id='word_1_398' title='bbox 436 5371 454 5421; x_wconf 90' lang='lat' dir='ltr'><strong>b</strong></span> <span class='ocrx_word' id='word_1_399' title='bbox 474 5399 501 5408; x_wconf 84' lang='lat'>-</span> <span class='ocrx_word' id='word_1_400' title='bbox 527 5374 567 5424; x_wconf 93' lang='grc'><strong>43.</strong></span> <span class='ocrx_word' id='word_1_401' title='bbox 586 5375 669 5423; x_wconf 79' lang='lat' dir='ltr'><strong>eodem</strong></span> <span class='ocrx_word' id='word_1_402' title='bbox 686 5379 773 5435; x_wconf 77' lang='lat' dir='ltr'><strong>posteo</strong></span> <span class='ocrx_word' id='word_1_403' title='bbox 788 5375 969 5437; x_wconf 74' lang='grc'><strong>4449444444444</strong></span> <span class='ocrx_word' id='word_1_404' title='bbox 985 5374 1006 5421; x_wconf 92' lang='lat' dir='ltr'>V</span> <span class='ocrx_word' id='word_1_405' title='bbox 1024 5400 1051 5407; x_wconf 97' lang='lat'>-</span> <span class='ocrx_word' id='word_1_406' title='bbox 1075 5373 1187 5422; x_wconf 70' lang='grc'><strong>4444444444</strong></span> <span class='ocrx_word' id='word_1_407' title='bbox 1203 5378 1226 5421; x_wconf 84' lang='lat' dir='ltr'><strong>et</strong></span> <span class='ocrx_word' id='word_1_408' title='bbox 1242 5372 1363 5422; x_wconf 82' lang='lat' dir='ltr'><strong>omoreb</strong></span> <span class='ocrx_word' id='word_1_409' title='bbox 1383 5399 1410 5409; x_wconf 97' lang='lat'>-</span> <span class='ocrx_word' id='word_1_410' title='bbox 1434 5372 1630 5434; x_wconf 73' lang='lat' dir='ltr'><strong>improbissimos</strong></span> 
     </span>
     <span class='ocr_line' id='line_1_37' title="bbox 303 5447 1630 5511; baseline 0.002 -17"><span class='ocrx_word' id='word_1_411' title='bbox 303 5448 337 5495; x_wconf 91' lang='lat' dir='ltr'><strong>V:</strong></span> <span class='ocrx_word' id='word_1_412' title='bbox 357 5448 539 5509; x_wconf 76' lang='lat' dir='ltr'><strong>impurissimae</strong></span> <span class='ocrx_word' id='word_1_413' title='bbox 560 5449 611 5498; x_wconf 91' lang='lat' dir='ltr'><strong>DO</strong></span> <span class='ocrx_word' id='word_1_414' title='bbox 630 5474 656 5483; x_wconf 94' lang='lat'><em>-</em></span> <span class='ocrx_word' id='word_1_415' title='bbox 681 5448 719 5498; x_wconf 86' lang='grc'><strong>44.</strong></span> <span class='ocrx_word' id='word_1_416' title='bbox 739 5449 897 5499; x_wconf 78' lang='lat' dir='ltr'><strong>sirnititndine</strong></span> <span class='ocrx_word' id='word_1_417' title='bbox 914 5449 934 5496; x_wconf 95' lang='lat' dir='ltr'>V</span> <span class='ocrx_word' id='word_1_418' title='bbox 955 5476 982 5484; x_wconf 90' lang='lat'>-</span> <span class='ocrx_word' id='word_1_419' title='bbox 1005 5450 1073 5511; x_wconf 76' lang='lat' dir='ltr'><strong>Erqo</strong></span> <span class='ocrx_word' id='word_1_420' title='bbox 1091 5448 1156 5509; x_wconf 85' lang='lat' dir='ltr'><strong>quod</strong></span> <span class='ocrx_word' id='word_1_421' title='bbox 1178 5447 1270 5497; x_wconf 80' lang='lat' dir='ltr'><strong>lumb.</strong></span> <span class='ocrx_word' id='word_1_422' title='bbox 1290 5474 1318 5484; x_wconf 89' lang='lat'><em>-</em></span> <span class='ocrx_word' id='word_1_423' title='bbox 1345 5449 1384 5498; x_wconf 88' lang='grc'><strong>46.</strong></span> <span class='ocrx_word' id='word_1_424' title='bbox 1403 5453 1461 5497; x_wconf 79' lang='lat' dir='ltr'><strong>esset</strong></span> <span class='ocrx_word' id='word_1_425' title='bbox 1478 5449 1512 5496; x_wconf 91' lang='lat' dir='ltr'><strong>V:</strong></span> <span class='ocrx_word' id='word_1_426' title='bbox 1537 5447 1630 5497; x_wconf 81' lang='lat' dir='ltr'><strong>obesset</strong></span> 
     </span>
     <span class='ocr_line' id='line_1_38' title="bbox 303 5521 1630 5586; baseline -0.002 -14"><span class='ocrx_word' id='word_1_427' title='bbox 303 5523 324 5572; x_wconf 89' lang='lat' dir='ltr'>D</span> <span class='ocrx_word' id='word_1_428' title='bbox 335 5524 354 5572; x_wconf 93' lang='lat'>0</span> <span class='ocrx_word' id='word_1_429' title='bbox 374 5550 400 5558; x_wconf 94' lang='lat'><em>-</em></span> <span class='ocrx_word' id='word_1_430' title='bbox 419 5524 517 5573; x_wconf 79' lang='lat' dir='ltr'><strong>console</strong></span> <span class='ocrx_word' id='word_1_431' title='bbox 534 5537 551 5586; x_wconf 78' lang='lat' dir='ltr'>g</span> <span class='ocrx_word' id='word_1_432' title='bbox 569 5549 596 5558; x_wconf 89' lang='lat'><em>-</em></span> <span class='ocrx_word' id='word_1_433' title='bbox 615 5524 713 5584; x_wconf 81' lang='lat' dir='ltr'><strong>nostris]</strong></span> <span class='ocrx_word' id='word_1_434' title='bbox 731 5525 824 5572; x_wconf 73' lang='lat' dir='ltr'><strong>contris</strong></span> <span class='ocrx_word' id='word_1_435' title='bbox 840 5525 861 5571; x_wconf 95' lang='lat' dir='ltr'>V</span> <span class='ocrx_word' id='word_1_436' title='bbox 874 5549 901 5559; x_wconf 91' lang='lat'>-</span> <span class='ocrx_word' id='word_1_437' title='bbox 922 5523 961 5573; x_wconf 84' lang='grc'><strong>47.</strong></span> <span class='ocrx_word' id='word_1_438' title='bbox 979 5524 1079 5572; x_wconf 82' lang='lat' dir='ltr'><strong>romani</strong></span> <span class='ocrx_word' id='word_1_439' title='bbox 1098 5523 1118 5570; x_wconf 82' lang='lat' dir='ltr'>V</span> <span class='ocrx_word' id='word_1_440' title='bbox 1132 5548 1158 5556; x_wconf 94' lang='lat'>-</span> <span class='ocrx_word' id='word_1_441' title='bbox 1177 5524 1323 5584; x_wconf 76' lang='lat' dir='ltr'><strong>conspirare</strong></span> <span class='ocrx_word' id='word_1_442' title='bbox 1339 5521 1483 5572; x_wconf 80' lang='lat' dir='ltr'><strong>admodum</strong></span> <span class='ocrx_word' id='word_1_443' title='bbox 1502 5521 1630 5585; x_wconf 84' lang='lat' dir='ltr'><strong>probabi-</strong></span> 
     </span>
     <span class='ocr_line' id='line_1_39' title="bbox 303 5596 1630 5663; baseline 0.002 -18"><span class='ocrx_word' id='word_1_444' title='bbox 303 5596 362 5646; x_wconf 87' lang='lat' dir='ltr'><strong>liter</strong></span> <span class='ocrx_word' id='word_1_445' title='bbox 373 5598 491 5657; x_wconf 86' lang='lat' dir='ltr'><strong>Emesti;</strong></span> <span class='ocrx_word' id='word_1_446' title='bbox 511 5600 616 5650; x_wconf 87' lang='lat' dir='ltr'><strong>videtur</strong></span> <span class='ocrx_word' id='word_1_447' title='bbox 632 5601 702 5649; x_wconf 89' lang='lat' dir='ltr'><strong>enim</strong></span> <span class='ocrx_word' id='word_1_448' title='bbox 720 5601 869 5649; x_wconf 82' lang='lat' dir='ltr'><strong>terminatio</strong></span> <span class='ocrx_word' id='word_1_449' title='bbox 886 5612 941 5648; x_wconf 81' lang='lat' dir='ltr'><strong>osse</strong></span> <span class='ocrx_word' id='word_1_450' title='bbox 958 5613 990 5648; x_wconf 84' lang='lat' dir='ltr'><strong>er</strong></span> <span class='ocrx_word' id='word_1_451' title='bbox 1008 5612 1066 5647; x_wconf 90' lang='lat' dir='ltr'><strong>voc.</strong></span> <span class='ocrx_word' id='word_1_452' title='bbox 1080 5602 1210 5661; x_wconf 81' lang='lat' dir='ltr'><strong>sequente</strong></span> <span class='ocrx_word' id='word_1_453' title='bbox 1227 5601 1326 5648; x_wconf 69' lang='lat' dir='ltr'><strong>seruisse</strong></span> <span class='ocrx_word' id='word_1_454' title='bbox 1343 5598 1469 5663; x_wconf 85' lang='lat' dir='ltr'><strong>prolecta.</strong></span> <span class='ocrx_word' id='word_1_455' title='bbox 1483 5625 1510 5635; x_wconf 97' lang='lat'>-</span> <span class='ocrx_word' id='word_1_456' title='bbox 1527 5600 1630 5648; x_wconf 72' lang='lat' dir='ltr'><strong>seiuctt</strong></span> 
     </span>
     <span class='ocr_line' id='line_1_40' title="bbox 305 5673 1629 5737; baseline 0 -15"><span class='ocrx_word' id='word_1_457' title='bbox 305 5700 332 5710; x_wconf 97' lang='lat'><em>-</em></span> <span class='ocrx_word' id='word_1_458' title='bbox 351 5675 474 5722; x_wconf 81' lang='lat' dir='ltr'><strong>cotontV</strong></span> <span class='ocrx_word' id='word_1_459' title='bbox 495 5703 520 5710; x_wconf 95' lang='lat'>—</span> <span class='ocrx_word' id='word_1_460' title='bbox 547 5675 585 5725; x_wconf 86' lang='grc'><strong>48,</strong></span> <span class='ocrx_word' id='word_1_461' title='bbox 604 5677 731 5737; x_wconf 80' lang='lat' dir='ltr'><strong>suscepitq.</strong></span> <span class='ocrx_word' id='word_1_462' title='bbox 750 5689 836 5723; x_wconf 80' lang='lat' dir='ltr'><strong>romae</strong></span> <span class='ocrx_word' id='word_1_463' title='bbox 854 5675 875 5722; x_wconf 94' lang='lat' dir='ltr'>V</span> <span class='ocrx_word' id='word_1_464' title='bbox 893 5699 919 5709; x_wconf 93' lang='lat'><em>-</em></span> <span class='ocrx_word' id='word_1_465' title='bbox 947 5674 985 5722; x_wconf 84' lang='grc'><strong>49.</strong></span> <span class='ocrx_word' id='word_1_466' title='bbox 1005 5673 1068 5721; x_wconf 81' lang='lat' dir='ltr'><strong>aliut</strong></span> <span class='ocrx_word' id='word_1_467' title='bbox 1088 5674 1171 5721; x_wconf 78' lang='lat' dir='ltr'><strong>moliri</strong></span> <span class='ocrx_word' id='word_1_468' title='bbox 1193 5674 1295 5734; x_wconf 82' lang='lat' dir='ltr'><strong>quodV</strong></span> <span class='ocrx_word' id='word_1_469' title='bbox 1320 5700 1348 5708; x_wconf 89' lang='lat'><em>-</em></span> <span class='ocrx_word' id='word_1_470' title='bbox 1375 5674 1629 5723; x_wconf 71' lang='lat' dir='ltr'><strong>io.omncs0m.1)</strong></span> 
     </span>
     <span class='ocr_line' id='line_1_41' title="bbox 307 5746 1629 5812; baseline 0.001 -16"><span class='ocrx_word' id='word_1_471' title='bbox 307 5775 332 5784; x_wconf 92' lang='lat'><em>-</em></span> <span class='ocrx_word' id='word_1_472' title='bbox 352 5749 398 5798; x_wconf 79' lang='lat' dir='ltr'><strong>libe</strong></span> <span class='ocrx_word' id='word_1_473' title='bbox 414 5750 476 5796; x_wconf 93' lang='lat' dir='ltr'><strong>V-</strong></span> <span class='ocrx_word' id='word_1_474' title='bbox 495 5750 535 5799; x_wconf 75' lang='lat' dir='ltr'><strong>nt.</strong></span> <span class='ocrx_word' id='word_1_475' title='bbox 551 5750 639 5812; x_wconf 80' lang='lat' dir='ltr'><strong>populi</strong></span> <span class='ocrx_word' id='word_1_476' title='bbox 656 5752 755 5800; x_wconf 78' lang='grc'><strong>44444444</strong></span> <span class='ocrx_word' id='word_1_477' title='bbox 772 5750 877 5800; x_wconf 79' lang='lat' dir='ltr'><strong>liberum</strong></span> <span class='ocrx_word' id='word_1_478' title='bbox 888 5749 923 5808; x_wconf 91' lang='lat' dir='ltr'><strong>V;</strong></span> <span class='ocrx_word' id='word_1_479' title='bbox 941 5763 965 5798; x_wconf 84' lang='lat' dir='ltr'><strong>r.</strong></span> <span class='ocrx_word' id='word_1_480' title='bbox 981 5762 1008 5810; x_wconf 88' lang='lat' dir='ltr'><strong>p.</strong></span> <span class='ocrx_word' id='word_1_481' title='bbox 1027 5747 1131 5797; x_wconf 79' lang='lat' dir='ltr'><strong>liberam</strong></span> <span class='ocrx_word' id='word_1_482' title='bbox 1149 5749 1210 5798; x_wconf 87' lang='grc'><strong>4)-</strong></span> <span class='ocrx_word' id='word_1_483' title='bbox 1229 5748 1345 5798; x_wconf 72' lang='lat' dir='ltr'><strong>uotiuum</strong></span> <span class='ocrx_word' id='word_1_484' title='bbox 1361 5748 1381 5796; x_wconf 88' lang='lat' dir='ltr'>D</span> <span class='ocrx_word' id='word_1_485' title='bbox 1397 5775 1424 5785; x_wconf 97' lang='lat'>-</span> <span class='ocrx_word' id='word_1_486' title='bbox 1443 5747 1484 5797; x_wconf 74' lang='lat'><strong>22.</strong></span> <span class='ocrx_word' id='word_1_487' title='bbox 1498 5747 1573 5797; x_wconf 80' lang='lat' dir='ltr'><strong>bostis</strong></span> <span class='ocrx_word' id='word_1_488' title='bbox 1585 5746 1629 5797; x_wconf 89' lang='lat' dir='ltr'><strong>Vb</strong></span> 
     </span>
     <span class='ocr_line' id='line_1_42' title="bbox 305 5821 667 5884; baseline 0.011 -12"><span class='ocrx_word' id='word_1_489' title='bbox 305 5849 331 5859; x_wconf 97' lang='lat'>-</span> <span class='ocrx_word' id='word_1_490' title='bbox 351 5829 434 5876; x_wconf 80' lang='lat' dir='ltr'><strong>tomen</strong></span> <span class='ocrx_word' id='word_1_491' title='bbox 452 5837 504 5876; x_wconf 91' lang='lat' dir='ltr'><strong>om.</strong></span> <span class='ocrx_word' id='word_1_492' title='bbox 524 5839 549 5884; x_wconf 74' lang='lat' dir='ltr'><strong>a,</strong></span> <span class='ocrx_word' id='word_1_493' title='bbox 573 5821 630 5876; x_wconf 76' lang='grc' dir='ltr'><strong>4ἃό</strong></span> <span class='ocrx_word' id='word_1_494' title='bbox 648 5828 667 5875; x_wconf 90' lang='lat' dir='ltr'><strong>t.</strong></span> 
     </span>
    </p>
   </div>
   <div class='ocr_carea' id='block_1_5' title="bbox 0 0 1904 7349">
    <p class='ocr_par' dir='ltr' id='par_1_6' title="bbox 0 0 1904 7349">
     <span class='ocr_line' id='line_1_43' title="bbox 0 0 1904 7349; baseline 0 0"><span class='ocrx_word' id='word_1_495' title='bbox 0 0 1904 7349; x_wconf 95' lang='lat' dir='ltr'><strong> </strong></span> 
     </span>
    </p>
   </div>
  </div>
 </body>
</html>
