3800 7350
304 1178 386 1262 4444
708 1180 859 1262 osasro
881 1181 1212 1271 innumerorum
1312 1253 1319 1274 ,

304 1358 425 1442 tantum
447 1350 531 1434 enirn
552 1356 686 1436 possunt
698 1383 756 1428 -,
775 1350 922 1434 fortunae
940 1351 1068 1438 ,culpem
1081 1371 1147 1415 non
1161 1349 1376 1438 eptimescere.
1415 1348 1449 1413 6.
1465 1350 1531 1438 Spei
1545 1370 1632 1439 ppo,-

304 1446 390 1510 niam
410 1444 452 1520 ab
473 1441 535 1516 hoe
557 1443 667 1510 ordine
688 1464 754 1510 non
774 1443 926 1514 tonitruo
948 1444 1066 1519 solum,
1094 1464 1201 1508 verum
1224 1443 1319 1507 ctiam
1339 1444 1497 1530 sapientia
1517 1452 1631 1534 postn-

304 1537 387 1612 latur
407 1570 449 1612 ,-
479 1556 669 1621 quamquam
700 1538 754 1601 vix
781 1523 929 1601 videntur
955 1536 1034 1602 haec
1061 1556 1155 1622 posse
1183 1536 1320 1624 seiungi,
1349 1537 1554 1647 seiungamup
1580 1546 1630 1624 ta·

305 1649 377 1715 men
398 1651 458 1691 -:
481 1628 632 1706 fortitudo
656 1630 805 1698 dimisere
827 1630 928 1708 iubet,
950 1631 1067 1696 iustum
1088 1630 1197 1696 odium
1218 1629 1376 1710 incendit,
1397 1631 1439 1696 ad
1453 1632 1629 1723 sopim-

280 1715 380 1810 sepm
410 1713 562 1807 impellit,
591 1730 683 1788 vocnt
710 1722 750 1788 ad
778 1723 963 1807 periculum.
1000 1722 1084 1800 Quid
1104 1719 1281 1808 sapientiai
1312 1723 1505 1812 cautioripns
1525 1726 1629 1814 ptitpr

304 1816 461 1892 consiliis,
489 1816 523 1892 in
551 1818 712 1901 posterum
738 1816 899 1902 providet,
927 1824 977 1881 est
998 1816 1084 1882 omni
1104 1814 1227 1879 ratione
1249 1815 1371 1880 tectior.
1413 1817 1507 1905 Quiri-
1529 1819 1629 1906 igitur

304 1912 432 1999 cepsstt
461 1911 633 1995 parendum
661 1917 709 1973 est
735 1910 819 1973 enim
846 1918 943 1995 atque
972 1910 1005 1974 id
1035 1910 1187 1993 optimum
1216 1908 1435 1990 iudicandum,
1469 1914 1556 1999 quod
1583 1912 1629 1990 sit

304 2002 535 2092 sapientissime
569 2004 783 2067 constitutum.
828 2003 862 2066 Si
892 2004 954 2066 hoc
978 2002 1146 2087 praecipit,
1180 2020 1221 2070 ns
1249 2001 1329 2085 quid
1358 2004 1423 2070 rita
1444 2006 1627 2086 epistimem

303 2096 481 2184 aptiquins,
502 2117 542 2162 ne
566 2096 732 2176 decernam
754 2097 865 2181 capitis
885 2096 1044 2181 periculo,
1065 2095 1183 2180 fugium
1205 2114 1298 2160 omne
1313 2095 1501 2182 discrimen,
1524 2118 1626 2184 quae-

267 2203 369 2272 rornpr
389 2209 432 2262 ex
454 2210 507 2255 ea:
536 2191 690 2264 etiamne,
717 2190 744 2255 si
766 2191 840 2265 erit,
863 2209 933 2253 cum
956 2188 1130 2263 Miscere,
1153 2187 1375 2256 serviendum?
1409 2190 1444 2256 Si
1465 2192 1626 2269 annuerit,

303 2301 343 2356 ne
366 2302 424 2368 epo
446 2284 632 2372 sapientiam
653 2284 762 2358 istam,
785 2284 927 2368 quamvis
949 2285 989 2346 sit
1003 2281 1142 2357 erudita,
1164 2300 1230 2352 non
1245 2283 1381 2357 audiam.
1418 2285 1475 2364 Sip
1489 2305 1627 2369 respon:

303 2376 400 2466 ierit,
424 2384 478 2439 utu
499 2369 639 2450 rero'ita
660 2376 755 2441 vitam
777 2396 953 2461 corpusque
974 2384 1114 2451 servato,
1135 2377 1179 2450 ite
1198 2375 1357 2459 fortunas,
1378 2379 1422 2444 ita
1443 2398 1510 2442 rem
1532 2380 1625 2449 sami-

302 2468 426 2552 lr'arern,
449 2478 483 2533 ut
503 2471 581 2552 hoec
602 2471 746 2555 libertate
767 2471 942 2555 posteriora
965 2470 1061 2535 ducas
1082 2471 1191 2554 itaque
1212 2468 1262 2538 his
1283 2472 1330 2559 uti
1351 2472 1448 2547 reiis,
1473 2473 1501 2544 si
1523 2472 1627 2537 libera

302 2581 337 2640 rs
358 2562 483 2647 publiea
503 2564 620 2650 possis,
650 2583 708 2628 nec
729 2582 787 2648 pro
809 2564 859 2653 his
881 2563 1071 2651 libertatem,
1100 2565 1157 2626 sed
1177 2582 1234 2647 pro
1257 2562 1399 2629 libertate
1420 2566 1500 2632 haee
1521 2565 1625 2652 proii-

266 2656 368 2738 rscies
399 2663 558 2741 tamquam
585 2658 718 2744 pignora
745 2656 930 2726 iniuriam»,
946 2665 1013 2721 tum
1041 2656 1214 2740 sapientiae
1247 2674 1354 2723 vocem
1382 2657 1491 2738 audire
1513 2659 1627 2742 videpr

303 2748 396 2841 eique
419 2750 546 2834 ntideo
569 2770 705 2835 paream.
754 2745 784 2812 7.
807 2750 917 2838 itaque
938 2750 967 2814 si
990 2748 1123 2835 receptis
1144 2747 1207 2824 illis
1230 2767 1300 2817 esse
1320 2769 1487 2838 possumus
1518 2750 1625 2827 lineri,

302 2833 464 2931 pincpmus
494 2844 603 2932 odium
633 2862 807 2930 pacemque
840 2839 1011 2927 patiamur:
1044 2844 1096 2916 sin
1122 2842 1220 2906 otium
1249 2843 1460 2914 incolumibus
1487 2843 1529 2928 iis
1550 2864 1625 2916 esse

301 2933 424 3024 npilurp
454 2942 575 3028 potest,
603 2936 756 3002 laetemur
784 2935 965 3006 decertandi
994 2935 1131 3007 oblatam
1153 2954 1222 2999 esse
1243 2935 1411 3003 fortunam.
1450 2941 1515 3024 ¹Aut
1534 2940 1624 3009 ,enim

302 3025 474 3119 iutertpctis
495 3029 559 3120 ptljp
580 3030 721 3096 fruemur
741 3030 868 3110 victrice
890 3050 924 3100 re
945 3025 1088 3114 publica,
1110 3036 1165 3094 aut
1186 3030 1329 3114 oppressi
1350 3065 1392 3079 -
1415 3031 1502 3126 quoti
1525 3053 1624 3126 open

264 3130 420 3213 papertnt
439 3124 597 3216 lpppiteri
620 3156 661 3170 -
682 3124 709 3189 si
731 3143 797 3204 npn
818 3124 945 3214 spiritu,
968 3132 1001 3188 at
1021 3124 1144 3206 virtutis
1165 3121 1261 3209 laude
1283 3124 1435 3196 vivemus.
1602 3125 1609 3144 '

384 3216 437 3298 IV.
458 3220 500 3288 At
520 3218 604 3306 enim
624 3237 683 3288 nos
704 3219 747 3298 M.
768 3218 911 3301 Lepidus.
936 3217 1110 3302 imperator
1130 3217 1262 3302 iterum,
1284 3219 1429 3305 pontifex
1451 3222 1622 3302 monimus,

301 3311 417 3400 optime
437 3311 583 3402 propinus
606 3303 690 3378 civiti
711 3311 795 3384 betto
816 3311 856 3374 de
876 3331 911 3374 re
932 3310 1059 3396 publiea
1073 3312 1219 3402 peritus,
1242 3312 1282 3390 ad
1300 3331 1410 3399 pacem
1424 3307 1622 3406 adpopulos.

300 3394 423 3492 Nuitipp
444 3403 530 3496 opud
551 3397 620 3497 pp,
641 3415 746 3496 patres
761 3406 946 3491 conscripti,
969 3405 1136 3492 auctoritas
1153 3405 1254 3488 maior
1268 3415 1317 3470 est
1331 3426 1424 3489 quarn
1439 3409 1479 3492 44.
1495 3410 1621 3499 Lepidi,

300 3496 351 3561 vet
380 3506 511 3581 propter
538 3500 638 3583 ipsius
667 3500 813 3564 virtutem
838 3499 889 3564 vei
917 3507 1048 3582 propter
1068 3498 1204 3564 familiae
1226 3499 1417 3584 dignitatem.
1453 3506 1621 3570 Accedunt

264 3591 413 3657 sseodem
433 3592 531 3657 multa
551 3595 671 3679 privata
691 3614 805 3679 magna
826 3595 893 3658 eius
915 3595 948 3657 in
970 3614 1020 3657 me
1041 3595 1170 3669 merita,
1191 3614 1262 3658 mea
1281 3595 1435 3679 quasdam
1458 3596 1563 3662 officia
1584 3601 1618 3662 in

300 3686 399 3750 ilium.
435 3688 607 3752 Maximum
629 3708 704 3752 vero
727 3690 794 3753 eius
814 3688 1003 3753 beneficium
1024 3709 1171 3763 numero,
1194 3688 1281 3773 quod
1302 3691 1363 3752 hoc
1383 3691 1536 3757 animuin
1549 3715 1618 3758 rem

298 3779 455 3864 publicam
476 3789 540 3857 est,
562 3782 741 3866 quaemihi
762 3783 827 3848 vita
848 3803 918 3847 mea
940 3803 1065 3865 semper
1084 3783 1144 3847 fuit
1165 3784 1276 3846 carior.
1312 3783 1342 3845 8.
1364 3785 1533 3850 Nemeum
1548 3790 1617 3853 Ma-

298 3893 394 3957 gnum
415 3872 615 3960 Pompeium,
637 3877 847 3941 clarissimum
868 3878 1119 3951 adolescentem,
1140 3878 1401 3960 praestantissimi
1423 3880 1484 3965 viri
1506 3882 1618 3958 tilium,

297 3972 481 4072 auctoritate
502 3962 634 4048 adduxit
654 3972 693 4036 ad
715 3992 826 4057 pacem
846 3992 980 4058 remque
999 3973 1156 4055 publicam
1171 3973 1240 4037 sine
1254 3973 1349 4037 armis
1364 3974 1499 4055 maximo
1515 3976 1619 4040 civilis

361 4302 385 4357 4.
403 4314 453 4351 aon
469 4312 523 4350 om.
542 4302 553 4348 t
569 4324 596 4335 -
615 4298 640 4353 3.
657 4300 794 4351 uideturV
813 4329 840 4339 —
858 4299 979 4367 roep-
998 4299 1161 4365 sciuapootur
1177 4301 1188 4350 t
1206 4325 1231 4334 -
1251 4301 1276 4360 5.
1295 4299 1462 4364 sprung„
1482 4305 1506 4363 6.
1523 4306 1620 4359 rectior

295 4375 329 4436 h;
344 4378 478 4438 protectior
494 4376 552 4438 vsg
569 4400 597 4410 -
617 4376 641 4425 7.
659 4381 737 4426 444444
753 4377 792 4426 D:
809 4390 891 4438 444444
906 4379 969 4425 v-
988 4378 1015 4428 id
1031 4391 1083 4429 orn.
1098 4381 1108 4428 t
1125 4405 1152 4414 -
1172 4377 1232 4440 quid
1248 4377 1309 4426 V-
1329 4378 1389 4431 tort.
1407 4384 1441 4431 444
1453 4405 1480 4417 ·-
1499 4382 1526 4432 8.
1534 4395 1618 4444 prce?

295 4453 358 4514 cepit
374 4454 409 4501 at
427 4477 454 4487 -
473 4452 526 4512 44444
542 4450 564 4500 V
583 4476 610 4487 -
629 4452 757 4505 messenen
775 4452 811 4512 V;
829 4449 974 4510 cristarum
992 4453 1120 4517 44444-
1140 4453 1164 4502 9.
1183 4467 1213 4515 ae
1230 4453 1263 4503 V:
1282 4466 1331 4505 ooo
1348 4455 1410 4503 4)-
1430 4455 1545 4521 opem
1562 4461 1616 4508 t-

296 4527 336 4584 to.
354 4527 375 4576 44
391 4527 437 4584 erit
452 4525 485 4577 b:
504 4526 572 4577 sterit
588 4523 620 4575 V¹
637 4527 696 4588 (sic,
721 4540 772 4577 non
788 4529 854 4592 144444
870 4527 952 4579 hahet
967 4532 1057 4579 nostra
1074 4527 1201 4590 collatio);
1224 4529 1300 4592 fuerit
1316 4530 1452 4592 agtV’O.
1476 4533 1617 4598 Egregiam

294 4599 436 4658 tectionem
456 4601 478 4650 44
498 4602 546 4652 erit
567 4600 644 4652 Orelli
663 4600 796 4661 sotoeoam
813 4604 890 4665 dixit!
916 4605 949 4667 (v.
967 4605 1034 4665 intre
1050 4603 1065 4666 5
1083 4603 1136 4667 44),
1159 4603 1208 4668 sed
1224 4607 1281 4671 ipse
1299 4608 1458 4673 senteutiam
1474 4622 1552 4674 suprn
1568 4625 1617 4675 re-

295 4677 415 4732 trectevit
431 4677 457 4726 in
474 4675 531 4727 Vot.
549 4676 598 4736 tV,
615 4677 643 4736 9,
662 4690 688 4740 p.
707 4677 763 4729 4490.
784 4704 810 4716 -
837 4681 864 4731 to
880 4693 933 4731 om.
953 4692 968 4732 e
988 4705 1015 4716 -
1038 4681 1154 4730 44444444
1170 4693 1211 4742 eg
1228 4706 1255 4715 -
1281 4682 1321 4732 44.
1339 4694 1370 4731 no
1385 4683 1423 4732 D:
1445 4697 1490 4735 ose
1505 4685 1543 4746 V;
1567 4702 1618 4748 4444

295 4756 361 4806 0-
379 4753 415 4802 sic
431 4754 442 4801 t
459 4777 486 4787 —
505 4753 668 4807 eruditores
685 4752 720 4801 V:
738 4755 861 4817 4444444444
878 4759 904 4816 t;
922 4755 1021 4807 erudito
1038 4755 1105 4818 nbg
1123 4781 1150 4791 -
1168 4756 1208 4805 sio
1224 4755 1259 4805 D:
1278 4757 1305 4806 io
1321 4755 1365 4816 V¹;
1382 4761 1404 4806 44·
1421 4759 1614 4820 Veorr.m.2.

296 4856 323 4866 -
337 4829 376 4881 tt.
395 4829 486 4890 44444
502 4853 530 4863 -
549 4835 646 4879 seruato
658 4840 710 4879 orn.
724 4828 758 4890 V;
778 4829 838 4895 vide
854 4842 888 4879 ne
906 4835 975 4890 tuere
990 4833 1051 4894 post
1066 4836 1094 4879 tu
1108 4843 1167 4896 pero
1183 4830 1354 4897 interciderit.
1369 4858 1396 4868 -
1416 4833 1456 4896 49.
1472 4840 1617 4901 posteriorc

293 4903 405 4961 4444444444
421 4904 442 4956 D
460 4929 488 4938 -
505 4904 600 4973 4444444
615 4903 648 4962 94
667 4909 741 4966 etque
756 4905 787 4957 444
803 4907 828 4966 t;
845 4905 930 4966 444444
945 4907 1003 4957 usui
1018 4905 1079 4954 44444
1095 4908 1164 4969 ater
1180 4907 1211 4957 os
1226 4906 1263 4957 444
1279 4906 1347 4970 44444)
1367 4933 1394 4942 -
1413 4915 1440 4958 ut
1457 4912 1468 4969 t
1486 4937 1513 4947 -
1534 4914 1616 4974 tecam

293 4992 321 5033 rs
334 4979 476 5048 pubtte9V3
495 4979 602 5036 44444444
619 4993 650 5029 ,4.
665 4991 693 5041 p.
706 4984 766 5043 agt
783 5006 810 5017 -
830 4981 869 5033 44.
887 4981 1050 5043 mprob-
1069 4981 1136 5042 isV5
1154 4982 1185 5035 444
1202 4983 1251 5030 4-
1267 4983 1378 5044 proicies
1394 4986 1488 5046 prei-
1507 4990 1615 5041 444444-

294 5053 481 5107 dtrauocemb
501 5081 527 5091 -
546 5054 774 5116 uidsortquttuctco
791 5054 862 5104 V¹-
881 5055 922 5108 46.
939 5057 1005 5107 uti)
1025 5083 1051 5092 -
1068 5055 1236 5119 4444444)-
1256 5061 1615 5126 “tow-Vtrossessen

296 5155 318 5164 -
337 5130 376 5182 47.
391 5131 645 5192 posequspotiomur
660 5131 670 5179 i
687 5156 713 5165 -
733 5131 772 5180 444
788 5131 913 5182 otiumV:
932 5133 954 5183 44
969 5131 1009 5181 ote
1025 5131 1077 5190 bt;
1095 5133 1134 5183 sio
1149 5133 1188 5193 444
1204 5144 1284 5195 ag-
1304 5134 1334 5195 444
1350 5138 1400 5185 st:
1418 5136 1613 5203 444494430-

295 5204 334 5255 48.
353 5204 502 5254 doemones·
518 5207 530 5257 4
547 5230 573 5239 -
593 5205 632 5254 49.
651 5205 783 5268 interfectis
797 5205 847 5256 iltis
862 5207 929 5258 VD:
948 5207 998 5258 44444
1013 5208 1096 5269 interf.
1110 5209 1134 5266 i;
1154 5208 1294 5273 [stetistis]
1311 5211 1405 5265 Ocum
1421 5211 1522 5277 aliquot
1532 5216 1613 5268 codd.

295 5278 417 5339 serrarum
435 5278 493 5341 ipse
510 5283 649 5343 utramque
666 5278 806 5333 lectionem
823 5295 871 5345 pro
888 5281 1046 5347 glossemate
1063 5282 1153 5333 hebet.
1168 5307 1196 5318 -
1215 5295 1243 5332 rs
1257 5283 1354 5353 4444444
1368 5286 1391 5334 V
1403 5313 1430 5324 -
1449 5295 1494 5340 out
1506 5291 1529 5343 V
1542 5305 1613 5345 corr.

295 5365 327 5402 ex
343 5359 371 5402 ut
389 5377 416 5390 -
435 5355 475 5419 244.
493 5355 586 5417 Iupiter
601 5354 648 5404 ho
667 5381 695 5390 -
718 5358 807 5406 44444444
822 5358 859 5418 V;
881 5358 940 5409 tort.
959 5373 1015 5408 cum
1031 5359 1105 5408 44444
1123 5384 1150 5393 -
1171 5358 1282 5411 utemur
1298 5356 1330 5406 V*
1349 5386 1375 5396 -
1394 5362 1435 5412 st.
1453 5365 1489 5414 44.
1506 5366 1615 5428 Lepidus

295 5427 337 5479 ed.
357 5428 422 5480 Ven.
436 5429 512 5481 rsit:
531 5441 584 5481 om.
597 5429 676 5479 VDi.
698 5431 800 5480 Nomen
817 5446 832 5482 a
849 5433 927 5484 codd.
939 5432 1034 5483 abesse
1052 5430 1138 5482 nultus
1155 5434 1286 5485 editorum
1298 5435 1440 5488 adnotavit.
1456 5465 1483 5474 -
1500 5443 1616 5496 44444444

293 5503 383 5566 optime
395 5507 512 5567 proxime
528 5506 551 5555 V
565 5533 591 5542 -
610 5511 651 5561 ts.
668 5511 784 5561 44444444
799 5514 808 5559 4
827 5537 854 5547 -
873 5511 913 5560 23.
932 5515 994 5572 aput
1010 5512 1072 5559 v-
1091 5508 1136 5573 ms]
1154 5522 1255 5559 marcus
1271 5510 1303 5557 V¹
1317 5537 1343 5546 -
1362 5515 1523 5570 coemptos
1539 5517 1571 5564 V¹
1583 5545 1612 5557 -

294 5594 370 5643 quam
390 5583 473 5631 merei
490 5582 512 5630 V
532 5597 601 5634 wrr.
615 5597 648 5635 ex
665 5599 712 5648 que
729 5599 830 5636 marcus
850 5611 876 5621 -
899 5586 970 5648 ttptdt
987 5586 1023 5646 V;
1047 5586 1141 5647 tepidus
1163 5589 1198 5634 et
1220 5611 1248 5620 -
1276 5585 1316 5636 94.
1334 5587 1400 5636 titius
1419 5602 1435 5638 a
1455 5614 1483 5625 -
1507 5599 1615 5655 propter

294 5657 370 5705 omt
389 5683 415 5692 -
434 5657 474 5708 944.
492 5658 610 5708 mcoV1:
629 5674 660 5710 oc
675 5675 731 5713 mee
747 5664 769 5713 4)
787 5664 815 5713 44
830 5661 852 5709 V
868 5673 905 5713 m.
923 5674 979 5712 sec.
1000 5688 1026 5698 -
1046 5663 1144 5722 4444444
1160 5660 1178 5711 b
1197 5687 1224 5696 -
1244 5661 1327 5724 officio
1343 5675 1396 5713 orn.
1415 5666 1436 5715 n
1453 5692 1487 5703 -
1502 5669 1543 5718 27.
1558 5685 1614 5732 pu-

293 5732 356 5782 44444
372 5733 394 5780 V
412 5734 452 5795 (eo
468 5734 494 5783 in
511 5734 575 5797 res.)
594 5760 622 5772 -
640 5741 675 5786 444
691 5748 744 5788 om.
762 5751 778 5787 a
797 5763 824 5775 -
849 5737 897 5801 28.¹
907 5751 931 5786 r.
946 5751 974 5799 p.
992 5739 1157 5789 clamomores
1174 5752 1190 5800 g
1209 5763 1236 5773 -
1254 5738 1322 5789 adut.
1342 5739 1364 5788 V
1380 5766 1407 5778 -
1422 5748 1614 5804 pontentissi-

292 5810 387 5858 4444444
408 5831 436 5845 -
460 5809 501 5859 99.
519 5809 669 5863 noemma
686 5813 707 5861 V
725 5836 753 5850 -
773 5826 863 5875 pacem
880 5812 915 5862 V:
938 5813 1062 5865 44444444)
1082 5840 1109 5849 -
1133 5825 1233 5875 remorso
1245 5826 1274 5877 γ.
1295 5816 1332 5877 tp.
1350 5814 1412 5867 add.
1431 5830 1467 5871 m.
1485 5820 1512 5883 2)
1530 5822 1613 5874 annis

293 5882 316 5931 V
335 5909 361 5919 v-
379 5883 448 5933 4444444·
464 5883 495 5935 V.
