3800 7350
698 1196 772 1263 cu.
792 1195 975 1263 iri-mn.
999 1192 1046 1279 §5
1068 1188 1216 1258 ia-is.
1535 1184 1618 1254 loon

298 1372 408 1438 oratio.
450 1369 512 1446 Qui
541 1368 625 1432 enim
651 1375 757 1433 tantus
777 1367 865 1433 furor
885 1367 919 1431 in
942 1365 1070 1431 Caeliol
1099 1363 1186 1449 qnod
1206 1370 1327 1429 mnium
1348 1364 1457 1428 autin
1478 1366 1619 1431 moribus

297 1474 474 1549 naturaque
502 1463 616 1527 vulnus
645 1464 752 1527 autin
774 1483 809 1526 re
830 1470 926 1546 atquc
947 1460 1096 1525 fortunat
1124 1460 1179 1521 ubi
1202 1458 1341 1543 denique
1363 1466 1411 1523 est
1432 1460 1466 1523 in
1486 1461 1546 1524 ista
1566 1481 1620 1525 su·

298 1561 439 1646 spicione
470 1557 568 1622 Caelii
598 1577 714 1620 nomeu
744 1556 913 1619 auditum?
946 1555 1085 1617 Nimium
1119 1552 1217 1616 multa
1245 1553 1284 1616 de
1312 1572 1347 1615 re
1367 1552 1496 1617 minime
1524 1554 1622 1620 dubia

298 1654 427 1738 loquor;
449 1650 510 1715 hoc
531 1659 637 1714 tamen
660 1649 747 1714 dico:
770 1670 832 1713 non
854 1647 949 1711 modo
972 1649 1000 1711 si
1022 1647 1126 1711 socius
1141 1646 1385 1720 coniurationis,
1406 1646 1463 1709 sed
1484 1647 1546 1710 nisi
1560 1648 1622 1712 ini·

299 1747 489 1810 unicissimus
517 1744 610 1807 istius
641 1744 769 1807 sceleris
798 1743 927 1815 fuisset,
965 1760 1137 1825 numquam
1165 1740 1393 1803 coniurationis
1421 1741 1646 1805 accusationes

299 1840 545 1906 adolescentiam
567 1856 656 1900 suam
678 1837 878 1920 potissimum
899 1835 1122 1898 commendare
1142 1833 1305 1898 voluisset.
1348 1829 1399 1896 io.
1422 1834 1516 1911 Quod
1536 1834 1622 1899 haud

299 1937 364 2004 scio
385 1955 426 1998 an
448 1933 488 1996 de
510 1930 631 1995 ambitu
653 1939 685 1993 ct
707 1930 747 1993 de
769 1930 954 1994 criminibus
975 1929 1044 1993 istis
1066 1927 1222 1992 sodalium
1243 1947 1281 1990 ac
1302 1929 1522 2012 sequestrium,
1544 1949 1623 2012 quo·

298 2031 385 2093 uiam
413 2028 476 2091 huc
504 2024 618 2098 incidi,
648 2024 793 2088 similiter
821 2022 1078 2105 respondendum
1102 2029 1217 2105 putem.
1252 2023 1431 2105 Numquam
1451 2024 1537 2086 enim
1558 2030 1623 2087 tam

300 2122 425 2187 Caelius
446 2139 554 2185 amens
575 2117 702 2192 luisset,
724 2125 775 2191 ut,
797 2120 824 2181 si
847 2137 881 2181 se
902 2119 964 2180 isto
987 2114 1109 2179 infinito
1130 2115 1250 2179 ambitu
1268 2115 1537 2190 commaculasset,
1559 2137 1624 2181 am·

299 2216 385 2278 bitus
406 2214 539 2277 alterum
561 2220 737 2287 accusaret,
760 2232 864 2293 neque
878 2212 948 2275 eius
968 2210 1042 2274 lacti
1055 2212 1088 2274 in
1102 2209 1202 2273 altero
1218 2209 1432 2292 suspicionem
1447 2219 1623 2294 quaereret,
1633 2229 1661 2274 to

300 2310 389 2372 cuius
409 2310 479 2391 ipse
501 2306 562 2369 sibi
581 2312 767 2390 perpetuam
789 2306 949 2369 licentiam
972 2312 1106 2389 optaret,
1127 2323 1195 2376 nec,
1218 2304 1244 2366 si
1259 2303 1319 2366 sibi
1335 2301 1432 2366 semel
1446 2303 1624 2385 periculum

300 2401 436 2464 ambitus
458 2400 656 2464 subeundum
679 2408 820 2483 putaret,
842 2400 909 2482 ipse
931 2400 1063 2462 alterum
1085 2399 1198 2462 iterum
1221 2399 1357 2461 ambitus
1377 2398 1507 2462 crimine
1523 2419 1626 2464 arces·

301 2502 393 2558 seret
427 2492 522 2568 Quod
544 2513 736 2577 quamquam
759 2513 818 2556 nec
839 2495 1000 2575 sapienter
1021 2499 1054 2554 et
1073 2512 1124 2554 me
1145 2493 1244 2557 inrito
1258 2490 1350 2566 iacit,
1373 2498 1478 2555 tamen
1493 2500 1542 2556 est
1556 2494 1625 2557 eius

302 2586 387 2651 modi
408 2586 560 2669 cupidus,
582 2592 618 2649 ut
639 2586 739 2669 magis
759 2585 908 2650 insectari
925 2585 1056 2649 alterius
1070 2587 1282 2650 innocentiam
1297 2605 1392 2669 quam
1409 2584 1448 2649 dc
1466 2606 1501 2650 se
1515 2587 1625 2651 timide

302 2682 440 2764 cogitare
461 2681 615 2745 rideatur.
1637 2699 1664 2746 to

386 2771 437 2837 47.
458 2776 538 2837 Nam
569 2772 658 2857 quod
679 2791 734 2835 aes
755 2772 894 2837 alienum
916 2773 1074 2837 obiectum
1097 2779 1161 2847 est,
1191 2779 1333 2857 sumptus
1354 2773 1557 2858 reprehensi,
1579 2783 1627 2839 ta·

302 2871 396 2934 bulae
418 2869 593 2952 flagitatae,
615 2866 720 2931 videte
743 2887 837 2950 quem
858 2887 958 2952 pauca
979 2867 1201 2950 respondeam.
1233 2867 1382 2943 Tabulas,
1404 2869 1508 2953 quiin
1527 2870 1626 2954 patris

302 2969 456 3049 potestate
486 2969 550 3037 est,
577 2962 682 3025 nullas
711 2961 846 3026 conficit.
880 2962 1049 3026 versuram
1077 2980 1251 3045 numquam
1273 2962 1402 3026 omnino
1423 2962 1497 3027 fecit
1518 2965 1626 3030 ullam.

303 3058 454 3140 Sumptus
476 3058 572 3120 unius
588 3055 713 3138 generis
732 3056 876 3119 obiectus
891 3062 949 3130 est,
970 3054 1193 3119 habitationis:
1216 3055 1347 3138 tuginta
1359 3055 1488 3122 milibus
1502 3057 1627 3124 dixistis

304 3171 376 3215 eum
403 3150 556 3215 babitare.
600 3151 690 3212 Nunc
718 3150 845 3213 demum
872 3148 1016 3232 intelligo
1044 3150 1078 3211 P.
1100 3148 1203 3213 Clodii
1224 3149 1360 3214 insulam
1382 3169 1452 3214 esse
1473 3152 1665 3230 vendemio

303 3246 393 3308 cuins
413 3242 466 3307 bic
486 3243 520 3307 in
542 3241 696 3307 aediculis
717 3242 851 3316 habitat,
885 3242 1013 3317 decem,
1041 3249 1078 3306 ut
1098 3242 1230 3326 opinor,
1252 3242 1389 3307 milibus.
1425 3245 1490 3308 Vos
1512 3253 1627 3323 autem,

304 3339 379 3403 dum
406 3338 454 3401 illi
482 3338 608 3422 placere
629 3337 743 3412 vultis,
770 3337 811 3400 ad
831 3345 957 3421 tempus
978 3337 1048 3400 eius
1070 3335 1270 3402 mendacium
1291 3344 1431 3402 vestrum
1451 3357 1628 3403 accommo—

304 3431 445 3497 davistis.

389 3523 440 3590 48.
462 3525 738 3611 Reprehendistis,
760 3545 779 3588 a
799 3531 889 3609 patre
911 3523 999 3608 quod
1022 3523 1210 3606 semigrarit.
1244 3524 1338 3601 Quod
1362 3524 1491 3608 quidem
1512 3524 1629 3590 iamin

304 3620 363 3686 bac
392 3627 494 3685 aetate
519 3620 649 3685 minim0
675 3618 971 3704 reprehendendum
1000 3624 1058 3681 est
1102 3615 1166 3693 Qui
1197 3637 1269 3682 cum
1299 3626 1331 3682 et
1351 3637 1392 3683 ex
1413 3618 1666 3704 reipublicaett

307 3734 402 3778 causa
422 3715 486 3777 iam
508 3724 592 3779 esset
613 3713 690 3777 mibi
712 3714 840 3797 quidem
864 3713 1044 3786 molestam,
1066 3711 1126 3775 sibi
1149 3719 1254 3776 umen
1275 3712 1447 3796 gloriosam
1464 3713 1628 3778 victoriam

307 3816 511 3882 consecutus,
540 3815 573 3893 et
599 3828 657 3892 per
683 3814 817 3871 aetatem
844 3807 1042 3889 magistratus
1067 3812 1174 3890 petere
1195 3815 1323 3890 posset,
1354 3826 1420 3870 nou
1443 3807 1537 3871 modo
1559 3828 1630 3893 per·

307 3904 450 3966 mittente
480 3910 587 3986 patre,
619 3903 674 3965 sed
704 3903 798 3965 etiam
827 3903 981 3965 suadente
1010 3901 1050 3963 ab
1079 3919 1117 3964 eo
1139 3901 1338 3984 semigravit:
1370 3908 1403 3963 et
1424 3921 1494 3965 oum
1516 3901 1630 3966 domus

307 3998 405 4081 patris
427 4017 446 4060 a
466 3995 535 4060 foro
556 3996 651 4079 longe
672 3995 812 4070 abesset,
834 4016 898 4079 quo
919 3993 1045 4058 facilius
1067 4001 1099 4059 ct
1120 4002 1243 4057 nostres
1265 3994 1378 4058 domus
1399 3994 1487 4058 obire
1510 3997 1630 4080 etipse

204 4140 208 4148 .
309 4091 415 4155 asnis
437 4091 498 4154 coli
520 4095 643 4173 posset,
672 4089 826 4152 conduxit
847 4089 880 4151 in
903 4088 1023 4152 Palatio
1048 4108 1112 4151 non
1134 4108 1249 4172 magno
1270 4090 1409 4152 domum.
1452 4089 1535 4151 Vlll.
1558 4088 1668 4165 Quoto

307 4185 379 4249 loco
405 4202 535 4268 possum
557 4183 663 4247 dicere
684 4182 734 4258 id,
764 4181 850 4267 quod
872 4182 921 4247 vir
942 4181 1148 4257 clarissimus,
1179 4183 1221 4246 ll.
1244 4181 1393 4258 Οιιιιιιι,
1421 4202 1494 4245 cum
1514 4182 1555 4246 de
1576 4181 1631 4247 ad·

308 4285 406 4343 ventu
426 4278 510 4360 regis
531 4277 702 4342 Ptolemaei
724 4284 926 4360 quereretur,
945 4275 1041 4360 paulo
1063 4282 1135 4339 ante
1157 4275 1255 4351 dixit,
1508 4273 1519 4283 “

375 4547 588 4600 zoelum-
607 4547 629 4598 3.
648 4547 745 4598 ccciii>
764 4572 791 4583 -
810 4545 1092 4597 litoctautuub-
1111 4545 1634 4611 woioemmpostrociarsuspectum

310 4622 399 4674 Balio.
419 4649 446 4661 -
469 4623 493 4674 6.
512 4622 609 4672 bouill
631 4647 663 4658 —
688 4622 713 4671 7.
731 4625 754 4671 ct
775 4622 805 4671 de
824 4619 969 4672 minibus
984 4633 1071 4686 usqne
1088 4620 1122 4671 ed
1139 4621 1246 4671 modim
1262 4620 1296 4683 (v.
1314 4620 1339 4683 9)
1356 4632 1411 4671 om.
1429 4621 1463 4682 o,
1487 4632 1574 4684 nsque
1599 4619 1634 4671 ad

310 4698 557 4762 icosiuiilli-
582 4699 719 4758 tomos
739 4696 908 4746 mendosi,
933 4723 960 4733 -
986 4695 1239 4758 ⁴&wa,
1262 4693 1583 4760 sedqupostoinras.
1603 4720 1631 4733 «-

311 4779 346 4825 asi
362 4786 416 4825 om.
435 4774 525 4824 EG·
545 4770 585 4823 44.
604 4773 708 4834 cupidos
723 4772 786 4824 PE:
804 4771 971 4835 cupidiciam
988 4771 1132 4834 aviditatis
1147 4770 1240 4822 Lami).
1253 4771 1336 4831 coui.;
1354 4771 1407 4822 etas
1421 4771 1503 4833 modi,
1521 4772 1636 4835 auidior

310 4853 339 4900 ot
354 4850 375 4899 0
392 4862 425 4900 ex
441 4847 551 4899 Weiskii
567 4847 647 4908 coni,
671 4846 705 4897 de
727 4858 781 4910 que
801 4859 866 4898 vere
888 4843 1014 4896 iudicavit
1033 4844 1179 4909 Madvigius
1195 4858 1223 4910 p.
1241 4845 1302 4906 392,
1328 4846 1371 4896 cul
1387 4845 1516 4911 probatur
1531 4847 1636 4899 Ernesti

312 4925 391 4987 coni,
413 4923 458 4988 qni
478 4923 594 4985 dapidus,
617 4924 647 4972 ut
667 4923 720 4973 iem
741 4918 884 4972 Lambinus
906 4919 1048 4984 aliqnando
1064 4919 1197 4981 voluerat,
1224 4918 1368 4971 delendum
1384 4923 1486 4972 censet.
1512 4923 1635 4974 sirecte

221 5000 223 5007 '
312 4998 411 5050 dictum
427 4998 534 5049 videtur
548 4997 652 5059 dapidus
667 4995 702 5048 de
719 4997 873 5048 accusatore
891 4995 929 5046 ire
946 4998 975 5047 et
990 4994 1078 5047 studio
1095 4997 1197 5046 temere
1208 4993 1329 5060 abrepto,
1348 4996 1394 5059 qui
1407 4996 1544 5049 bominem
1561 4999 1637 5050 inuo-

311 5075 419 5126 cantem
434 5074 591 5132 insectetur,
615 5072 645 5120 ui
661 5072 717 5136 pari
733 5070 834 5122 ratione
851 5071 934 5121 testes
951 5071 979 5121 ct
995 5068 1097 5122 indices
1112 5071 1197 5135 widi
1214 5070 1345 5122 dicuntur.
1365 5097 1392 5107 -
1417 5073 1458 5123 ii.
1476 5072 1504 5124 to
1515 5078 1637 5136 pomata

311 5149 516 5211 monteioG—
533 5146 760 5209 48.coniecitb-
778 5144 1269 5210 (odtG-iti.b0bitctiouibcaEG-
1287 5144 1563 5199 montorium:
1580 5148 1638 5200 mii-

311 5223 405 5274 tomo
418 5250 445 5259 -
457 5223 500 5273 20.
512 5222 681 5286 posidonium
697 5221 723 5272 in
734 5222 754 5271 P
765 5233 817 5272 vox
833 5221 977 5281 creasset,
995 5232 1030 5270 eu
1045 5221 1138 5272 iudices
1148 5221 1204 5272 sive
1221 5221 1293 5272 iudi
1302 5248 1330 5259 -
1347 5221 1460 5286 wago
1471 5224 1516 5273 PG
1528 5251 1554 5261 -
1572 5223 1639 5274 clodi

312 5295 639 5350 P-at.mtiutom1³¹-
657 5297 699 5348 22.
718 5298 810 5347 etG-
829 5295 903 5347 odiis
918 5297 1004 5347 PG-
1022 5296 1075 5345 doc
1091 5300 1121 5348 P:
1140 5298 1163 5346 et
1179 5296 1294 5347 EGO·
1312 5300 1464 5348 ιοιιινηΡ.
1486 5299 1639 5362 sequuntur

312 5376 374 5439 posi
393 5379 508 5424 coenem
523 5374 550 5424 in
567 5376 586 5423 Ρ
602 5387 645 5423 vv.
662 5373 799 5423 resolutorii
816 5372 871 5434 (sio)
889 5371 933 5433 qui
948 5375 1058 5433 ungento
1076 5373 1208 5434 mopsertt
1224 5384 1251 5436 p.
1269 5371 1347 5433 4009,
1364 5373 1381 5423 o
1397 5384 1483 5435 nsque
1500 5372 1535 5423 ed
1551 5375 1639 5425 m

311 5453 391 5498 mdes
406 5461 433 5513 p.
452 5449 525 5511 toti,
545 5449 585 5509 44,
604 5450 632 5499 et
647 5446 767 5499 similitor
783 5448 809 5498 in
825 5447 884 5506 EG,
903 5446 953 5496 nisi
969 5445 1042 5509 quod
1058 5446 1086 5496 hi
1101 5447 1140 5496 sic
1155 5447 1283 5510 pergunt:
1300 5450 1412 5496 aecum
1426 5447 1471 5507 qut
1485 5460 1539 5497 ren
1554 5448 1640 5499 m

313 5523 411 5586 (inimo
421 5522 450 5585 E)
467 5523 511 5585 qui
525 5528 653 5587 unguento
669 5524 720 5573 cei.
746 5524 776 5572 ln
792 5524 812 5572 Ρ
830 5525 919 5571 minen
934 5533 1016 5570 verus
1032 5518 1178 5571 verborum
1194 5519 1260 5570 ordo
1276 5520 1357 5584 signis
1368 5522 1459 5572 vetere
1470 5535 1551 5573 manu
1562 5523 1639 5575 iactis

312 5598 340 5648 in
356 5609 440 5661 marg.
453 5597 583 5649 indicatus
601 5600 650 5648 est.
665 5624 693 5634 -
712 5597 915 5647 occocumodcstie
925 5593 986 5646 cod.
999 5593 1107 5655 Lemb.;
1125 5595 1319 5646 nccoomtodctir
1333 5595 1368 5655 Ες
1386 5597 1563 5648 mmmm
1573 5599 1595 5648 G
1607 5624 1635 5635 -

313 5670 355 5723 ii.
373 5672 517 5737 semigravit
533 5686 602 5724 unus
619 5674 701 5724 oron.
720 5671 798 5739 prob.
816 5672 905 5723 Balio.
921 5697 947 5707 -
966 5671 1019 5719 mm
1035 5671 1073 5721 C:
1093 5670 1180 5721 omo
1199 5696 1227 5706 -
1244 5671 1286 5721 25.
1305 5676 1329 5721 ci
1344 5683 1398 5722 om.
1411 5671 1461 5722 EG
1479 5697 1506 5707 -
1525 5673 1566 5724 26.
1578 5686 1639 5724 coe-

314 5759 370 5796 cum
385 5747 439 5798 totu
454 5749 496 5809 Ρη
514 5748 568 5799 mm
584 5761 637 5800 om.
656 5750 675 5800 L
694 5774 723 5786 ·-
741 5748 782 5799 27.
796 5753 879 5811 posui
894 5741 972 5798 P²G²:
994 5744 1638 5809 cecitateo1-se.ame:nonmseo

316 5821 392 5887 (obire
407 5824 492 5874 ἀοιιοι
506 5824 548 5888 4.);
565 5824 600 5876 ci.
618 5838 645 5890 p.
664 5824 721 5885 327,
740 5824 764 5875 4.
782 5823 839 5886 926,
858 5824 898 5875 ti.
919 5847 946 5861 -·
970 5822 1010 5873 30.
1024 5821 1104 5886 pond
1119 5817 1148 5872 4ἰ
1166 5847 1195 5858 -
1213 5821 1254 5873 34.
1272 5821 1354 5873 baeu
1369 5821 1411 5884 1²¹,
1428 5823 1459 5873 nt
1473 5820 1587 5875 ridetur.
1606 5845 1634 5859 -

315 5897 365 5950 sir.
382 5897 457 5964 cion]
474 5913 545 5952 stc.
562 5902 583 5953 Ρ
600 5926 628 5938 -
645 5901 782 5952 muer?
800 5925 827 5937 -
846 5897 1239 5964 aboioloutoiqwrml’.
