3800 7350
599 1213 604 1222 ·
704 1192 779 1259 cn.
799 1192 971 1259 x1-xn.
997 1190 1204 1277 §ssa-ur.
1527 1192 1610 1261 reos

295 1360 482 1439 Corfidium,
503 1362 562 1427 lios
584 1382 693 1427 omnes
715 1363 838 1447 equites
859 1363 1035 1438 Romanos,
1065 1365 1119 1449 qui
1138 1365 1253 1428 adsunt
1276 1372 1363 1429 veste
1388 1370 1523 1441 mutata,
1544 1384 1611 1429 non

292 1458 397 1523 solum
417 1464 510 1521 notos
531 1457 603 1531 tibi,
624 1457 840 1522 verumetiam
861 1456 1010 1540 probatos
1024 1457 1123 1532 viros,
1145 1458 1199 1541 qni
1214 1464 1317 1521 tecum
1332 1456 1485 1522 fuerumt?
1506 1459 1611 1543 Atque

291 1550 342 1616 bis
363 1549 585 1626 irascebamur,
606 1551 664 1614 bos
685 1551 932 1635 requirebamus,
954 1549 1004 1614 bis
1018 1570 1083 1613 non
1097 1550 1176 1614 nulli
1192 1551 1285 1614 etiam
1302 1551 1506 1617 minabamur.
1530 1551 1611 1616 Con·

292 1661 384 1708 serra
404 1642 500 1725 igitur
521 1645 583 1708 tuis
604 1664 698 1718 suos,
732 1651 782 1718 ut,
812 1664 905 1727 quem
927 1643 968 1707 ad
989 1633 1119 1707 modum
1140 1649 1259 1719 cetera,
1288 1663 1371 1727 quae
1392 1645 1477 1709 dicta
1497 1652 1610 1709 sunta

292 1745 341 1813 te,
363 1736 409 1801 sic
429 1735 490 1800 hcc
504 1737 701 1801 verissimum
722 1737 909 1819 reperiatur.
952 1737 1023 1799 llll.
1044 1732 1096 1800 34.
1118 1734 1213 1812 Quod
1234 1737 1261 1799 si
1283 1736 1408 1820 penitus
1429 1738 1633 1821 perspiceres

290 1849 403 1915 posses
435 1830 637 1895 concordiam
663 1831 875 1914 Ligariorum,
908 1850 1019 1894 omnes
1046 1829 1157 1893 iratres
1185 1836 1290 1894 tecum
1318 1830 1473 1896 iudicares
1500 1830 1610 1895 fuisse.

289 1925 340 1989 An
361 1930 468 2008 potest
488 1924 658 2008 quisquam
680 1924 822 1989 dubitare
851 1925 946 2009 quin,
974 1925 1001 1988 si
1023 1921 1062 1999 Q.
1076 1923 1217 2005 Ligarius
1238 1924 1272 1987 in
1290 1923 1382 1989 ltalia
1397 1943 1467 1989 esse
1488 1925 1611 2009 potuis·

290 2024 358 2095 set,
378 2017 412 2082 in
434 2018 545 2083 eadem
566 2017 723 2082 sententia
743 2016 838 2082 inerit
857 2017 998 2094 iuturus,
1019 2019 1054 2081 in
1069 2036 1132 2103 qua
1152 2016 1263 2083 fratres
1284 2017 1433 2083 lucranti
1456 2015 1537 2093 Quis
1551 2025 1610 2093 est,

291 2112 348 2196 qui
378 2110 491 2175 borum
519 2131 707 2177 consensum
736 2113 968 2196 conspirantem
996 2118 1028 2176 et
1056 2132 1158 2196 paene
1187 2114 1354 2177 condatum
1374 2111 1408 2175 in
1429 2110 1490 2176 bac
1509 2132 1609 2196 prope

291 2205 481 2289 aequalitate
507 2204 645 2270 fraterna
672 2205 816 2279 noverit,
845 2206 899 2289 qui
921 2207 982 2270 hoc
1005 2226 1067 2269 non
1096 2205 1225 2281 sentiat,
1257 2205 1383 2291 quidvis
1411 2207 1497 2289 prius
1524 2205 1647 2269 futu-so

290 2319 360 2363 rum
383 2297 500 2374 luisse,
528 2318 622 2383 quam
657 2305 694 2361 ut
719 2298 752 2361 bi
781 2297 892 2362 iratres
914 2300 1055 2363 diversas
1076 2300 1249 2363 sententias
1269 2299 1474 2384 fortunasque
1495 2318 1609 2382 seque-

289 2394 423 2457 renturi
448 2392 615 2456 voluntate
636 2392 736 2481 igitur,
753 2412 863 2457 omnes
885 2400 989 2458 tecum
1011 2392 1155 2467 inerunt,
1184 2400 1372 2477 tempestate
1392 2391 1540 2473 abreptus
1562 2399 1610 2455 est

289 2506 391 2562 unns,
421 2488 493 2571 qni,
520 2486 548 2549 si
568 2486 700 2549 consilio
723 2485 755 2549 id
776 2485 920 2561 fecisset,
950 2494 1034 2551 esset
1055 2505 1166 2551 eorum
1188 2486 1314 2561 similis,
1345 2505 1425 2570 quos
1446 2492 1481 2548 tn
1503 2493 1607 2549 tamen

289 2579 393 2645 salros
415 2599 485 2643 esse
499 2579 636 2643 voluisti.
668 2576 719 2643 35.
735 2580 798 2643 Sed
819 2581 890 2644 ierit
910 2580 950 2643 ad
971 2580 1105 2654 bellum,
1128 2579 1312 2644 dissenserit
1330 2599 1395 2643 non
1417 2579 1608 2655 eteoclem,

288 2694 397 2740 verum
420 2674 513 2738 etiam
534 2693 553 2736 a
573 2672 736 2737 iratribus:
764 2673 796 2737 bi
819 2682 850 2738 te
872 2681 962 2737 orant
983 2675 1041 2738 tui.
1080 2672 1253 2757 Equidem,
1284 2693 1354 2736 cum
1376 2672 1440 2738 tuis
1462 2672 1645 2735 omnibussc

288 2766 425 2850 negotiis
445 2768 646 2842 interessem,
668 2768 816 2830 memoria
837 2774 948 2842 teneo,
972 2767 1075 2851 qualis
1097 2769 1132 2828 T.
1145 2766 1287 2849 Ligarius
1301 2775 1452 2851 quaestor
1470 2767 1607 2830 urbanus

287 2860 384 2925 fuerit
405 2879 479 2943 erga
499 2868 531 2923 te
554 2866 585 2923 et
607 2858 790 2943 dignitatem
812 2867 907 2925 tuam.
944 2860 1006 2924 Sed
1034 2880 1143 2943 parum
1173 2868 1221 2924 est
1246 2880 1297 2923 me
1324 2860 1385 2925 boc
1412 2861 1607 2926 meminisse:

289 2974 382 3038 spero
404 2955 498 3019 etiam
519 2960 564 3027 te,
597 2953 652 3038 qui
675 2953 816 3018 oblivisci
839 2954 918 3017 nibil
941 2954 1025 3018 soles
1046 2954 1109 3017 nisi
1130 2953 1282 3029 iniurias,
1303 2956 1455 3039 quoniam
1475 2955 1537 3019 boc
1559 2962 1608 3020 est

289 3047 402 3122 animi,
434 3047 583 3131 quoniam
614 3048 708 3111 etiam
737 3047 857 3130 ingenii
881 3048 944 3122 tui,
975 3055 1007 3111 te
1028 3047 1149 3132 aliquid
1171 3046 1210 3110 de
1231 3046 1326 3110 buius
1346 3047 1403 3110 illo
1425 3048 1606 3132 quaestorio

290 3137 411 3213 officio,
433 3142 526 3203 etiam
548 3140 587 3203 de
609 3140 681 3204 aliis
702 3140 891 3224 quibusdam
906 3141 1125 3226 quaestoribus
1146 3141 1416 3216 reminiscentem,
1437 3141 1643 3205 recordandae

289 3231 341 3297 36.
363 3234 423 3297 llic
444 3234 540 3316 igitur
552 3236 587 3295 T.
601 3234 760 3316 Ligarius,
782 3236 835 3318 qui
857 3242 924 3297 tum
946 3234 1025 3297 nibil
1048 3234 1113 3317 egit
1133 3234 1219 3297 aliud
1241 3238 1507 3317 -nequeenim
1528 3235 1607 3300 baec

290 3326 511 3391 divinabat-
524 3327 586 3390 nisi
607 3335 643 3390 ut
660 3329 706 3391 tui
727 3347 799 3390 eum
821 3327 999 3390 studiosum
1016 3334 1048 3390 et
1068 3327 1187 3389 bonum
1209 3327 1309 3390 virum
1331 3324 1606 3403 iudicares,'nunc

289 3428 360 3487 ate
382 3420 518 3504 supplex
539 3419 644 3484 fratris
665 3421 798 3484 salutem
824 3420 922 3504 petit:
955 3441 1048 3504 quam
1074 3420 1169 3485 buius
1199 3419 1376 3484 admonitus
1403 3417 1508 3485 officio
1535 3439 1606 3484 cum

289 3515 431 3598 ubisque
459 3513 510 3577 bis
538 3513 680 3589 dederis,
712 3522 775 3578 tres
805 3512 916 3576 iratres
938 3514 1074 3597 optimos
1104 3522 1136 3578 et
1162 3513 1380 3597 integerrimos
1411 3534 1477 3577 non
1503 3513 1607 3577 solum

288 3608 349 3672 sibi
374 3608 460 3692 ipsos
489 3627 595 3692 neque
622 3606 672 3670 bis
702 3613 749 3670 tot
775 3607 890 3671 talibus
912 3608 989 3671 viris
1009 3627 1115 3693 neque
1136 3608 1227 3672 nobis
1248 3607 1434 3672 necessariis
1455 3609 1528 3684 tuis,
1550 3605 1665 3675 sedas.

288 3703 381 3767 etiam
404 3702 616 3784 reipublicae
638 3701 876 3765 condonaveris.
919 3698 971 3765 ³7.
993 3703 1055 3766 Fac
1071 3703 1180 3791 jgitnr,
1202 3701 1288 3787 quod
1311 3703 1351 3766 de
1372 3702 1501 3768 bomine
1515 3702 1607 3767 nobi-

286 3796 408 3859 lissimo
430 3802 463 3859 et
483 3794 653 3859 clarissimo
675 3793 777 3858 fecisti
801 3816 903 3878 nuper
922 3796 957 3858 in
978 3796 1073 3871 curia,
1094 3816 1179 3860 nnnc
1195 3796 1280 3859 idem
1293 3796 1327 3859 in
1340 3794 1409 3860 foro
1423 3796 1464 3860 de
1478 3796 1606 3879 optimis

287 3894 321 3951 et
339 3887 415 3952 huic
436 3887 523 3951 omni
543 3886 740 3973 frequentiae
757 3888 987 3970 probatissimis
1001 3888 1159 3954 iratribus.
1192 3890 1231 3953 Ut
1246 3889 1429 3954 concessisti
1451 3889 1542 3953 illum
1556 3909 1606 3953 se-

287 3980 394 4055 natui,
415 3980 461 4044 sic
483 3980 523 4045 da
540 3980 624 4044 bunc
637 3980 768 4064 populo,
790 3981 880 4045 cuius
895 3983 1090 4047 voluntatem
1105 3984 1298 4046 carissimam
1312 4003 1438 4066 semper
1457 3982 1606 4064 habuisti,

288 4082 338 4150 et,
359 4075 386 4138 si
408 4072 461 4138 ille
477 4075 545 4140 dies
566 4075 623 4139 tibi
642 4075 904 4159 gloriosissimus,
925 4076 1044 4159 populo
1058 4078 1200 4140 Romano
1215 4077 1411 4160 gratissimus
1432 4074 1508 4151 fuit,
1529 4073 1644 4152 noli,ao

287 4169 434 4245 obsecro,
456 4169 617 4243 dubitare,
650 4168 683 4233 C.
706 4167 836 4244 Caesar,
857 4168 992 4233 similem
1014 4169 1061 4233 illi
1083 4170 1202 4253 gloriae
1224 4169 1350 4235 laudem
1373 4189 1466 4255 quam
1487 4169 1606 4251 saepis-

351 4456 777 4523 t.coraifldtseuC-bosGE:
802 4457 1606 4521 borceo-2.utrorquttecsm{teensstdiizotrosiie-

285 4532 459 4596 mmmm
474 4532 508 4583 de
525 4545 573 4583 sua
591 4533 742 4584 coniectura
760 4533 780 4583 0
799 4560 825 4569 —
845 4534 869 4585 3.
886 4533 1047 4584 mmmm
1063 4532 1128 4583 GE:
1147 4531 1310 4582 mosem
1325 4532 1346 4582 0
1365 4558 1393 4568 -
1410 4533 1435 4583 7.
1449 4531 1489 4597 0.]
1505 4532 1607 4594 40044440

286 4611 353 4660 G-
379 4607 404 4659 8.
421 4607 497 4670 merit
517 4608 617 4671 saiw
638 4608 698 4659 cod.
716 4609 848 4660 Parisinus
869 4609 934 4660 4880
955 4609 982 4659 et
1003 4607 1144 4658 Vindobi
1166 4605 1287 4658 soldani:
1313 4607 1398 4671 1044444
1415 4608 1516 4672 manos
1536 4609 1604 4670 GE;

284 4683 385 4746 Morus
398 4682 474 4745 merit
490 4682 519 4732 0.
544 4683 584 4734 Ci.
596 4683 755 4748 Madvigium
767 4685 855 4747 opusc.
868 4684 941 4733 acad.
955 4683 1000 4734 alt.
1012 4694 1039 4747 p.
1051 4683 1109 4734 229.
1123 4709 1151 4720 -
1169 4681 1194 4731 9.
1210 4681 1297 4746 prope]
1310 4683 1444 4745 propriae
1459 4710 1486 4720 -
1506 4683 1546 4734 40.
1558 4697 1606 4733 no-

283 4758 361 4817 eost,
380 4757 423 4820 qui
438 4757 538 4808 Theod.
551 4759 683 4822 Hausiug:
702 4772 753 4810 uon
768 4757 886 4810 aweit?
902 4759 945 4821 qua·
961 4757 1039 4809 codd.
1056 4757 1114 4808 eto
1127 4782 1155 4792 -
1173 4755 1214 4808 44.
1233 4757 1372 4807 diam
1388 4757 1453 4808 GE:
1471 4758 1607 4809 discam

285 4834 314 4885 0.
334 4834 412 4884 «Non
434 4832 527 4884 dubito
546 4835 713 4887 verissimam
734 4833 875 4886 lectionem
897 4834 1036 4884 summit
1051 4833 1201 4884 restituere.
1227 4833 1276 4882 liic
1292 4831 1362 4883 euim
1379 4832 1459 4883 animi
1475 4831 1605 4884 dissensio

284 4907 459 4973 significetur,
485 4910 515 4958 nt
535 4921 615 4974 supra
636 4909 732 4960 modo:
760 4909 857 4971 puceu
873 4908 946 4970 prior
966 4907 1081 4970 suturam
1100 4907 1190 4970 Mus,
1212 4920 1290 4970 quoru
1304 4911 1333 4956 st
1347 4906 1373 4956 44
1387 4907 1481 4970 trum
1496 4908 1607 4958 4440404αο

283 4983 416 5034 mentm
434 4984 597 5046 (uimque
616 4989 784 5046 queatur.
811 4984 886 5044 Quod
901 4982 938 5034 ibi
955 4986 1080 5046 negatur,
1102 4983 1147 5034 bic
1165 4982 1274 5033 artificio
1291 4981 1406 5032 oratorio
1423 4981 1604 5032 conceditur.»

285 5059 497 5108 Gruterus·
523 5059 563 5111 46.
582 5061 664 5123 quotis
680 5058 786 5112 iilic:
804 5060 886 5122 quotis
901 5064 954 5109 taor
970 5057 1030 5109 E‘o
1048 5085 1075 5095 -
1094 5056 1131 5122 T.]
1149 5059 1208 5108 titia
1223 5058 1286 5116 GE;
1305 5068 1359 5106 om.
1379 5057 1398 5106 C
1419 5083 1447 5094 -
1465 5056 1505 5107 48.
1522 5069 1603 5119 spero,

284 5132 391 5193 cesar,
415 5134 458 5196 qui
481 5133 591 5185 oblivisci
610 5137 672 5187 citui
687 5136 748 5187 soles
762 5136 811 5186 nist
829 5134 936 5185 assem
952 5133 1202 5184 Lacunam-osvin.
1220 5131 1331 5182 institut.
1350 5129 1397 5191 Vi,
1415 5132 1461 5192 48;
1485 5132 1529 5192 qut
1544 5132 1606 5181 nou

283 5208 344 5260 soles
359 5207 468 5259 oblivisci
482 5209 531 5259 ciri
547 5210 655 5261 iniustus
671 5209 842 5271 Quintilianus
858 5210 905 5271 Vl,
923 5207 948 5269 3,
967 5207 1023 5258 408.
1039 5234 1067 5243 -
1085 5206 1133 5257 nos
1149 5219 1202 5257 om.
1220 5207 1282 5258 Ε-
1300 5206 1418 5269 quosdam
1429 5232 1467 5244 --
1477 5207 1603 5270 queam]

283 5297 497 5347 qoom--quom
513 5284 562 5335 GE
579 5310 607 5321 --
625 5287 666 5336 00.
684 5286 765 5350 office
782 5282 852 5337 une
873 5284 954 5348 ostem
969 5282 1119 5345 aarum
1133 5278 1201 5332 E’o.
1219 5280 1258 5333 cl.
1270 5280 1437 5332 Wundernm
1455 5282 1514 5332 Ver.
1526 5283 1602 5333 iecit.

282 5373 311 5424 p.
328 5358 415 5410 XXVI.
437 5383 464 5396 -
483 5360 524 5410 ii.
541 5365 570 5410 st
585 5360 622 5410 tut
637 5373 694 5412 eom
710 5361 836 5412 Patricius
853 5361 881 5411 et
896 5355 1048 5409 Gulielmius
1065 5369 1128 5408 cum
1152 5356 1259 5408 schedis
1275 5356 1399 5406 Puteaui:
1423 5359 1452 5405 ut
1467 5360 1495 5406 tu
1510 5369 1566 5406 aea
1582 5358 1603 5406 G

283 5433 320 5494 E,
338 5437 367 5482 et
382 5446 438 5484 eom
455 5434 503 5484 tois
520 5434 575 5498 (sic)
593 5435 629 5494 C;
646 5440 675 5485 ut
691 5440 718 5485 tu
733 5449 790 5486 eum
805 5433 842 5485 tut
858 5434 887 5484 0.
906 5432 945 5483 (44.
964 5430 1131 5483 Wunderum
1147 5428 1164 5482 l.
1177 5429 1194 5481 l.
1212 5445 1240 5496 p.
1257 5430 1344 5482 xxxi.
1359 5458 1387 5469 -
1405 5431 1446 5482 23.
1465 5444 1516 5494 quo
1531 5432 1604 5483 buius

284 5507 345 5558 C-
363 5507 404 5557 25.
422 5507 468 5558 sibi
484 5510 549 5571 ipsos
565 5508 630 5559 GE:
649 5509 695 5559 sibi
710 5510 770 5572 tpstr
785 5509 845 5560 cod.
858 5506 1019 5558 Barberinus
1030 5507 1160 5556 Garatonii
1177 5509 1204 5556 et
1220 5519 1253 5556 ex
1269 5505 1381 5556 Emestii
1397 5506 1547 5557 coniectura
1565 5507 1600 5567 0;

281 5582 423 5646 utramque
440 5595 534 5634 vocem
551 5596 605 5634 om.
624 5584 654 5634 C.
673 5583 712 5634 ci.
729 5597 757 5648 p.
776 5583 833 5644 680,
847 5584 887 5634 44.
907 5582 979 5644 4488,
993 5583 1033 5632 ti.
1048 5608 1076 5618 -
1094 5585 1129 5631 tot
1145 5580 1235 5631 4844οω
1251 5581 1319 5631 GC:
1336 5584 1372 5630 tot
1387 5592 1419 5630 ac
1434 5579 1525 5629 0448οω
1540 5581 1599 5631 EO.

282 5654 321 5707 ct.
339 5668 366 5719 p.
385 5656 457 5718 4444,
471 5657 511 5708 44.
531 5657 655 5720 447030.
668 5685 695 5695 -
714 5658 763 5708 ase
779 5659 844 5709 GE:
861 5657 959 5718 suis0;
978 5656 1075 5708 cmc.
1094 5654 1273 5707 «adnumerat
1288 5667 1318 5706 se
1336 5655 1429 5706 Cicero
1447 5667 1509 5707 cum
1525 5658 1599 5719 gram

282 5730 399 5794 quadam
416 5729 520 5782 licentia
537 5731 694 5784 necessariis
710 5732 845 5794 Caesaris,
872 5733 917 5796 qui
933 5743 982 5796 pre
1000 5731 1031 5791 Q.
1049 5731 1150 5795 Ligario
1166 5728 1363 5796 supplicabant,
1390 5728 1474 5795 qualis
1495 5733 1553 5781 erat
1569 5732 1598 5782 C.

280 5805 392 5856 Pausa.»
410 5805 492 5855 lisca.
510 5806 579 5857 Fert.
597 5804 666 5856 uobis
682 5818 726 5857 aec
741 5819 794 5857 aec.
813 5811 831 5857 t.
847 5833 875 5844 -
893 5805 936 5858 86.
947 5806 1129 5858 coodoocbirti
1140 5831 1167 5843 -
1185 5806 1227 5866 27.
1244 5806 1381 5857 clerium
1397 5799 1496 5856 GE¹C:
1513 5805 1545 5855 cl.
1561 5805 1598 5856 it.

280 5879 400 5933 nocuo
414 5880 527 5936 macero
542 5879 585 5944 E¹3
603 5881 975 5947 munusculorum
993 5907 1020 5919 -
1037 5881 1079 5934 aa.
1097 5881 1262 5933 clurinum
1277 5881 1298 5934 C
1316 5907 1344 5918 -
1362 5879 1403 5933 30.
1421 5878 1466 5931 ses
1480 5889 1535 5931 om.
1551 5878 1581 5931 C.
