3800 7350
334 1156 397 1225 934
761 1158 912 1225 ORATIO
934 1158 1013 1224 PRO
1035 1159 1070 1224 P.
1092 1159 1234 1226 SESTIO

333 1332 467 1395 obscure
487 1328 610 1393 Pisauri
631 1334 662 1392 et
683 1328 717 1391 in
738 1329 808 1393 aliis
829 1329 897 1413 agri
919 1329 1029 1393 Gallici
1053 1331 1194 1413 partibus
1215 1332 1248 1394 in
1271 1331 1327 1395 illa
1349 1333 1564 1400 coniuratione
1584 1351 1656 1398 ser*

333 1434 444 1490 satum.
486 1423 638 1507 Idemque
666 1423 699 1487 C.
721 1423 922 1499 Marcellum,
956 1445 1027 1489 cum
1059 1426 1086 1488 is
1115 1444 1180 1487 uon
1212 1425 1350 1509 Capuam
1380 1426 1484 1489 solum
1506 1428 1656 1504 venisset,

331 1519 554 1585 verumetiam
576 1536 610 1580 sc
632 1518 724 1600 quasi
745 1537 901 1581 armorum
923 1517 1030 1582 studio
1052 1520 1085 1582 in
1107 1520 1273 1583 maximam
1293 1518 1443 1583 familiam
1458 1521 1657 1597 coniecisset,
1724 1573 1729 1580 ,

332 1612 605 1676 exterminandum
634 1632 674 1674 ex
702 1609 757 1675 illa
788 1612 880 1683 urbo,
896 1613 1026 1675 curavit.
1071 1613 1142 1688 Qua
1164 1611 1203 1675 de
1225 1633 1321 1678 causa
1341 1622 1374 1677 et
1394 1621 1460 1678 tum
1482 1623 1656 1679 conventus

308 1707 384 1770 oilie
407 1707 550 1789 Capuae,
572 1704 627 1788 qui
649 1713 776 1788 pmptcr
797 1706 931 1770 salutem
953 1706 1039 1770 illius
1061 1707 1148 1769 urbis
1170 1707 1338 1770 consulatu
1354 1714 1570 1772 conservatam
1584 1728 1657 1772 meo

331 1821 381 1863 me
402 1819 499 1863 unum
520 1807 690 1883 patronum
711 1798 886 1881 adoptavit,
908 1798 984 1862 huic
1005 1800 1088 1883 apud
1110 1820 1160 1862 ma
1182 1801 1216 1862 P.
1240 1800 1342 1863 Sestio
1365 1801 1518 1866 maximas
1541 1804 1656 1886 gratim

332 1895 411 1978 egit,
433 1900 465 1957 et
485 1894 547 1957 boc
569 1899 710 1975 tempore
732 1893 836 1955 eidem
857 1892 1002 1956 homines
1025 1893 1153 1957 nomine
1176 1902 1366 1958 commutato
1389 1895 1492 1959 coloni
1512 1895 1657 1962 decurio-

330 2007 468 2072 nesque,
490 1986 650 2050 fortissimi
673 1994 767 2071 atque
791 1987 903 2069 optimi
925 1987 999 2061 viri,
1021 1986 1211 2051 beneficium
1233 1990 1267 2051 P.
1283 1989 1377 2052 Sestii
1399 1989 1583 2054 testimonio
1602 1990 1658 2053 de-

331 2082 466 2156 clarant,
487 2080 662 2164 periculum
685 2080 812 2144 decreto
834 2101 892 2144 suo
908 2080 1127 2164 deprecantur.
1165 2077 1215 2144 40.
1230 2081 1350 2157 Recita,
1365 2102 1496 2166 quaeso,
1511 2083 1547 2146 L.
1563 2084 1656 2158 Sesti,

292 2175 410 2259 sequid
431 2174 589 2239 decrerint
609 2174 736 2257 Capuae
757 2173 960 2250 decuriones,
982 2184 1018 2239 ut
1039 2176 1101 2238 iam
1122 2175 1254 2258 puerilis
1270 2181 1323 2237 tua
1337 2195 1402 2238 vox
1416 2176 1519 2258 possit
1533 2176 1656 2261 aliquid

331 2266 508 2353 significare
529 2267 667 2331 inimicis
688 2268 818 2341 vestris,
841 2268 1009 2351 quidnam,
1032 2289 1104 2332 cum
1121 2288 1155 2332 se
1171 2262 1399 2343 corroborarit,
1422 2270 1572 2335 effectura
1585 2290 1655 2335 esse

331 2363 486 2428 videatur.
524 2363 732 2425 brumosis
753 2380 908 2425 nscnura.
947 2364 1018 2425 Non
1040 2364 1138 2426 recito
1158 2362 1320 2425 decretum
1342 2358 1447 2425 officio
1469 2364 1577 2447 aliquo
1599 2385 1656 2429 ex·

330 2477 474 2543 pressum
495 2455 665 2520 vicinitatis
687 2461 743 2518 aut
764 2455 930 2518 clientelae
953 2463 1007 2519 aut
1027 2455 1155 2538 hospitii
1177 2453 1315 2537 publici,
1337 2462 1392 2518 aut
1408 2456 1588 2521 ambitionis
1601 2464 1656 2522 aut

330 2550 612 2617 commendationis
633 2551 749 2633 gratia:
778 2548 834 2612 sed
856 2551 956 2615 recito
979 2552 1159 2616 memoriam
1181 2550 1340 2633 perfimcti
1361 2551 1510 2634 periculi,
1532 2549 1656 2634 praedi·

294 2661 322 2708 44
330 2647 486 2710 cntionem
516 2643 700 2727 amplissimi
729 2639 890 2716 beneficii,
925 2645 1061 2710 indicem
1090 2643 1184 2708 officii
1214 2646 1409 2728 praesentis,
1439 2646 1654 2715 testimouium

330 2740 491 2825 praeteriti
512 2739 674 2819 temporis.
711 2732 760 2799 44.
783 2739 886 2821 Atque
909 2738 971 2802 illis
994 2738 1188 2822 temporibus
1210 2737 1327 2813 isdem,
1342 2742 1422 2801 bum
1437 2738 1500 2801 iam
1516 2738 1655 2822 Capuam

329 2841 416 2899 metu
445 2833 566 2896 Sestius
598 2831 781 2907 liberasset,
810 2831 921 2894 urbem
951 2839 1079 2895 senatus
1101 2840 1196 2915 atque
1219 2852 1328 2894 omnes
1350 2831 1425 2895 boni
1448 2831 1655 2915 deprebensis

329 2935 427 3013 atque
457 2925 618 3013 oppressis
647 2924 829 2988 domesticis
856 2926 1000 3010 bostibus
1023 2946 1072 2990 me
1095 2925 1176 2990 duce
1198 2946 1239 2989 ex
1259 2925 1409 3010 periculis
1431 2926 1578 2991 maximis
1600 2944 1655 2987 ex·

242 3000 516 3096 Nraxisseut,
551 3040 610 3103 ego
637 3019 750 3083 litteris
779 3019 813 3081 P.
843 3012 981 3107 Sestium
1011 3019 1118 3102 Capua
1146 3020 1295 3097 arcessiri
1325 3041 1398 3084 cum
1423 3019 1480 3084 illo
1502 3018 1655 3092 exercitu,

291 3134 424 3203 atquem
445 3124 512 3179 tum
534 3100 641 3177 se'cum
661 3109 817 3176 babebat:
840 3113 953 3197 quibus
975 3113 1027 3177 bic
1048 3113 1163 3177 litteris
1185 3113 1275 3177 lectis
1294 3114 1335 3177 ad
1355 3114 1466 3178 urbem
1488 3110 1654 3177 confestim

327 3208 506 3282 incredibili
530 3206 690 3271 celeritate
711 3205 880 3269 advolavit
920 3207 1026 3290 Atque
1047 3216 1084 3271 ut
1104 3207 1190 3271 illius
1212 3207 1364 3291 temporis
1387 3207 1584 3272 atrocitatem
1605 3225 1655 3269 re-

329 3302 452 3369 cordari
475 3301 622 3386 possitis,
643 3299 750 3363 audite
772 3299 893 3363 litteras
907 3307 940 3363 et
954 3297 1089 3391 vostram
1106 3291 1288 3371 memoriam
1303 3301 1342 3365 ad
1356 3300 1479 3365 timoris
1494 3298 1654 3384 praeteriti

329 3397 553 3482 cogitationem
575 3394 721 3458 excitate.
754 3394 916 3458 Lnuunsa
940 3394 1108 3458 Crannonis
1131 3415 1285 3459 consvars.
1322 3396 1360 3458 V.
1383 3396 1451 3458 Hoc
1468 3393 1608 3458 adventu
1620 3391 1654 3454 P.

330 3491 424 3555 Sestii
447 3489 645 3553 tribunorum
667 3487 711 3570 pl.
732 3507 904 3562 novorum,
926 3489 983 3571 qui
1006 3496 1073 3551 tum
1095 3490 1244 3552 extremis
1266 3488 1378 3551 diebus
1393 3486 1578 3551 consulatus
1592 3485 1654 3549 mei

291 3576 379 3651 acres
402 3579 471 3658 eas,
494 3601 573 3667 quas
595 3582 767 3667 gesimam,
790 3601 906 3646 vexare
921 3582 1101 3664 cupiebant,
1122 3582 1332 3665 reliquaeque
1348 3580 1575 3645 coniurationis
1596 3579 1655 3641 im·

328 3685 420 3763 petus
443 3685 474 3742 et
495 3682 627 3740 conatus
649 3683 723 3740 sunt
743 3666 902 3740 retardati.
947 3672 997 3738 44.
1020 3679 1065 3740 Ac
1087 3683 1293 3760 posteaquam
1312 3684 1364 3740 ‘est
1384 3667 1590 3749 intellectum,
1611 3672 1654 3737 lt.

330 3773 448 3838 Catone
463 3771 591 3836 tribuno
608 3771 664 3854 pl.,
679 3769 851 3834 fortissimo
865 3777 961 3854 atque
977 3770 1094 3853 optimo
1110 3770 1183 3844 civi,
1200 3769 1440 3854 rempublicam
1455 3766 1655 3841 defendente,

327 3868 386 3952 per
406 3886 441 3931 se
462 3866 567 3950 ipsum
584 3871 727 3929 senatum
744 3865 964 3948 populumque
979 3865 1155 3928 Romanum
1170 3864 1237 3926 sine
1253 3863 1387 3926 militnm
1401 3860 1559 3948 praesidio
1573 3860 1656 3927 tueri

327 3960 419 4025 facile
447 3961 642 4024 maiestatem
672 3979 760 4024 suam
790 3959 1039 4043 dignitatemque
1065 3978 1193 4035 eorum,
1223 3959 1280 4041 qui
1302 3958 1436 4022 salutem
1458 3975 1656 4022 communem

394 4214 418 4263 4.
436 4214 575 4276 measse
599 4237 627 4248 -
651 4212 676 4261 4.
694 4212 717 4261 it
736 4213 755 4262 P
777 4224 845 4262 corr.
864 4224 897 4262 er
917 4211 962 4260 liis.
982 4239 1010 4247 —
1036 4211 1150 4274 Capuam
1171 4211 1251 4261 sotum
1267 4212 1331 4260 PG:
1358 4210 1438 4261 444444
1454 4209 1569 4273 capuam
1586 4210 1606 4260 0
1626 4233 1654 4245 -·

328 4289 494 4339 accessisse
509 4289 571 4338 o-
589 4298 736 4337 cotronam
753 4289 795 4346 P¹;
813 4287 1004 4337 4444444444.
1020 4312 1045 4324 -
1066 4287 1156 4349 eaput
1172 4287 1191 4335 P
1210 4312 1237 4322 -
1255 4287 1282 4336 P.
1295 4286 1373 4337 Sestio
1390 4285 1523 4349 glossema
1539 4284 1653 4345 videtur,

328 4364 400 4429 quod
417 4365 470 4414 iam
487 4361 602 4414 Manutio
619 4363 774 4425 suspectum
791 4361 847 4411 tuit.
859 4389 886 4397 —
904 4362 927 4411 4.
946 4361 1024 4412 444444
1041 4363 1076 4411 P:
1095 4362 1192 4423 quidem
1210 4363 1231 4410 6
1248 4373 1318 4411 corr.
1331 4362 1358 4412 iu
1370 4362 1487 4424 quidem
1504 4357 1611 4410 4444440
1626 4382 1652 4396 -

327 4440 453 4490 44444446
465 4462 492 4475 -
507 4439 532 4490 8.
542 4437 598 4487 sesti
609 4437 696 4486 PG-
711 4436 736 4486 s.
748 4436 888 4499 4444444444
898 4437 958 4486 PG:
975 4435 1164 4498 possederam
1176 4433 1276 4499 aliquot
1287 4435 1352 4485 dett.
1365 4461 1392 4474 -
1404 4435 1434 4485 l..
1447 4435 1611 4486 Hotomanus
1624 4443 1656 4482 ex

329 4527 372 4579 ep.
386 4512 420 4563 ad
432 4515 504 4563 Fam.
516 4511 632 4572 lllll,8:
650 4513 676 4560 P.
689 4512 807 4562 460-
827 4512 868 4560 to.
881 4511 1006 4560 decrerim
1022 4513 1055 4561 P:
1073 4511 1302 4567 accessuram
1322 4509 1354 4562 ct.
1367 4522 1395 4575 p.
1408 4510 1465 4570 707,
1478 4510 1503 4559 4.
1519 4535 1545 4547 -
1564 4506 1656 4557 etiem

328 4586 518 4652 ὁ4494044444
534 4584 652 4636 habeta
671 4611 698 4620 -
714 4585 819 4648 puerilis
834 4587 900 4636 AG:
917 4585 1002 4634 uirilis
1018 4588 1046 4635 P.
1073 4585 1111 4636 Cl.
1130 4585 1216 4636 Madv.
1235 4597 1261 4649 p.
1275 4584 1331 4636 443.
1348 4610 1375 4620 -
1394 4583 1491 4647 aitqua
1503 4584 1562 4634 sino
1573 4591 1656 4633 causa

328 4663 391 4712 Em.
410 4663 565 4726 suspectum
581 4659 707 4711 babebat.
723 4688 750 4698 -
769 4662 809 4711 tt.
827 4659 917 4710 444444
932 4656 961 4710 P¹
971 4661 1014 4710 G1:
1032 4660 1123 4709 4444444
1140 4660 1211 4716 64ος
1229 4659 1359 4710 ambicio
1375 4661 1394 4709 P
1410 4659 1475 4709 ml
1492 4656 1655 4722 expunctum

329 4737 379 4786 est.
400 4763 428 4772 -
453 4734 626 4785 corroborarit
641 4738 674 4792 Ρς
699 4734 861 4785 corroborari
877 4738 900 4784 et
916 4735 937 4782 G
957 4760 984 4770 -
1007 4734 1047 4783 44.
1065 4733 1197 4784 uidebatur
1213 4735 1234 4784 G
1253 4762 1280 4771 -
1299 4734 1461 4785 4444444444»
1477 4733 1576 4783 decreta
1591 4731 1652 4782 PG:

329 4811 453 4860 4444444444
469 4810 629 4860 4444444444
645 4810 665 4860 0
684 4836 712 4846 -
731 4809 820 4871 utiquo
836 4809 865 4860 P¹
884 4836 911 4846 ·-
931 4808 972 4860 44.
990 4810 1193 4860 cocunodotionis
1209 4813 1230 4859 G
1244 4836 1271 4846 —
1291 4811 1330 4860 ta.
1343 4811 1448 4860 44444444
1463 4803 1596 4868 Koechly:
1613 4803 1657 4854 44-

328 4897 381 4935 ccm
402 4883 495 4943 codd,
515 4897 600 4934 vocem
619 4884 720 4935 amicus
742 4882 850 4947 quidam
871 4883 1004 4945 Lambini,
1030 4884 1102 4950 quod
1125 4884 1322 4936 commendavit
1341 4884 1485 4947 Madvigius
1500 4895 1528 4946 p.
1546 4878 1595 4932 444
1612 4890 1654 4942 ott.

329 4958 481 5010 bectiouem
498 4956 626 5009 librorum
642 4957 707 5009 alius
724 4957 773 5008 alia
791 4959 1006 5022 interpretatione
1017 4960 1154 5011 vindicare
1166 4960 1280 5022 studuit,
1298 4974 1323 5010 v.
1336 4961 1406 5011 Balsa
1424 4972 1450 5024 p.
1463 4956 1495 5008 ot
1506 4968 1548 5020 sq.
1565 4952 1654 5005 iacob.

328 5044 355 5097 p.
374 5031 437 5095 488,
460 5034 604 5084 Hermann.
626 5046 653 5097 p.
673 5034 717 5094 40,
740 5031 821 5083 Klotz.
840 5047 866 5098 p.
886 5034 909 5082 V
930 5035 957 5083 in
983 5033 1025 5084 ed.
1043 5033 1144 5085 Teubu.
1174 5033 1212 5085 ct.
1231 5047 1270 5084 or.
1293 5047 1320 5099 p.
1339 5033 1403 5084 nab.
1427 5030 1503 5097 perd.
1521 5042 1569 5081 reo
1591 5027 1606 5092 S
1624 5027 1656 5078 48

329 5110 396 5160 extr.
417 5134 443 5145 —
470 5108 510 5158 46.
529 5109 618 5158 ciem
634 5110 669 5168 6;
691 5108 778 5157 iisdem
794 5108 814 5158 0
832 5109 917 5172 (444444
932 5120 990 5156 cum
1006 5110 1115 5172 propter
1131 5109 1276 5159 scissuram
1292 5109 1319 5158 iu
1336 5106 1395 5158 cod.
1414 5119 1485 5158 nunc
1501 5105 1580 5157 abest
1595 5115 1611 5153 u
1627 5101 1656 5165 Pl

332 5206 360 5215 -
379 5183 419 5232 te.
437 5182 464 5232 P.
482 5182 588 5232 Sestiaca
605 5184 665 5231 PG:
690 5193 746 5231 4444
762 5182 782 5231 0
801 5207 828 5217 —
847 5183 968 5234 arcessitis·
984 5184 1017 5232 P:
1037 5184 1158 5234 4444444444
1174 5186 1195 5234 6
1213 5209 1240 5219 -
1260 5184 1301 5234 at.
1320 5181 1462 5233 incredibile
1477 5177 1507 5231 P¹
1522 5206 1556 5218 -
1571 5176 1608 5243 44]
1624 5187 1656 5227 44

328 5257 391 5315 Ρ6;
410 5268 440 5304 rr
456 5256 484 5305 et
498 5267 534 5307 ns
550 5256 614 5306 item
630 5254 739 5306 contusa
756 5258 818 5306 sunt
834 5255 849 5319 S
867 5256 923 5307 448.
944 5284 972 5293 -
998 5260 1115 5320 temporis
1131 5272 1184 5310 om.
1203 5261 1225 5309 G
1243 5285 1271 5295 -
1293 5257 1427 5308 recordare
1442 5251 1472 5307 4)Ι
1490 5280 1517 5292 -
1540 5253 1582 5305 44.
1599 5250 1656 5303 444-

328 5331 379 5381 dits
394 5332 443 5381 PG
463 5330 495 5394 (ct
511 5333 584 5381 ortae
606 5343 638 5381 ex
663 5330 748 5382 torma
770 5343 851 5394 quam
869 5335 966 5383 vocant
987 5335 1079 5398 aperta
1096 5332 1198 5384 litterae
1215 5333 1240 5396 4)
1266 5359 1293 5370 ·-
1311 5332 1399 5382 44444444
1414 5329 1445 5381 6ι
1463 5355 1491 5366 -
1509 5329 1610 5379 timeret
1624 5325 1655 5376 6ι

331 5432 359 5443 -
377 5405 418 5456 43.
431 5405 595 5470 4444444444
611 5406 630 5455 l.
644 5432 671 5442 -
690 5407 812 5455 cos.P-
831 5407 1077 5459 mammemo—
1096 5407 1265 5460 44444446
1279 5434 1306 5444 -
1325 5402 1558 5469 444--444444444
1572 5399 1656 5452 habet

328 5482 350 5531 Α
368 5505 396 5516 -
422 5484 475 5530 teon
496 5493 550 5532 om.
568 5480 590 5530 A
608 5505 635 5515 -
654 5480 956 5544 incolumitatem:
979 5483 1117 5546 rdiqaiquc
1133 5485 1153 5534 0
1171 5510 1198 5519 -
1217 5483 1258 5534 46.
1276 5483 1312 5532 Μ.
1331 5479 1409 5532 Orelli
1425 5482 1453 5530 et
1469 5480 1498 5530 0.
1517 5478 1551 5530 u.
1569 5474 1656 5531 ltuel·

328 5553 418 5606 leros:
437 5556 623 5607 omPGO-
641 5555 682 5605 47.
701 5560 800 5618 opimio
817 5558 876 5608 P-
895 5558 944 5608 4444
960 5559 1025 5608 PG:
1045 5559 1170 5609 eicco—
1188 5556 1390 5620 444444444444]
1409 5555 1550 5605 .44.Ρ6-
1569 5553 1655 5603 44444-

328 5630 399 5680 44444
415 5629 487 5692 o¹r;
506 5628 751 5695 campserote.
766 5657 793 5668 -
811 5632 853 5682 49.
871 5635 1026 5684 mactem
1041 5646 1114 5683 44444
1130 5634 1395 5697 dipcituternquenos:
1413 5629 1567 5680 moieetctom
1581 5637 1656 5676 44444

328 5704 474 5768 mactem
489 5708 552 5767 PG;
571 5718 628 5756 4444
642 5706 797 5756 4444444444
812 5719 886 5757 mom
901 5712 955 5758 4444
970 5705 1380 5772 dipnitctsmocum'cd.1uut.;
1398 5703 1656 5755 44444444444444444

328 5778 474 5843 timeum
489 5780 635 5845 lladvigius
651 5783 679 5831 et
694 5782 828 5843 Baiterus,
851 5784 901 5833 rati
923 5785 950 5834 iu
973 5782 1051 5834 codd.
1070 5784 1166 5834 Bernu.
1184 5781 1325 5834 lectionem
1342 5794 1400 5831 4444
1413 5779 1568 5831 maiestatem
1582 5787 1658 5827 44444

328 5852 475 5919 4444444444
491 5857 610 5920 exstare3
629 5856 679 5912 scd
694 5856 796 5910 babent
812 5856 927 5911 eandem
944 5869 1026 5923 quam
1042 5859 1101 5911 PG.
1126 5858 1157 5910 ln
1172 5856 1251 5911 codd.
1263 5855 1329 5912 dett.
1347 5854 1423 5910 locus
1434 5852 1612 5911 desideratur.
