3800 7350
533 1751 876 1841 ounrronnnr
904 1697 1356 1835 emureronnuu

724 1970 879 2045 mne
899 1968 1158 2068 ounnws

348 2328 371 2387 Ι.
395 2321 424 2387 l.
446 2326 637 2409 Frequentia
652 2331 789 2388 vestrum
804 2322 1010 2396 incredibilis,
1033 2321 1188 2398 Quirites,
1211 2322 1378 2405 contioque
1392 2327 1488 2395 muta,
1508 2338 1608 2403 quau·

286 2428 347 2484 tam
370 2419 550 2483 meminisse
572 2438 635 2481 uon
652 2418 776 2493 videor,
799 2426 830 2480 et
851 2416 1042 2480 alacritatem
1065 2417 1142 2480 mihi
1161 2436 1313 2480 summam
1329 2412 1546 2478 defendendae
1562 2412 1608 2475 rei

285 2512 430 2595 publicae
459 2514 551 2575 allert
572 2522 603 2575 et
633 2532 720 2594 spem
743 2510 977 2595 reciperandae.
1013 2510 1212 2595 Quamquam
1234 2510 1357 2574 animus
1380 2507 1457 2571 mihi
1479 2505 1615 2591 quidem·

284 2626 455 2690 numquam
478 2605 596 2679 deluit,
620 2612 761 2688 tempora
784 2605 968 2669 defuerunt:
992 2624 1075 2687 quae
1090 2605 1223 2668 simulac
1243 2605 1378 2688 primum
1392 2599 1513 2686 aliquid
1530 2599 1608 2662 lucis

284 2699 452 2762 ostendere
475 2700 542 2762 visa
565 2705 653 2772 sunt,
687 2699 832 2784 princeps
856 2707 978 2762 vestrae
1003 2697 1156 2761 libertatis
1178 2696 1395 2761 defendendae
1415 2694 1472 2757 tut.
1516 2691 1632 2768 Quode

284 2794 310 2854 si
343 2792 374 2856 id
404 2800 478 2856 ante
505 2792 608 2856 iacere
637 2799 769 2855 conatus
800 2813 918 2865 essem,
952 2811 1035 2853 nuuc
1064 2789 1166 2854 lacere
1190 2813 1251 2856 non
1274 2810 1410 2875 possem.
1447 2786 1609 2851 Hodierno

285 2886 368 2950 enim
391 2886 458 2960 die,
490 2885 647 2961 Quirites,
675 2906 715 2948 ne
745 2885 935 2949 mediocrem
962 2904 1027 2947 rem
1049 2893 1150 2948 actam
1172 2884 1383 2956 arbitremini,
1405 2880 1609 2945 fundamenta

285 2980 367 3042 iacta
389 2989 462 3042 sunt
483 2980 676 3064 reliquarum
699 2980 869 3043 actionum.
902 2981 980 3042 Nam
1004 2987 1052 3042 est
1073 2979 1205 3043 hostiae
1221 2986 1333 3042 senatu
1355 2975 1493 3040 nondum
1512 2974 1608 3038 verbo

283 3071 474 3155 appellatus,
506 3074 562 3137 sed
594 3096 628 3137 re
661 3075 721 3137 iam
754 3074 911 3136 iudicatus
941 3074 1105 3135 Antonius.
1148 3070 1179 3135 2.
1201 3075 1290 3136 Nunc
1321 3092 1396 3135 vero
1421 3069 1518 3133 multo
1540 3090 1607 3131 sum

284 3165 434 3239 erectior,
465 3167 552 3252 quod
582 3189 638 3230 vos
662 3187 789 3251 quoque
820 3166 908 3229 illum
931 3166 1055 3228 hostem
1078 3187 1149 3230 esse
1171 3174 1257 3229 tanto
1280 3186 1435 3229 consensu
1456 3172 1646 3247 tantoqueto

284 3260 420 3322 clamore
441 3262 683 3345 approbavistis.
721 3264 832 3345 Neque
856 3260 957 3333 enim,
988 3258 1145 3334 Quirites,
1173 3259 1242 3321 steri
1265 3267 1387 3344 potest,
1415 3267 1533 3322 utnon
1556 3263 1610 3320 aut

284 3353 305 3415 ii
335 3354 399 3415 sint
427 3354 531 3438 impii,
565 3355 620 3438 qui
652 3363 762 3418 contra
791 3353 954 3416 consulem
986 3354 1143 3417 exercitus
1165 3359 1441 3438 comparaverunt,
1472 3360 1527 3414 aut
1554 3350 1609 3414 ille

283 3447 397 3520 hostis,
428 3454 537 3511 contra
558 3468 654 3532 quem
675 3447 743 3512 iure
767 3467 852 3511 arma
875 3453 1001 3529 sumpta
1023 3456 1106 3510 sunt.
1142 3448 1231 3511 lianc
1253 3448 1348 3531 igitur
1370 3445 1608 3520 dubitationem,

284 3556 474 3625 quamquam
498 3543 584 3605 nulla
606 3551 688 3617 erat,
720 3552 822 3606 tamen
845 3561 886 3604 ue
909 3560 973 3625 qua
995 3550 1102 3624 posset
1125 3561 1211 3614 esse,
1232 3550 1361 3605 senatus
1382 3541 1536 3606 hodierno
1558 3538 1609 3602 die

284 3634 418 3699 sustulit.
456 3635 489 3699 C.
513 3636 643 3710 Caesar,
666 3635 720 3720 qui
744 3655 811 3699 rem
830 3633 988 3719 publicam
1004 3633 1247 3720 libertatemque
1263 3642 1399 3700 vestram
1420 3656 1479 3700 suo
1494 3634 1609 3709 studio,
1619 3652 1648 3699 u

283 3729 432 3803 consilio,
455 3730 643 3813 patrimonio
666 3730 804 3814 denique
827 3735 945 3792 tutatus
968 3736 1062 3793 estet
1083 3735 1216 3802 tutatur,
1240 3730 1384 3793 maximis
1399 3740 1528 3793 senatus
1541 3729 1611 3791 lau·

284 3822 374 3887 dibus
409 3831 538 3886 ornatus
567 3833 624 3886 est.
668 3823 698 3885 3.
721 3822 847 3896 Laudo,
878 3822 974 3884 laudo
1005 3843 1080 3896 vos,
1114 3822 1271 3897 Quirites,
1307 3821 1394 3907 quod
1423 3821 1609 3906 gratissimis

283 3916 396 3978 animis
417 3917 647 3999 prosequimini
670 3936 785 3979 nomeu
808 3916 971 3978 clarissimi
991 3915 1202 3980 adolescentis
1217 3917 1267 3980 vel
1283 3917 1372 4001 pueri
1389 3916 1513 3999 potius:
1537 3922 1609 3976 sunt

283 4010 365 4071 enim
388 4008 470 4072 sacta
492 4008 560 4071 eius
583 4009 844 4081 immortalitatis,
866 4028 983 4071 nomeu
1006 4010 1127 4072 aetatis.
1160 4009 1259 4074 Multa
1275 4009 1419 4084 memini,
1440 4009 1539 4072 multa
1553 4028 1609 4070 au-

283 4104 362 4177 divi,
392 4103 489 4166 multa
518 4102 597 4184 legi,
627 4102 782 4178 Quirites:
811 4102 890 4166 nihil
919 4123 961 4164 ex
991 4102 1131 4166 omnium
1153 4103 1351 4166 saeculorum
1374 4103 1524 4166 memoria
1548 4101 1646 4170 taleso

283 4197 432 4278 cognovi:
456 4197 527 4280 qui,
550 4217 621 4258 cum
644 4196 794 4258 servitute
816 4216 1041 4280 premeremur,
1061 4197 1094 4259 in
1111 4196 1179 4259 dies
1195 4197 1311 4260 malum
1327 4204 1496 4270 cresceret,
1519 4192 1609 4279 prae-

283 4291 354 4353 sidii
377 4290 456 4352 nibil
479 4290 683 4363 haberemus,
714 4290 879 4371 capitalem
902 4298 935 4353 et
956 4289 1141 4374 pestiferum
1162 4311 1181 4353 a
1202 4290 1373 4353 Brundisio
1395 4297 1460 4353 tum
1481 4291 1523 4352 ll.
1545 4294 1609 4353 An·

283 4383 359 4446 tonii
381 4383 517 4447 reditum
541 4385 739 4458 timeremus,
760 4385 821 4447 boc
843 4385 1035 4468 insperatum
1054 4384 1199 4448 omnibus
1214 4385 1392 4459 consilium,
1413 4384 1607 4467 incognitum

348 4666 371 4714 t.
390 4667 475 4713 uestro
491 4675 521 4726 g:
541 4663 574 4712 ct.
588 4660 709 4713 Wunder
725 4661 759 4712 ad
777 4675 815 4712 or.
835 4662 922 4714 Pleno.
942 4677 969 4728 p.
984 4664 1016 4714 80
1027 4677 1068 4728 sq.
1084 4691 1111 4700 -
1130 4661 1217 4727 qutff.
1231 4679 1265 4723 e:
1286 4679 1340 4718 om.
1360 4665 1436 4730 bgt;
1455 4667 1606 4728 quemv-

281 4741 306 4787 0.
325 4752 422 4787 summo
444 4741 455 4787 t
474 4763 500 4774 -
528 4738 575 4800 des.
594 4739 631 4786 ret
651 4737 748 4798 publice
768 4737 850 4799 adfert
873 4739 908 4787 V:
935 4741 1010 4801 effen
1030 4739 1110 4800 reip.
1130 4740 1179 4802 des.
1198 4741 1271 4804 agl:
1298 4754 1321 4790 r.
1337 4755 1366 4804 p.
1384 4742 1459 4804 offert
1474 4740 1522 4803 des.
1540 4739 1558 4790 b
1578 4768 1605 4778 -·

281 4814 306 4862 3.
324 4815 493 4874 recuperande
509 4813 531 4859 V
547 4811 715 4875 (plerumque
732 4815 823 4861 temen
840 4811 922 4862 habet
937 4813 1102 4874 expuere„
1123 4815 1311 4875 recuperandae
1326 4813 1447 4864 utetur:
1462 4815 1484 4866 b
1502 4840 1529 4851 -
1548 4817 1609 4865 mitt

282 4889 380 4948 quidem
397 4888 431 4935 V:
450 4888 548 4949 quidem
563 4887 623 4935 mibi
641 4885 718 4949 bgt;
736 4886 913 4935 mitissimus
929 4886 1028 4948 wdone
1044 4900 1073 4946 a:
1091 4888 1152 4936 mibi
1169 4901 1222 4938 om.
1240 4890 1303 4938 0-
1322 4887 1346 4939 i.
1365 4889 1531 4952 ‹11qu-
1551 4892 1609 4941 oe

282 4965 316 5022 V;
335 4976 388 5012 om.
407 4963 428 5013 D
448 4988 474 4998 -
496 4961 520 5009 7.
540 4959 701 5022 0044403444]
724 4960 785 5021 qudo
807 4962 968 5022 (quaequam
984 4961 1015 5023 gt
1037 4963 1118 5011 adbuc
1138 4965 1212 5026 agt:
1237 4965 1299 5027 quic
1315 4965 1350 5014 ed
1370 4965 1436 5014 duee
1460 4966 1524 5015 diem
1541 4965 1559 5016 b
1578 4993 1605 5003 -

281 5037 305 5087 8.
323 5035 469 5085 tcctoV-
489 5036 513 5084 0.
532 5036 670 5096 ααρο44αιω
687 5036 709 5085 V
726 5063 753 5072 -
771 5049 831 5086 uero
848 5038 951 5087 omat
968 5062 996 5073 -
1015 5037 1056 5086 40.
1075 5037 1189 5087 ereeittor
1205 5038 1241 5097 V:
1259 5039 1442 5090 erectioruero
1459 5042 1470 5090 t
1488 5066 1515 5076 -
1537 5040 1608 5091 illusis

280 5113 371 5161 boetem
388 5111 422 5160 V:
445 5112 536 5161 boetem
557 5112 627 5160 illum
647 5112 699 5162 DO
723 5137 750 5146 -
774 5116 844 5160 tento
861 5114 872 5160 t
889 5137 916 5146 -
941 5113 982 5162 44.
1000 5111 1184 5174 adprobeut'etie
1200 5113 1245 5163 Ve
1263 5139 1291 5149 -
1315 5127 1393 5177 neque
1409 5115 1443 5164 V:
1467 5129 1512 5165 uec
1537 5118 1605 5166 1)-

263 5186 389 5247 ·(404ν44ω
409 5186 503 5235 om.D
528 5210 554 5222 -
583 5187 660 5237 teu
680 5187 738 5237 Vt:
764 5187 792 5236 ui
815 5200 845 5244 a:
871 5187 1148 5250 btbg-eoerutV
1170 5214 1196 5224 -
1222 5189 1608 5252 aecumst-conparaue-

281 5258 827 5322 rrtetV03porcueeatett-outom.
852 5262 924 5311 V·
952 5263 1077 5313 teuent
1103 5263 1125 5312 V
1151 5289 1179 5299 -
1207 5263 1606 5330 senemque-nome-

282 5337 322 5384 45.
340 5340 452 5384 nostrum
474 5333 537 5384 b-
563 5335 603 5385 to.
621 5337 733 5399 dentque]
755 5350 853 5399 quoque
875 5341 929 5387 t-
958 5337 997 5387 47.
1016 5332 1121 5399 eosqui
1137 5340 1215 5401 (corr.
1234 5340 1299 5402 quir)
1318 5340 1352 5399 V:
1378 5353 1471 5403 uosque
1487 5342 1558 5403 outr.
1576 5354 1605 5400 a:

280 5422 352 5471 eosq:
370 5412 420 5460 t-
439 5409 551 5471 quodV:
568 5423 626 5459 cum
642 5410 763 5472 DOtsed
780 5412 819 5463 bt
835 5413 1079 5478 conprauesnto-
1098 5414 1327 5477 prodidimus-
1347 5415 1388 5465 40.
1405 5416 1609 5477 temortVttet

281 5486 320 5534 sic
337 5489 347 5534 t
364 5484 418 5534 tere
435 5496 544 5548 semper
559 5485 711 5546 inmortalis,
730 5486 803 5550 quod
820 5500 872 5539 uon
889 5486 1002 5551 amplius
1013 5487 1204 5550 exscribemus)
1217 5516 1244 5526 -
1262 5502 1352 5539 eomes
1368 5489 1457 5538 aetolis
1469 5490 1538 5539 met:
1557 5503 1607 5540 eon

280 5561 370 5609 meotis
386 5558 485 5623 aliquot
503 5559 581 5610 codd.
600 5559 681 5618 dett.;
700 5563 727 5610 at
743 5574 768 5610 v.
787 5574 826 5611 or.
845 5562 914 5612 xm.
934 5561 948 5626 g
966 5561 1007 5612 tt.
1028 5588 1055 5599 -
1073 5563 1179 5612 mutam
1194 5564 1260 5612 enim
1275 5563 1356 5613 mutto
1371 5564 1394 5610 V
1413 5590 1440 5599 -
1458 5565 1499 5614 00.
1519 5565 1607 5626 Ouei-

281 5640 396 5684 ternos:
419 5636 514 5695 perv:
534 5635 649 5698 quodb3
668 5648 721 5686 om.
740 5638 830 5700 egto
852 5662 879 5672 -
897 5637 1009 5686 metten
1024 5637 1265 5687 mubnean’:
1284 5638 1396 5687 omnium
1413 5638 1604 5701 44449040ηωῦ

281 5709 338 5770 (sed
357 5724 371 5759 e
390 5711 471 5771 omui,
495 5711 631 5760 temetum
650 5711 772 5760 mmorto
791 5711 880 5775 slepi:
902 5713 969 5762 omui
990 5711 1130 5762 mmmmm
1145 5714 1166 5762 0
1183 5725 1245 5763 cum
1263 5712 1323 5763 cod.
1343 5712 1442 5772 Colot,
1468 5715 1497 5762 ut
1514 5717 1555 5763 est
1571 5711 1605 5763 de

281 5784 351 5833 Oret.
369 5786 392 5842 l.
411 5785 484 5848 94οε
509 5798 543 5834 ec
563 5786 630 5834 emet
650 5786 774 5836 minoda
790 5792 915 5848 ductum,
938 5792 1076 5849 temporum
1094 5789 1145 5837 cet.
1164 5787 1206 5849 (ee
1221 5788 1289 5838 mut
1304 5787 1417 5839 omniten
1437 5799 1458 5838 t.
1478 5800 1513 5838 m.
1534 5789 1602 5839 cont.

279 5859 400 5922 Schuetz)
416 5887 443 5896 -
461 5860 503 5911 22.
521 5875 538 5909 c
554 5860 687 5911 brundisio
704 5865 757 5911 taen
772 5862 808 5911 dl.
826 5860 916 5911 demut
932 5860 967 5910 V:
986 5874 1004 5910 e
1020 5863 1046 5911 et
1062 5865 1115 5911 tien
1131 5874 1185 5912 orn.
1203 5862 1234 5913 D.
