3800 7350
732 1168 805 1232 cn.
827 1168 935 1231 1-n.
963 1165 1009 1251 §s
1032 1164 1135 1231 l-r.
1511 1166 1594 1233 tras

271 1341 385 1404 calent·
426 1340 544 1401 Verum
573 1359 612 1402 eo
639 1338 738 1420 magis
769 1337 874 1401 odisse
902 1336 1055 1401 debebitis
1082 1337 1259 1412 bominem,
1289 1336 1345 1421 qui
1373 1358 1414 1400 ne
1438 1339 1596 1422 incipiens

271 1435 401 1518 quidem
422 1451 554 1516 peccare
576 1430 714 1494 minimis
737 1432 830 1495 rebus
852 1432 959 1515 posuit
980 1431 1210 1505 rudimentum,
1233 1430 1288 1494 sed
1304 1432 1348 1493 ita
1362 1431 1524 1515 ingressus
1539 1442 1598 1509 est,

272 1537 307 1592 ut
328 1548 432 1612 neque
455 1527 494 1589 ab
516 1525 580 1589 alio
602 1525 688 1589 vinci
710 1526 811 1609 possit
833 1546 938 1609 neque
962 1524 1030 1609 ipse
1053 1546 1087 1588 se
1102 1527 1232 1589 omnino
1255 1525 1376 1608 reliqua
1391 1534 1493 1590 aetate
1508 1547 1599 1610 prae·

271 1623 377 1686 terire.
419 1618 582 1702 3.1taqne
611 1617 692 1681 nibil
720 1618 806 1682 alind
836 1620 942 1681 studet
970 1619 1031 1682 nisi
1063 1627 1099 1682 ut
1121 1619 1294 1682 lutulentus
1317 1639 1370 1682 sus
1391 1639 1462 1683 cum
1484 1621 1599 1702 quovis

271 1715 417 1779 volutari.
461 1715 570 1794 Longe
598 1731 674 1775 vero
702 1711 822 1775 fallitur
851 1712 1024 1795 opinione:
1057 1734 1121 1776 non
1150 1714 1235 1775 enim
1262 1714 1449 1797 procacitate
1471 1714 1622 1799 linguae⁶

272 1811 355 1873 vitae
379 1807 489 1872 sordes
512 1807 677 1880 eluuntur,
705 1806 761 1869 sed
792 1813 840 1869 est
862 1806 1019 1888 quaedam
1041 1807 1212 1881 calumnia,
1241 1828 1336 1890 quam
1358 1829 1439 1871 unus
1462 1808 1598 1891 quisque

271 1911 413 1967 nostrum
436 1909 571 1968 testante
593 1902 699 1964 animo
721 1920 778 1964 suo
800 1902 862 1963 fert
877 1901 916 1963 de
932 1920 988 1973 eo,
1011 1900 1066 1983 qui
1082 1899 1195 1964 falsum
1211 1903 1328 1965 crimen
1343 1902 1435 1966 bonis
1450 1902 1598 1965 obiectat.

272 1998 365 2074 Quod
387 1998 415 2060 si
435 1997 500 2061 rita
520 1996 613 2058 istius
635 1994 818 2058 memoriam
841 1994 966 2068 vicerit,
996 1994 1100 2068 illam,
1129 2003 1233 2076 patres
1255 1996 1444 2079 conscripti,
1470 2015 1534 2058 non
1557 2015 1597 2057 ex

271 2092 432 2166 oratione,
462 2089 519 2153 sed
547 2109 588 2152 ex
614 2088 755 2151 moribus
783 2088 848 2150 suis
879 2096 1022 2169 spectare
1051 2088 1217 2151 debebitis.
1259 2090 1323 2152 lam
1354 2088 1435 2151 dabo
1458 2109 1598 2171 operam,

273 2206 368 2269 quam
399 2186 534 2248 maxime
565 2191 714 2267 potuero,
744 2182 839 2245 breve
863 2190 897 2243 ut
918 2180 1048 2245 faciam:
1078 2201 1181 2265 neque
1205 2182 1285 2246 baec
1307 2183 1468 2248 altercatio
1491 2192 1637 2247 posnam

271 2279 361 2342 robis
383 2278 506 2342 inutilis
529 2279 597 2352 erit,
622 2284 726 2359 patres
742 2275 929 2357 conscripti;
953 2276 1141 2358 plerumque
1156 2277 1238 2340 enim
1260 2297 1311 2341 res
1326 2277 1452 2360 publica
1467 2278 1597 2360 privatis

271 2374 383 2436 crescit
404 2371 592 2444 inimicitiis,
614 2371 668 2434 ubi
690 2391 783 2434 nemo
806 2369 900 2442 ciris,
923 2369 1027 2454 qualis
1050 2372 1091 2432 sit
1111 2369 1175 2443 vir,
1199 2378 1304 2453 potest
1326 2371 1433 2434 latere.

356 2462 447 2529 11.t.
478 2466 615 2527 Primum
649 2465 759 2547 igitur,
794 2465 943 2547 quoniam
973 2464 1113 2526 omnium
1141 2465 1277 2528 maiores
1308 2464 1340 2527 C.
1369 2464 1524 2528 Salustius
1557 2463 1597 2528 ad

270 2581 368 2624 unum
391 2558 572 2641 exemplum
596 2565 627 2621 et
648 2559 787 2641 regulam
810 2559 950 2641 quaerit,
973 2557 1067 2619 velim
1091 2556 1168 2620 mibi
1190 2557 1396 2642 respondeat,
1422 2557 1597 2642 numquid

270 2655 341 2726 bos,
363 2674 444 2738 quos
465 2653 613 2735 protulit,
636 2650 800 2734 Scipiones
817 2659 849 2715 et
862 2651 1018 2724 Metellos,
1040 2659 1114 2713 ante
1129 2649 1282 2731 Jsinerint
1295 2660 1349 2716 aut
1365 2652 1524 2734 opinionis
1540 2660 1597 2715 aut
1607 2663 1635 2708 aa

271 2749 404 2832 gloriae,
435 2766 529 2830 mam
553 2766 606 2809 eos
629 2766 680 2809 res
703 2765 777 2808 suae
800 2751 905 2826 gestae
928 2754 960 2808 et
981 2746 1045 2808 vita
1067 2745 1326 2809 innocentissime
1348 2754 1417 2809 acta
1439 2765 1598 2809 commen·

272 2843 376 2906 davit'
406 2839 499 2916 Quod
522 2842 549 2903 si
571 2839 632 2903 boc
654 2839 716 2902 luit
737 2839 800 2901 illis
822 2839 943 2902 initium
967 2839 1105 2903 nominis
1129 2847 1160 2902 et
1182 2839 1359 2924 dignitatis,
1382 2860 1437 2903 cur
1458 2861 1523 2904 non
1544 2861 1599 2904 ae·

271 2956 334 3020 que
363 2936 455 2998 nobis
487 2935 697 3006 existimetur,
725 2933 812 2995 cuius
842 2942 875 2995 et
896 2953 947 2995 res
970 2941 1077 3016 gestae
1099 2934 1238 2998 illustres
1260 2943 1293 2997 et
1313 2935 1377 2998 vita
1398 2934 1599 3017 integerrime

270 3034 362 3093 acta‘l
388 3028 487 3105 Quasi
509 3047 584 3091 vero
608 3034 641 3090 tu
665 3028 709 3089 sis
731 3025 875 3099 abillis,
898 3026 1030 3101 Salusti,
1054 3036 1156 3090 ortus:
1179 3028 1266 3110 quod
1283 3028 1309 3090 si
1325 3048 1428 3103 esses,
1449 3048 1513 3093 non
1530 3029 1599 3091 nul·

271 3124 319 3186 los
351 3124 414 3185 iam
442 3130 515 3186 tuae
546 3120 753 3204 turpitudinis
782 3121 912 3203 pigeret.
956 3118 986 3182 5.
1008 3121 1075 3201 Ego
1099 3120 1176 3183 meis
1198 3121 1370 3185 maioribus
1392 3122 1507 3186 virtute
1529 3133 1636 3185 meaao

271 3214 432 3298 praeluxi,
464 3223 516 3289 ut,
545 3216 571 3277 si
593 3214 679 3297 prius
702 3215 769 3276 noti
791 3234 854 3276 non
877 3213 1021 3287 luerunt,
1042 3234 1062 3275 a
1083 3235 1133 3276 me
1156 3214 1311 3296 accipiant
1331 3215 1458 3278 initium
1480 3235 1599 3278 memo·

270 3310 336 3372 riae
360 3329 453 3372 suae:
475 3316 511 3372 tu
533 3308 595 3372 tuis
617 3308 716 3380 vitae,
740 3328 834 3389 quam
857 3307 990 3389 turpiter
1005 3307 1114 3389 egisti,
1138 3325 1266 3390 magnas
1282 3308 1423 3371 otl'udisti
1442 3308 1598 3382 tenebras,

269 3409 323 3477 nt,
346 3401 490 3465 etiamsi
514 3400 632 3465 fuerint
654 3401 772 3483 egregii
795 3401 897 3475 cives,
921 3408 1006 3463 certe
1028 3400 1175 3463 venerint
1195 3400 1229 3462 in
1252 3401 1454 3465 oblivionem.
1492 3402 1598 3477 Quare

271 3496 349 3558 mibi
372 3496 438 3559 noli
461 3496 609 3579 antiquos
625 3495 711 3558 viros
733 3494 906 3557 obiectare:
929 3494 1027 3556 satius
1050 3502 1097 3556 est
1117 3493 1202 3556 enim
1225 3515 1275 3558 me
1297 3496 1376 3558 meis
1390 3496 1485 3559 rebus
1502 3495 1598 3578 gestis

271 3586 384 3653 llorere
408 3609 503 3673 quarn
527 3589 681 3652 maiorum
703 3587 853 3671 opinione
875 3588 949 3663 niti,
972 3596 1004 3650 et
1025 3586 1069 3650 ita
1082 3587 1206 3663 rivere,
1227 3597 1263 3652 ut
1284 3590 1345 3652 sim
1366 3589 1501 3673 posteris
1520 3590 1635 3651 melaac

269 3684 445 3748 nobilitatis
475 3683 601 3747 initium
631 3689 663 3746 et
690 3679 812 3745 virtutis
840 3682 1032 3765 exemplum.
1062 3660 1187 3765 ‘Neque
1215 3704 1266 3746 me
1294 3705 1365 3748 cum
1394 3685 1434 3748 iis
1461 3683 1599 3749 conferri

271 3776 379 3852 decet,
406 3786 512 3862 patres
540 3775 724 3859 conscripti,
754 3775 807 3858 qui
834 3776 897 3839 iam
924 3777 1129 3839 decesserunt
1156 3778 1308 3862 omnique
1336 3777 1410 3842 odio
1438 3785 1546 3842 carent
1567 3784 1600 3841 et

271 3869 407 3946 invidia,
429 3871 489 3936 sed
510 3891 582 3934 cum
605 3870 662 3943 eis,
684 3870 739 3952 qui
760 3889 883 3932 mecum
905 3889 969 3932 una
991 3870 1024 3930 in
1046 3890 1080 3932 re
1099 3870 1227 3952 publiea
1240 3872 1357 3936 versati
1373 3880 1457 3936 sunt.
1490 3869 1520 3934 o.
1536 3870 1598 3936 Sed

272 3965 298 4027 si
320 3964 435 4029 fuerim
457 3965 565 4028 autin
587 3962 762 4025 bonoribus
783 3962 927 4046 petendis
950 3963 1045 4026 nimis
1067 3964 1314 4028 ambitiosus-
1336 3986 1401 4029 non
1422 3965 1505 4029 banc
1527 3963 1598 4029 dico

272 4057 460 4139 popularem
481 4057 700 4131 ambitionem,
729 4057 818 4119 cuius
840 4077 890 4120 me
912 4057 1086 4140 principem
1109 4055 1277 4133 conliteor,
1307 4059 1362 4123 sed
1384 4060 1473 4123 illam
1495 4057 1638 4142 pamiae

272 4150 391 4215 ciosam
422 4160 530 4215 contra
558 4151 664 4232 leges,
695 4150 784 4212 cuius
813 4150 932 4232 primos
955 4148 1083 4214 ordines
1106 4152 1262 4217 Salustius
1285 4152 1376 4217 duxit
1396 4186 1455 4228 -,
1482 4159 1538 4215 aut
1564 4150 1599 4213 in

271 4246 422 4327 gerundis
453 4244 687 4329 magistratibus
718 4251 773 4307 aut
794 4244 827 4306 in
850 4242 1049 4307 vindicandis
1071 4241 1233 4309 maleficiis
1255 4254 1319 4310 tam
1340 4266 1469 4310 severus
1490 4251 1545 4307 aut
1565 4245 1599 4307 in

271 4359 306 4403 re
329 4339 457 4421 publica
479 4348 543 4402 tam
565 4339 714 4422 vigilans,
737 4356 831 4421 quam
854 4346 887 4400 tu
909 4337 1173 4420 proscriptionem
1188 4359 1298 4415 vocas,
1320 4339 1415 4404 credo
1431 4338 1519 4422 quod
1534 4359 1599 4402 non

271 4452 381 4495 omnes
410 4432 457 4494 tui
486 4432 604 4496 similes
628 4432 804 4497 incolumes
825 4433 859 4495 in
882 4433 960 4495 urbe
982 4433 1152 4495 vixissent:
1181 4442 1214 4497 at
1236 4442 1353 4517 quanto
1376 4432 1507 4495 meliore
1529 4433 1598 4496 loco

272 4545 323 4588 res
347 4524 473 4612 publica
495 4532 607 4599 staret,
630 4526 657 4589 si
678 4535 713 4590 tu
734 4547 793 4611 par
813 4547 850 4590 ac
873 4526 987 4589 similis
1009 4526 1216 4589 scelestorum
1230 4526 1344 4602 cisium
1366 4547 1516 4590 unacum
1535 4527 1636 4590 illisae

272 4618 495 4684 adnumeratus
518 4622 627 4684 esses?
662 4617 692 4684 7.
707 4622 756 4685 An
779 4642 838 4705 ego
859 4628 935 4685 tunc
949 4619 1030 4685 falso
1045 4621 1158 4704 scripsi
1181 4621 1321 4686 cedant
1348 4640 1455 4685 arma
1475 4629 1599 4705 togae,

339 4817 364 4868 t.
382 4816 461 4866 odim
476 4816 590 4868 debebitis
604 4817 697 4868 ATB:
719 4817 809 4868 debetis
825 4819 902 4868 odisse
919 4819 954 4874 G;
978 4817 1058 4867 odisse
1073 4814 1197 4866 mutuo
1217 4842 1243 4851 -
1267 4817 1292 4865 2.
1310 4815 1427 4881 maimo]
1445 4817 1472 4866 to
1492 4815 1601 4866 minimis

274 4891 559 4954 tl-tmpoaoitti-
584 4891 721 4957 titoque]
744 4893 864 4943 ttaB-
888 4893 961 4941 nuo
982 4918 1006 4929 -
1032 4890 1204 4940 luculentiori
1227 4915 1254 4925 —
1281 4893 1480 4942 sacomc—
1504 4890 1599 4956 toas]

274 4967 448 5028 twdd'lsst
467 4967 699 5031 quiqutdamG-
717 4965 1216 5026 aoaaomowtuamauamc-
1235 4964 1494 5016 addetum&
1513 4964 1602 5015 &betta

273 5040 323 5090 G0
343 5067 371 5078 -
390 5042 429 5091 to.
443 5047 549 5104 petuam
566 5043 600 5093 C:
618 5047 704 5106 potero
721 5044 741 5094 0
758 5072 786 5082 -
805 5045 876 5094 mooe
891 5047 920 5092 at
936 5044 971 5093 C:
988 5047 1016 5090 at
1032 5041 1103 5089 meve
1119 5039 1146 5088 td
1161 5039 1195 5096 0;
1215 5037 1249 5089 cl.
1268 5040 1323 5091 Cic.
1342 5038 1377 5089 ad
1393 5041 1445 5091 att.
1462 5041 1508 5100 xl,
1527 5041 1552 5100 Ἰ,
1570 5040 1600 5089 6:

272 5112 345 5164 breve
358 5115 454 5177 scamas
472 5143 500 5154 -
523 5118 564 5168 ta.
582 5117 660 5169 tutore
677 5123 757 5181 potest
774 5120 795 5169 G
814 5146 842 5155 -
861 5118 901 5169 t3.
920 5117 995 5167 initio
1013 5115 1105 5179 capitis
1122 5113 1234 5164 secundi
1251 5115 1402 5177 praeposita
1420 5116 1461 5164 est
1476 5111 1561 5163 littera
1579 5112 1603 5162 tt

272 5186 370 5254 (eopse)
387 5192 476 5243 inAl'
495 5217 522 5227 -
541 5191 660 5257 molum]
678 5207 760 5244 omnes
776 5195 796 5243 G
814 5219 841 5228 -
861 5192 997 5245 asra:
1016 5190 1116 5251 Crispus
1133 5189 1223 5237 GO-
1244 5189 1284 5238 te.
1302 5189 1346 5238 bos
1361 5189 1454 5238 ATB:
1472 5188 1508 5236 ao
1524 5189 1558 5246 G,
1576 5186 1602 5236 bi

273 5263 336 5313 0-
353 5267 464 5317 Metellos
478 5268 572 5319 ATB:
590 5269 700 5320 Meletos
715 5270 754 5320 ost
769 5268 858 5319 Fabios
874 5268 921 5318 GO
935 5291 962 5304 -
982 5268 1007 5316 tn
1024 5265 1117 5328 sacrm
1134 5262 1216 5314 tatere
1234 5262 1339 5314 videtur
1355 5262 1468 5313 verbum
1486 5261 1603 5312 transiti-

272 5349 351 5400 vum,
375 5353 461 5404 aquo
484 5340 603 5406 pendent
623 5345 767 5396 accusativi
789 5341 1015 5398 noa--Maeuoa3
1039 5339 1098 5390 tort.
1116 5339 1206 5401 fecerit
1224 5363 1251 5374 -
1275 5339 1315 5388 tn.
1334 5351 1385 5400 pao
1400 5339 1477 5388 costi
1498 5363 1522 5374 -
1542 5349 1603 5386 auno

272 5415 465 5475 outooATB:
484 5422 567 5480 gestae
582 5419 748 5469 saocflo-
767 5416 947 5468 cmummdortt
964 5416 1024 5464 G-
1044 5414 1084 5464 ⁴8.
1103 5414 1218 5464 nomae:
1237 5414 1423 5464 dambtso-
1443 5411 1603 5462 asamar

274 5487 883 5554 n2uouasoo-qaoaseoeeae-
902 5489 1271 5540 demanoamus·
1290 5486 1605 5552 asprenas-soe·

273 5564 414 5613 mutar:
435 5565 624 5628 beemotBGt)
643 5593 669 5605 -
693 5566 870 5617 alcimae:
894 5566 1031 5615 ottaO—
1054 5564 1179 5615 aloem
1200 5560 1606 5615 summoto-atoue

273 5635 326 5685 ooli
342 5633 406 5687 AG:
423 5639 475 5689 ooli
490 5641 551 5691 mut
567 5642 684 5692 TBO—
703 5642 773 5692 utros
789 5641 976 5703 onemoosrt—
994 5638 1041 5702 mc]
1053 5639 1113 5688 mibi
1129 5640 1149 5688 B
1163 5666 1190 5677 -
1209 5639 1251 5690 25.
1269 5640 1317 5689 sim
1333 5639 1419 5689 ATB:
1439 5649 1483 5700 epo
1499 5635 1604 5684 stmGO

274 5737 308 5748 —
324 5713 366 5763 26.
384 5714 484 5766 intumo
499 5722 523 5767 ct
537 5717 638 5767 uirtutis
654 5718 780 5768 om.B-
799 5717 846 5766 oto
863 5718 897 5773 ῦς
916 5714 1044 5765 auaro
1058 5741 1085 5750 —
1104 5716 1248 5778 conferret}
1262 5742 1289 5750 -
1307 5715 1411 5766 atissa
1425 5712 1517 5777 [mrim
1534 5709 1603 5759 cont.

276 5787 381 5838 Corttns
399 5813 427 5826 -
449 5790 490 5842 ³0.
510 5793 675 5856 penetensem
695 5792 772 5842 ΛΤΒ
792 5818 820 5827 -
845 5791 885 5841 ³2.
903 5789 1022 5854 amedu
1043 5791 1078 5840 C:
1099 5789 1213 5852 parandis
1229 5789 1249 5838 0
1268 5814 1296 5827 -
1320 5790 1348 5838 to
1363 5802 1392 5839 rc
1410 5802 1439 5851 p.
1456 5786 1552 5837 ATB:
1576 5784 1604 5832 to

274 5862 554 5928 twodoromo-
572 5863 1077 5932 samanaeos-assaraco:
1095 5860 1600 5916 amomo-asemas.

317 5953 407 6006 uerso
422 5955 449 6007 l.
458 5956 488 6008 n.
1351 5956 1393 6021 90
