3800 7350
305 1172 387 1240 4304
579 1118 583 1126 ·
725 1171 875 1239 ORATIO
897 1169 1122 1236 PHILIPPICA
1143 1169 1181 1232 V.

388 1345 438 1409 hd
460 1346 544 1408 hunc
568 1344 600 1407 di
621 1343 714 1408 bonil
737 1343 856 1427 legatos
878 1342 959 1405 mitti
981 1340 1108 1423 placett
1130 1341 1252 1402 Norunt
1265 1337 1317 1402 isti
1331 1337 1481 1416 homines¹
1499 1332 1646 1398 sormam

305 1440 351 1508 tei
374 1439 533 1523 publicae,
555 1439 623 1501 iura
644 1437 738 1511 belli,
762 1436 906 1521 exempla
928 1435 1103 1498 maiorum?
1126 1431 1354 1516 cogitant-quid
1369 1429 1482 1515 populi
1498 1424 1646 1493 Romani

306 1534 468 1606 maiestas,
491 1531 567 1614 quid
588 1538 715 1594 senatus
737 1529 887 1594 severitas
908 1527 1070 1612 postuletl
1096 1524 1420 1610 Legatosdecernisi
1444 1524 1499 1599 st,
1524 1528 1564 1585 ut
1585 1520 1647 1584 de·

306 1646 451 1711 precere,
474 1633 670 1687 contemnet:
692 1624 734 1699 si,
756 1633 792 1700 ut
812 1623 957 1706 imperes,
980 1642 1044 1686 non
1058 1621 1181 1685 audiet:
1204 1619 1343 1705 denique
1358 1618 1509 1704 quamvis
1522 1632 1647 1680 severe

282 1719 415 1801 elegatis
438 1718 585 1781 mandata
606 1716 801 1789 dederimus,
831 1736 947 1783 nomen
970 1716 1074 1798 ipsum
1096 1715 1272 1796 legatomm
1292 1713 1393 1789 hunc,
1423 1732 1527 1796 quem
1549 1709 1647 1774 vidc-

305 1833 392 1886 mus‚
423 1811 533 1896 populi
566 1810 699 1874 Romani
731 1811 905 1893 restinguet
933 1809 1095 1881 ardorem,
1128 1807 1369 1890 municipiorum
1396 1813 1497 1890 atque
1525 1803 1645 1867 Italiae

203 1949 205 1953 ψ
304 1905 427 1988 franget
447 1906 579 1969 animos.
621 1904 659 1966 Ut
681 1905 821 1967 omittam
850 1904 944 1978 haec,
976 1921 1057 1986 quae
1079 1908 1302 1983 magnasunt,
1325 1907 1407 1972 certe
1429 1900 1494 1963 ista
1516 1894 1644 1980 legatio

305 2019 425 2062 moram
448 2006 480 2062 et
500 1997 678 2061 tarditatem
701 1997 809 2061 afferet
830 1997 923 2060 bello.
968 1993 1020 2059 26.
1044 1994 1195 2072 Quamvis
1219 1994 1341 2069 dicant,
1364 1993 1450 2077 quod
1474 1991 1644 2077 quosdam

304 2094 399 2169 audio
430 2092 586 2156 dicturos:
621 2091 738 2174 «legati
765 2090 1023 2173 proficiscantur:
1052 2088 1171 2151 bellum
1197 2088 1297 2150 nihilo
1328 2089 1432 2152 minua
1461 2092 1642 2169 pmetun,

269 2197 410 2251 tommen
438 2186 613 2268 legatorum
635 2204 751 2248 nomeu
778 2185 881 2265 ipsum
903 2191 936 2246 et
957 2184 1078 2247 animos
1099 2180 1263 2245 hominum
1286 2187 1316 2244 et
1336 2180 1413 2244 helli
1434 2178 1642 2244 celeritatem

305 2280 487 2344 morabitur.
529 2279 570 2340 K.
594 2278 732 2343 Minimis
753 2277 935 2350 momentis,
966 2287 1071 2359 patres
1101 2275 1289 2358 conscripti,
1317 2273 1474 2338 maximae
1497 2270 1641 2335 inclina·

303 2376 407 2438 tiones
428 2382 604 2456 tempomm
625 2368 719 2449 liunt,
742 2393 812 2435 cnm
835 2371 870 2433 in
892 2371 978 2442 omni
1001 2391 1074 2434 casu
1096 2370 1141 2432 rei
1162 2368 1325 2452 publicae,
1345 2375 1411 2432 tum
1432 2368 1466 2430 in
1489 2364 1583 2429 bello
1605 2370 1640 2427 ot

304 2469 440 2532 maxime
473 2466 574 2539 civili,
606 2464 692 2550 quod
725 2466 876 2550 opinione
909 2465 1098 2548 plerumque
1131 2471 1163 2526 et
1183 2462 1267 2526 lama
1288 2463 1489 2546 gubernatur.
1530 2461 1638 2523 Nemo

305 2567 450 2646 quaeret,
479 2559 596 2642 quibus
626 2579 697 2622 oum
727 2559 881 2622 mandatis
904 2560 1024 2642 legatos
1047 2557 1242 2621 miserimus:
1272 2577 1387 2621 nomen
1416 2557 1522 2640 ipsum
1544 2555 1640 2638 lega-

267 2667 295 2713 et
305 2655 398 2718 tionis
429 2652 512 2717 ultro
542 2654 657 2716 missae
685 2654 805 2716 timoris
835 2673 904 2717 esse
934 2653 1060 2735 signum
1088 2652 1254 2716 ridebitur.
1292 2649 1430 2715 Recedet
1455 2669 1474 2715 a
1496 2650 1639 2724 Mutina,

303 2749 428 2812 desinat
449 2767 633 2831 oppugnare
654 2748 802 2822 Brutum,
826 2747 959 2810 decedat
980 2766 1021 2808 ex
1044 2745 1162 2809 Gallia:
1184 2766 1249 2810 non
1270 2754 1319 2809 est
1333 2744 1434 2808 verbis
1456 2742 1638 2827 rogandus,

304 2842 462 2926 cogendus
490 2850 538 2905 est
563 2841 667 2928 armis.
710 2838 761 2904 ⁶27.
783 2843 852 2905 Non
880 2841 965 2904 euim
994 2840 1034 2902 ad
1063 2839 1271 2903 Hannibalem
1301 2839 1452 2902 mittimus
1471 2846 1511 2901 ut
1531 2858 1552 2901 a
1577 2837 1639 2900 Sa·

303 2944 400 3017 ganto
428 2934 571 3009 recedat,
601 2935 641 2997 ad
670 2955 764 3020 quem
789 2936 917 2998 miserat
938 2934 1014 2998 olim
1037 2940 1166 2997 senatus
1189 2934 1222 2996 P.
1247 2933 1404 2998 Valerium
1425 2931 1579 2995 Flaccum
1605 2936 1640 2995 et

304 3029 342 3105 Q.
364 3029 515 3091 Baebium
536 3028 732 3110 Tampilum,
758 3029 831 3112 qui,
853 3029 880 3091 si
903 3027 1061 3091 Hannibal
1084 3049 1147 3090 non
1170 3033 1311 3112 pareret,
1333 3025 1562 3110 Karthaginem
1587 3026 1639 3088 ire

266 3122 379 3184 aoiussi
402 3130 505 3183 erant:
528 3153 570 3167 -
584 3130 709 3201 nostros
726 3143 787 3205 quo
802 3123 948 3186 iuhemus
964 3122 1026 3195 ire,
1049 3121 1075 3184 si
1094 3142 1158 3185 non
1177 3121 1318 3205 paruerit
1333 3122 1515 3185 Antonius?
1530 3152 1578 3168 -
1593 3120 1639 3185 ad

302 3220 443 3276 nostrum
467 3213 568 3276 civem
589 3214 758 3288 mittimus,
781 3236 820 3277 ne
843 3217 1079 3300 imperatorem,
1101 3236 1141 3279 ne
1171 3215 1327 3279 coloniam
1355 3215 1467 3298 populi
1493 3214 1638 3280 Romani

304 3315 474 3392 oppugnet
506 3307 595 3385 'Itane
610 3313 709 3371 verol
732 3307 793 3371 hoc
814 3330 871 3393 per
885 3311 1004 3392 legatos
1019 3308 1192 3393 rogandum
1208 3313 1277 3372 esti
1301 3306 1385 3384 Quid
1400 3309 1550 3383 interest,
1576 3328 1639 3392 per

303 3403 380 3466 deos
403 3401 610 3464 immortalesl
633 3410 736 3465 utrum
758 3403 840 3466 hanc
861 3405 970 3466 urbem
993 3410 1155 3486 oppugnet
1176 3422 1216 3465 an
1231 3402 1425 3469 huiusurhis
1447 3423 1638 3487 propugna-

304 3494 425 3569 culum,
448 3495 604 3557 culoniam
625 3496 733 3579 populi
755 3497 887 3559 Romani
909 3496 1058 3579 praesidii
1081 3516 1176 3561 causa
1191 3497 1400 3561 collocatam?
1421 3498 1501 3561 Belli
1517 3498 1637 3561 Punici

266 3588 447 3662 resecandi,
470 3586 556 3672 quod
580 3598 688 3652 contra
710 3591 845 3652 maiores
861 3599 988 3654 nostros
1003 3590 1161 3654 Hannibal
1176 3591 1289 3674 gessit,
1312 3610 1407 3654 causa
1418 3589 1480 3653 fuit
1495 3591 1638 3674 Sagunti

210 3686 213 3691 ’
303 3683 505 3766 oppugnatio.
537 3685 633 3746 Recte
655 3681 695 3747 ad
719 3704 791 3747 eum
813 3683 908 3767 legati
931 3684 1035 3747 missi:
1058 3686 1261 3749 mittebantur
1284 3686 1325 3749 ad
1345 3686 1501 3760 Poenum,
1524 3688 1637 3751 mitte·

302 3777 417 3840 bantur
437 3797 496 3859 pro
518 3777 704 3840 Hannibalis
719 3777 881 3853 hostibus,
904 3779 1021 3841 nostris
1037 3781 1141 3843 sociis.
1180 3780 1264 3855 Quid
1279 3779 1381 3843 simile
1397 3778 1545 3843 tandem?
1571 3800 1637 3844 nos

302 3872 342 3934 ad
364 3874 464 3934 civem
486 3870 658 3945 mittimus,
690 3892 729 3934 ne
751 3873 973 3954 imperatorem
995 3873 1104 3954 populi
1127 3874 1278 3949 Romani,
1306 3894 1346 3936 ne
1369 3873 1560 3953 exercitum,
1592 3894 1636 3937 ne

303 3965 459 4028 coloniam
476 3964 711 4038 circumsedent,
734 3985 774 4027 ne
789 3973 959 4049 oppugnet,
983 3987 1022 4028 ne
1045 3985 1136 4048 agros
1153 3965 1372 4051 depopuletur,
1394 3987 1434 4031 ne
1449 3967 1635 4032 sithostist

192 4120 195 4124 ,
265 4079 293 4124 30
386 4058 440 4120 Xl.
464 4055 514 4119 t8.
537 4061 620 4140 Age,
643 4059 669 4120 si
690 4061 844 4141 paruerit,
871 4061 931 4122 hoc
954 4060 1022 4122 cive
1045 4061 1091 4121 uti
1113 4067 1167 4123 aut
1189 4059 1334 4122 volumus
1357 4067 1412 4124 aut
1433 4064 1634 4145 possumus?

239 4156 241 4160 ’
300 4156 381 4215 Ante
415 4152 499 4215 diem
531 4172 590 4215 ιιιιι
624 4152 781 4216 Kalendas
814 4153 975 4217 Ianuarias
1010 4152 1144 4216 decretis
1177 4155 1289 4217 vestris
1323 4174 1395 4217 eum
1426 4155 1633 4219 concidistis:

302 4246 508 4310 constituistis
532 4256 566 4309 ut
588 4245 667 4309 haec
689 4245 728 4311 ad
751 4267 807 4310 vos
829 4245 980 4310 Kalendis
1002 4247 1155 4310 Ianuariis
1178 4245 1387 4324 referrentur,
1402 4267 1492 4332 ,quae
1515 4248 1634 4313 rel'erri

367 4491 390 4538 4.
410 4489 435 4536 di
452 4487 537 4554 Vbt:
556 4488 628 4537 dito
647 4514 674 4523 —
692 4488 815 4552 sormam]
826 4488 923 4549 [amam
939 4488 971 4549 b,
998 4490 1028 4538 ut
1045 4491 1086 4539 est
1102 4489 1128 4539 in
1146 4488 1223 4539 codd.
1242 4489 1302 4539 Tac.
1320 4490 1407 4552 hgric.
1425 4503 1449 4541 c.
1467 4488 1499 4542 ld
1514 4492 1633 4556 suumn·

302 4579 348 4631 gne
364 4578 412 4629 pro
428 4564 585 4626 formamque
601 4564 627 4612 et
643 4563 669 4611 in
688 4562 747 4612 cod.
766 4563 848 4613 Periz.
864 4563 928 4614 Dial.
942 4565 976 4615 de
994 4565 1063 4614 Orat.
1082 4563 1113 4615 40
1128 4565 1237 4629 (amara
1253 4579 1302 4630 pro
1318 4566 1415 4628 samam
1431 4567 1482 4616 cet.
1498 4593 1525 4603 ·-
1544 4566 1571 4618 3.
1585 4569 1633 4618 de-

301 4642 381 4691 cernis
401 4640 421 4688 si
442 4643 471 4688 at
493 4638 633 4700 deprecere:
647 4637 704 4699 tris
726 4650 794 4687 corr.
813 4650 848 4688 m.
867 4639 895 4700 2)
918 4639 954 4697 V;
980 4640 1109 4689 deemnitie
1131 4641 1243 4702 (canitie
1258 4640 1281 4704 t)
1298 4641 1320 4689 si
1335 4645 1363 4689 ut
1379 4641 1540 4703 deprecentur
1556 4644 1580 4693 D
1602 4671 1630 4681 -

302 4717 326 4768 l.
345 4718 497 4777 contempnet
518 4710 566 4762 Vb
592 4739 619 4750 -
642 4713 766 4775 imperetis
782 4712 863 4777 abg;
886 4714 1019 4775 impetretis
1036 4717 1046 4764 t
1069 4717 1096 4764 et
1112 4728 1128 4777 g
1145 4727 1203 4780 sup.
1222 4712 1266 4765 ltn.
1287 4742 1314 4751 —
1336 4728 1424 4765 emera
1439 4716 1554 4781 allegatis
1570 4720 1583 4768 t
1600 4744 1630 4755 -

239 4805 242 4811 ’
302 4796 327 4843 e.
345 4792 467 4841 mandata
485 4800 537 4838 om.
558 4800 619 4837 a-
638 4800 729 4838 omme
745 4788 775 4835 V¹
795 4814 822 4824 -
839 4788 947 4838 uidimus
963 4791 985 4840 1)
1005 4816 1031 4825 -
1050 4790 1074 4839 6.
1092 4791 1223 4855 maringet
1238 4794 1249 4840 t
1267 4817 1294 4826 -
1312 4789 1337 4840 l.
1355 4790 1448 4853 tegtoa
1468 4818 1496 4828 -
1514 4793 1540 4843 8.
1557 4796 1633 4845 eari-

302 4873 377 4918 tatem
394 4866 425 4913 V¹
444 4890 471 4898 -
491 4862 585 4926 adimet
602 4863 638 4922 V;
662 4865 764 4925 afferret
781 4862 822 4912 ab
843 4889 868 4898 -
889 4865 954 4925 guod
969 4864 992 4912 V
1009 4864 1034 4913 in
1052 4877 1104 4915 ras.
1122 4863 1212 4914 habet.
1232 4891 1259 4902 -
1279 4865 1319 4916 lb.
1336 4866 1433 4915 aomos
1446 4867 1575 4919 hominum
1592 4872 1630 4921 V:

302 4944 398 4992 animos
414 4938 505 4989 molliet
522 4939 558 4997 D3
584 4939 682 4987 animos
698 4938 823 4987 hominnm
838 4939 967 4989 motlietO
987 4967 1012 4977 -·
1038 4941 1078 4990 44.
1098 4939 1253 4990 morabimur
1267 4941 1290 4987 V
1309 4968 1335 4978 -
1359 4943 1479 4992 mouentis
1495 4944 1506 4991 t
1524 4969 1551 4980 -
1570 4958 1633 4996 ma-

301 5019 368 5067 nime
385 5019 422 5080 gt
440 5042 467 5050 -
496 5012 536 5063 44.
556 5015 654 5075 gucerit
671 5013 691 5062 V
710 5038 738 5048 ·-
762 5013 894 5077 tegatneV
914 5026 940 5052 ‘-
967 5017 1006 5066 te.
1025 5017 1101 5065 mism
1117 5016 1149 5066 V¹
1168 5043 1192 5054 -
1219 5017 1259 5066 46.
1277 5015 1443 5080 oppnnareV
1461 5041 1489 5052 -
1507 5017 1632 5070 uerbieV

303 5105 371 5142 corr.
390 5103 423 5139 cx
439 5100 514 5137 aenea
538 5114 564 5122 -
589 5088 629 5136 li.
649 5092 683 5137 est
700 5087 733 5136 D:
759 5093 781 5136 et
800 5088 841 5147 V¹;
865 5095 900 5139 est
921 5095 944 5139 et
959 5091 981 5139 V
998 5104 1067 5140 corr.
1086 5104 1122 5141 m.
1141 5092 1165 5141 2.
1186 5119 1212 5128 -
1236 5092 1275 5142 t8.
1293 5095 1387 5157 stacam
1403 5092 1437 5149 νς
1459 5093 1630 5154 ansatcumD

304 5194 331 5203 -
347 5167 386 5217 49.
402 5164 442 5229 0.]
460 5165 503 5225 qai
519 5163 565 5222 V¹;
585 5175 637 5212 om.
652 5161 669 5211 b
685 5189 711 5200 -
731 5162 825 5212 bebium
838 5164 994 5226 pamphilum
1010 5166 1070 5225 Vt),
1092 5179 1171 5230 quam
1189 5168 1349 5232 scripturam
1365 5168 1478 5217 correxit
1495 5168 1629 5229 Faernus3

214 5234 217 5240 '
301 5254 325 5290 v.
341 5240 473 5302 Sigonium
491 5236 525 5287 ad
543 5237 597 5286 Liv.
611 5238 680 5296 XXI,
694 5239 718 5287 h.
733 5263 759 5272 -
780 5240 876 5301 gnosio
893 5267 919 5275 -
933 5241 1113 5304 Karthaginem
1129 5241 1243 5291 habetV
1258 5269 1282 5277 —
1301 5244 1342 5293 th.
1355 5243 1416 5291 inssi
1431 5247 1504 5292 eram
1515 5243 1628 5308 scripsi:

301 5317 423 5365 imsernnt
436 5314 470 5372 V:
489 5312 548 5362 tussi
564 5313 653 5361 snntV
671 5325 740 5362 corr.
758 5315 824 5362 mh
841 5314 892 5363 D0
912 5341 938 5349 -
958 5321 1053 5364 nostros
1069 5315 1162 5378 legatos
1178 5317 1199 5366 D
1214 5343 1240 5351 -
1260 5318 1325 5378 guod
1336 5317 1365 5378 V,
1384 5317 1432 5368 sed
1449 5318 1466 5367 d
1482 5321 1626 5381 punctam:

301 5391 387 5451 guast
406 5417 432 5424 —
451 5387 585 5437 iubebimus
601 5400 641 5450 ag
660 5414 687 5423 —
706 5389 740 5436 ad
751 5413 787 5424 --
798 5389 918 5438 mittimus
934 5402 987 5439 om.
1002 5391 1056 5440 D-
1076 5392 1116 5439 et.
1136 5403 1166 5440 ne
1182 5393 1357 5454 imperatorem
1372 5393 1543 5454 coloniamque
1560 5393 1583 5442 4)
1599 5419 1627 5430 -

301 5466 341 5514 22.
356 5465 476 5527 obpugnet
487 5476 517 5522 e;
537 5461 680 5526 oppugnet?
697 5462 758 5512 edd.
772 5489 798 5499 -
811 5464 856 5512 hoa
867 5476 920 5513 om.
933 5466 960 5525 t;
978 5465 1021 5513 hec
1031 5464 1049 5514 b
1060 5492 1094 5501 —
1103 5466 1244 5528 rogandum
1255 5467 1289 5514 V:
1310 5468 1437 5529 rogandus
1452 5468 1474 5517 D
1486 5494 1513 5503 -
1526 5465 1568 5518 il.
1582 5481 1628 5518 co·

300 5540 472 5604 toniampnel)
487 5566 514 5576 -
526 5552 618 5588 causae
629 5538 659 5599 V,
677 5539 726 5588 sed
744 5552 757 5588 e
772 5542 904 5603 punctulo.
920 5566 947 5576 -
965 5539 1116 5590 conlocatam
1131 5541 1152 5589 V
1170 5567 1197 5576 -
1213 5543 1345 5603 panichV
1362 5568 1389 5577 -
1408 5541 1628 5592 immittebantur

300 5616 333 5664 ad
344 5614 508 5664 hannibalem.
527 5613 632 5663 hostibus
646 5627 695 5676 pro
706 5627 731 5662 n.
744 5627 765 5663 a.
779 5613 796 5663 b
811 5640 837 5650 -
852 5615 897 5665 at.
910 5615 1029 5665 hannibal
1044 5619 1067 5674 t;
1085 5616 1215 5667 hannibale
1231 5630 1272 5681 ag
1291 5644 1317 5653 -
1336 5618 1402 5667 hoste
1418 5632 1474 5681 g·
1493 5619 1586 5668 nothis
1602 5622 1627 5669 et

300 5707 401 5757 sonitu
422 5708 566 5758 -tandem
582 5706 644 5758 nos?
660 5708 698 5759 Aa
715 5706 756 5757 eb
777 5735 802 5743 -
822 5709 862 5759 28.
880 5711 1000 5760 mittimus
1016 5709 1078 5760 Vb:
1097 5712 1220 5761 mitteretur
1235 5714 1294 5775 agt
1313 5738 1339 5747 -
1357 5724 1388 5760 ne
1404 5692 1464 5774 ern-p.
1480 5713 1575 5762 mmet
1594 5736 1623 5748 ·-

300 5782 340 5831 29.
359 5783 530 5833 circunnideat
547 5796 563 5847 g
580 5796 660 5846 cora,
679 5786 708 5834 ul
723 5781 815 5836 Lamb.
834 5783 924 5836 edidit.
949 5811 977 5822 -
1002 5786 1137 5838 tt..t'1111.
1155 5788 1191 5849 gt
1209 5813 1236 5823 -
1260 5786 1402 5837 concedistis
1418 5790 1429 5835 t
1445 5812 1472 5823 ·-
1496 5785 1537 5841 32.
1555 5785 1624 5852 rese-

245 5916 253 5928 *
300 5862 387 5908 rentur
403 5871 467 5920 guae
482 5859 610 5924 reseret.
