3800 7350
712 1250 785 1315 cn.
807 1252 941 1316 v-vr.
969 1248 1016 1335 ss
1039 1248 1186 1317 to-u.
1558 1243 1620 1314 sse

294 1419 435 1507 periculo
464 1439 522 1483 suo
553 1418 785 1495 defendissent,
819 1421 939 1485 Sestius
971 1441 1043 1484 curn
1074 1422 1131 1485 illo
1154 1423 1294 1485 exercitu
1316 1441 1439 1486 summa
1459 1422 1621 1486 celeritate

295 1514 330 1579 C.
349 1513 522 1578 Antonium
544 1520 731 1578 consecutus
754 1520 811 1577 est.
845 1516 905 1578 Hic
927 1537 985 1599 ego
1008 1516 1084 1601 quid
1106 1517 1304 1599 praedicem,
1327 1516 1442 1597 quibus
1457 1515 1511 1578 hio
1524 1516 1620 1578 rebus

293 1606 456 1672 consulem
482 1606 523 1671 ad
552 1627 618 1671 rem
642 1607 811 1690 gerendam
834 1610 1001 1673 excitarit?
1030 1630 1112 1693 quos
1135 1611 1278 1674 stimulos
1300 1610 1477 1673 admoverit
1496 1609 1620 1672 homini

292 1699 438 1766 studioso
457 1699 592 1766 fortasse
613 1701 780 1775 victoriae,
810 1702 866 1765 sed
888 1711 994 1765 tamen
1015 1703 1145 1765 nimium
1170 1722 1369 1766 communem
1390 1702 1522 1764 Martem
1542 1700 1620 1764 lrelli

292 1814 462 1878 eorumquae
487 1797 667 1860 metuenti?
699 1796 842 1878 Longum
870 1802 918 1858 est
947 1815 985 1860 ea
1011 1795 1134 1871 dicere,
1162 1796 1219 1861 sed
1240 1797 1302 1859 hoc
1323 1796 1418 1860 breve
1440 1793 1561 1857 dicam:
1592 1792 1643 1856 sie
1672 1826 1675 1833 ·

290 1890 333 1954 ll.
355 1889 458 1952 Petrei
478 1909 544 1953 non
566 1889 725 1953 excellens
748 1889 872 1953 animus
894 1895 925 1952 et
947 1891 1102 1953 amorrei
1123 1891 1286 1974 publicae,
1314 1910 1379 1954 non
1399 1895 1564 1971 praestans
1585 1888 1619 1950 in

290 2003 326 2047 rs
346 1981 473 2067 publica
493 1985 611 2058 4444444,
632 2003 698 2046 non
721 2002 842 2046 summa
856 1983 1026 2046 auctoritas
1041 1983 1127 2065 apud
1141 1984 1276 2058 milites,
1297 2003 1361 2046 non
1378 1977 1527 2045 mirificus
1541 2001 1619 2045 usus

291 2078 325 2141 in
345 2096 381 2140 ra
403 2077 529 2142 militari
551 2078 740 2151 exstitisset,
762 2096 868 2160 neque
889 2077 1017 2139 adiutor
1038 2078 1068 2141 ei
1090 2080 1123 2140 P.
1140 2079 1263 2141 Sestius
1281 2077 1321 2140 ad
1337 2073 1540 2140 excitandum
1553 2076 1619 2137 An·

290 2172 429 2246 taniam,
456 2169 697 2244 cohortandum,
726 2169 952 2244 accusandum,
981 2171 1207 2254 impellendum
1234 2172 1365 2246 fuisset,
1393 2171 1484 2232 datus
1506 2168 1562 2232 illo
1584 2171 1618 2232 in

289 2263 377 2329 lrello
398 2271 483 2328 esset
501 2263 598 2328 hiemi
620 2264 726 2337 locus,
748 2282 853 2347 neque
874 2284 1028 2347 umquam
1051 2265 1201 2342 Catilina,
1225 2287 1295 2329 cum
1318 2285 1335 2329 e
1356 2264 1473 2347 pruina
1490 2263 1619 2345 Appen·
1629 2281 1655 2328 ro

291 2359 360 2422 nini
388 2365 486 2442 atque
517 2356 682 2421 onivibus
704 2356 767 2419 illis
790 2358 988 2431 emersisset,
1017 2365 1114 2443 atquo
1135 2367 1287 2423 aestatem
1307 2359 1463 2440 integram
1484 2363 1618 2421 nanctus

290 2450 400 2514 ltaliae
421 2450 518 2518 calles
540 2459 572 2516 ot
592 2456 755 2535 pastorum
771 2450 893 2514 stabula
907 2451 1052 2535 praedari
1067 2454 1240 2537 coepisset,
1262 2454 1332 2517 sine
1346 2451 1448 2516 multo
1463 2451 1617 2535 sangiune

289 2565 328 2609 ae
348 2546 419 2609 sino
439 2548 535 2611 totins
556 2546 667 2609 ltaliae
687 2544 833 2608 vastitate
854 2545 1030 2610 miserrima
1051 2548 1250 2612 concidisset

376 2633 428 2702 43.
449 2640 542 2704 llunc
563 2640 661 2723 igitur
682 2638 821 2702 animurn
844 2640 950 2703 attulit
971 2640 1011 2703 ad
1032 2641 1226 2706 tribunatum
1248 2644 1281 2705 P.
1304 2641 1440 2716 Sestius,
1462 2648 1499 2704 ut
1519 2661 1618 2724 quae·

289 2739 409 2797 niumm
430 2734 636 2798 Macedoniae
659 2733 835 2815 relinquam
858 2740 890 2796 et
911 2734 1084 2818 aliquando
1106 2735 1147 2798 ad
1168 2737 1247 2800 haec
1260 2736 1410 2820 propiora
1423 2735 1654 2811 veniam3—ro

289 2846 484 2911 quamquam
504 2848 568 2892 non
591 2835 638 2890 est
653 2827 826 2890 omittenda
847 2828 1015 2909 singularis
1036 2829 1093 2892 illa
1108 2832 1270 2914 integritas
1285 2830 1503 2915 provincialis,
1525 2830 1617 2893 cuius

288 2939 350 3004 ego
371 2930 474 3006 nuper
494 2923 528 2987 in
550 2921 737 2987 Macedonia
758 2921 824 2983 vidi
846 2921 979 3004 vestigia
1000 2942 1063 2986 non
1085 2944 1195 3007 pressa
1216 2925 1329 2989 leviter
1342 2924 1383 2987 ad
1398 2924 1505 3007 exigui
1526 2945 1618 3008 prae-

289 3014 483 3081 dicationem
516 3017 683 3099 temporis,
711 3015 768 3079 sed
789 3012 853 3079 lixa
874 3015 914 3078 ad
937 3018 1120 3082 memoriam
1142 3018 1226 3083 illius
1248 3018 1430 3101 provinciae
1453 3020 1618 3103 sempiter-

288 3129 382 3186 nam3
398 3143 443 3156 -
456 3131 567 3176 verum
588 3110 667 3174 haec
681 3111 726 3172 ita
742 3115 993 3193 praetereamus,
1014 3118 1050 3175 ut
1063 3121 1168 3177 tamen
1182 3114 1343 3177 intuentes
1358 3122 1390 3176 et
1402 3120 1617 3195 respectantes

290 3203 528 3290 relinquamus:
550 3205 590 3269 ad
612 3205 822 3279 tribunatum,
845 3207 901 3289 qui
922 3206 992 3288 ipse
1014 3206 1054 3270 ad
1076 3228 1147 3271 sese
1168 3208 1231 3271 iam
1252 3206 1372 3271 dudum
1386 3214 1477 3272 vocat
1491 3215 1524 3271 et
1538 3222 1654 3293 quo-no

291 3297 364 3363 dem
385 3299 481 3363 modo
496 3300 643 3364 absorbet
659 3299 836 3362 orationem
850 3318 963 3375 meam,
985 3307 1134 3364 contento
1149 3301 1255 3364 studio
1270 3319 1428 3384 cursuque
1443 3301 1617 3365 veniamus.

290 3393 343 3457 Vl.
359 3388 411 3455 44.
432 3394 481 3457 De
503 3413 568 3478 quo
590 3392 720 3478 quidem
741 3393 902 3456 tribunatu
923 3394 968 3456 ita
989 3394 1106 3458 dictum
1129 3401 1177 3458 est
1197 3412 1217 3456 a
1235 3394 1274 3469 Q.
1288 3393 1475 3471 Hortensio,
1497 3402 1533 3460 ut
1547 3396 1616 3460 eius

293 3487 395 3553 oratio
417 3508 484 3553 non
506 3487 724 3553 defensionem
751 3488 846 3551 modo
868 3488 1031 3552 videretur
1051 3489 1216 3553 criminum
1238 3490 1415 3564 continere,
1443 3488 1500 3553 sed
1522 3490 1617 3555 etiam
1690 3559 1693 3563 ,

353 3843 1616 3909 t.eesrtttus1>1-eeerettaptcorr.erecectrus)eta:ermenteo-natare

286 3922 357 3972 4444»
371 3925 515 3971 4444444444
530 3924 565 3971 est
580 3921 693 3984 scripsi:
712 3915 729 3970 i
747 3925 800 3970 ant.
813 3925 957 3971 consensius
972 3923 1000 3981 P,
1019 3920 1068 3971 sed
1084 3914 1156 3971 esti
1173 3922 1199 3971 in
1216 3933 1319 3981 rasura,
1337 3933 1406 3971 corr.
1425 3933 1458 3972 ex
1475 3935 1519 3983 .c.,
1537 3923 1566 3972 ut
1582 3936 1616 3973 ex

286 3996 404 4061 veedgtis
421 3997 546 4061 apparet;
566 4000 601 4046 est
617 3996 674 4046 Ant.
692 4001 870 4047 consecutust}
891 3999 997 4058 (mnmra
1013 4000 1048 4045 est
1063 3995 1135 4045 ceter.
1153 3995 1210 4045 Ant.
1228 4008 1295 4045 cons.
1314 3995 1343 4057 0)
1363 4021 1390 4031 -
1408 3995 1453 4045 noc
1470 3997 1491 4046 G
1509 4022 1537 4032 -
1555 4009 1616 4060 erpo

286 4071 316 4124 ps
332 4097 361 4108 -
379 4070 406 4121 3.
424 4071 573 4133 cmsutenq.
592 4072 621 4121 i>¹
640 4097 668 4107 -
693 4072 932 4133 qaos--oictortee
947 4070 1031 4121 habet
1046 4071 1068 4120 Α
1085 4096 1113 4106 -
1134 4082 1196 4131 quos
1211 4071 1233 4120 Α
1250 4072 1278 4120 et
1293 4069 1353 4119 cod.
1373 4070 1470 4120 Ursini:
1488 4075 1549 4131 quot
1565 4073 1614 4122 Go

287 4147 315 4197 et
329 4147 349 4196 P
367 4157 436 4197 corr.
456 4157 489 4196 ex
506 4146 572 4208 quod
588 4147 659 4206 {quos
674 4144 779 4195 videtur
795 4147 822 4196 in
838 4148 859 4196 Α
877 4148 996 4203 exstare,
1019 4143 1068 4195 sed
1086 4145 1175 4194 omisit
1190 4145 1273 4194 liains
1289 4145 1316 4193 in
1331 4142 1437 4204 adnot..
1461 4145 1534 4207 qnod
1550 4143 1614 4197 alias

286 4218 368 4282 sous,
386 4220 534 4285 scripturae
551 4220 707 4270 vanetntem
725 4220 836 4282 namra.)
855 4246 884 4257 -
906 4219 931 4270 4.
949 4220 1014 4268 stud.
1031 4219 1137 4283 sortasse
1152 4220 1187 4268 A:
1209 4219 1275 4268 stud.
1292 4217 1406 4280 sortassu
1420 4217 1484 4276 P0;
1500 4218 1615 4281 fortassis

285 4296 349 4346 stud.
368 4296 391 4344 G
415 4321 443 4331 -
469 4294 524 4346 betti
544 4307 677 4358 casmnque
693 4298 725 4345 P:
752 4295 938 4358 criticorumque
955 4295 989 4352 G;
1016 4293 1118 4357 tritique
1139 4307 1226 4344 coum
1243 4294 1276 4353 0;
1303 4291 1336 4343 ci.
1355 4291 1442 4343 liadv.
1459 4306 1486 4357 p.
1505 4291 1563 4344 443.
1583 4321 1612 4330 -

286 4374 312 4423 li.
327 4370 434 4421 4444444444
450 4372 471 4421 G
487 4398 520 4408 -
536 4369 608 4421 04444
623 4374 655 4423 P:
683 4371 750 4422 breui
767 4372 816 4423 60
835 4399 861 4407 -
886 4372 969 4420 dicam
984 4369 1014 4433 ss]
1032 4370 1158 4422 dulcasse·
1174 4372 1194 4420 P
1213 4394 1240 4405 -
1262 4366 1286 4418 0.
1306 4367 1386 4417 Petrei
1402 4366 1469 4417 PG:
1486 4366 1613 4417 94444440

286 4446 317 4510 (Α
334 4456 431 4508 seraper
450 4445 473 4495 ei
491 4457 541 4510 pro
561 4446 583 4494 st
601 4447 637 4496 Μ.
656 4446 747 4507 Petrei,
770 4447 792 4496 si
814 4448 887 4496 recte
905 4447 970 4508 ling.
989 4444 1072 4494 linias
1088 4442 1159 4508 legit)
1179 4469 1206 4478 -
1230 4443 1315 4492 anieno
1332 4443 1353 4491 G
1371 4467 1399 4476 -
1423 4446 1447 4491 et
1462 4443 1482 4492 P
1498 4454 1535 4492 m.
1553 4441 1570 4490 2
1586 4441 1613 4493 in

286 4532 378 4573 44444444
395 4517 486 4570 hahet.
500 4546 528 4556 -
547 4533 621 4570 amor
634 4520 674 4570 rei
685 4520 755 4583 punt.
769 4519 936 4572 Gulielmius:
954 4532 1041 4569 amore
1055 4520 1093 4570 rei
1105 4533 1134 4582 p.
1147 4520 1208 4578 96;
1226 4523 1250 4568 et
1265 4531 1339 4568 arnor
1353 4517 1392 4568 rei
1403 4531 1432 4580 p.
1446 4529 1500 4567 om.
1514 4517 1534 4566 0
1547 4518 1614 4579 (ani-

285 4608 342 4647 mur
355 4607 445 4646 onore
458 4595 497 4646 rei
509 4610 538 4659 p.
557 4593 660 4657 lamb.)
676 4622 710 4633 -
726 4598 753 4645 in
772 4610 803 4646 .r.
819 4609 846 4659 p.
865 4598 897 4653 P;
920 4591 1042 4657 displicet
1057 4594 1200 4658 repetitum
1215 4605 1256 4642 res
1269 4591 1384 4655 pudica,
1402 4603 1486 4654 quaro
1502 4589 1611 4642 malim:

284 4684 335 4723 44444
348 4675 484 4734 ramim
498 4673 526 4723 in
541 4685 570 4723 re
585 4673 695 4736 peranda
710 4672 803 4730 virtum
822 4671 855 4721 ci.
874 4682 913 4720 or.
931 4669 1008 4719 Verr.
1026 4669 1056 4729 V,
1076 4668 1091 4732 5
1107 4669 1148 4719 43.
1166 4682 1193 4733 p.
1205 4668 1263 4728 387,
1281 4666 1321 4718 34.
1347 4665 1467 4717 Eandem
1484 4664 1613 4717 ernenda-

285 4748 387 4799 tlonem
403 4745 523 4810 Koechly
539 4760 647 4812 quoqne
663 4748 809 4813 proposuit.
830 4772 857 4783 —
881 4745 906 4796 8.
925 4744 1045 4795 extitisset
1061 4746 1110 4795 PG
1129 4770 1156 4781 —
1181 4745 1205 4794 9.
1224 4743 1389 4806 inpellentium
1403 4745 1424 4794 P
1441 4766 1470 4778 -
1489 4741 1530 4792 40.
1547 4741 1615 4790 iocus

285 4834 446 4885 nequaquam
462 4823 484 4872 G
500 4849 533 4858 —
549 4821 685 4886 appmnini
701 4824 769 4872 PG:
785 4821 908 4884 Apennini
924 4820 944 4869 0
960 4847 994 4856 -
1011 4819 1051 4868 44.
1070 4822 1119 4870 49
1135 4832 1194 4884 sup.
1213 4817 1257 4869 lin.
1275 4816 1372 4878 habet,
1390 4828 1444 4867 om.
1463 4816 1485 4866 G
1502 4841 1530 4851 -
1547 4815 1615 4866 nidi-

285 4895 329 4946 044
345 4898 381 4955 9;
398 4896 525 4948 mamitus
541 4900 563 4949 G
581 4923 608 4934 -
627 4902 734 4948 nanctus
750 4895 830 4949 P¹G¹z
849 4901 937 4947 nactus
953 4898 1002 4947 PG
1019 4908 1088 4946 corr.
1102 4896 1130 4944 et
1146 4895 1166 4944 0
1185 4893 1225 4957 (55
1240 4894 1272 4943 99
1289 4894 1317 4942 et
1333 4889 1382 4941 434
1398 4891 1479 4942 ctiam
1495 4892 1615 4941 Pnactus

284 4969 375 5034 hebet)
387 4994 421 5008 -
438 4971 479 5022 ts.
492 4972 563 5023 cadis
579 4974 629 5023 PG
642 4997 670 5010 -
689 4973 800 5024 statutae
811 4972 945 5036 praeclare
956 4968 1007 5035 (vel
1022 4969 1155 5033 praedare)
1166 4970 1208 5027 P¹;
1226 4967 1325 5018 statuta
1338 4965 1466 5030 praeclari
1478 4963 1528 5028 (vel
1537 4978 1614 5028 prae-

283 5046 351 5111 dari)
369 5048 389 5097 9
406 5058 476 5097 corr.
495 5048 506 5097 4
527 5060 579 5106 m.;
597 5048 697 5098 stabrsia
709 5049 848 5110 praeclara
863 5051 963 5099 Pcorr.
977 5047 1042 5095 4449
1060 5048 1087 5095 et
1103 5047 1168 5096 G-
1184 5045 1300 5107 coepisset
1314 5046 1351 5095 P:
1369 5042 1486 5105 caepisset
1497 5042 1526 5090 6.
1546 5041 1614 5092 Gon·

283 5122 348 5174 iecit
363 5121 508 5186 iladviglns
521 5135 665 5186 peraprare
679 5123 808 5184 coepisset,
827 5121 995 5184 Wesenberg
1008 5121 1189 5183 petreoponte,
1208 5117 1286 5170 Orelli
1297 5122 1432 5182 penetrare
1442 5130 1476 5176 c.,
1493 5113 1613 5178 Koechly

281 5196 483 5261 pmhurarec,
501 5196 580 5248 laools
594 5199 761 5261 praecepisset
771 5195 813 5247 vel
827 5197 955 5261 praesidio
970 5197 1110 5259 saepsisset,
1127 5192 1233 5257 iiaehly
1244 5194 1402 5256 praediaque
1416 5191 1525 5254 cepisset,
1542 5189 1612 5240 Bake

284 5272 418 5335 dentque:
435 5277 528 5323 4444444
538 5273 646 5338 intepra,
662 5278 751 5324 nactus
764 5274 795 5322 lt.
808 5272 880 5324 cottes
889 5277 913 5322 et
926 5276 1059 5335 pestonm
1068 5269 1176 5330 statuta,
1184 5269 1310 5332 praedat
1319 5267 1444 5330 coepisset.
1458 5293 1485 5303 -
1499 5266 1539 5317 44.
1552 5279 1614 5328 aps-

283 5347 341 5399 esta
357 5345 393 5397 ad
408 5346 466 5397 trib.
483 5350 519 5408 1²3
537 5349 572 5399 ad
589 5349 646 5399 trib.
665 5349 750 5399 attutit
766 5349 816 5399 60
836 5377 863 5386 -
882 5347 923 5398 te.
937 5347 1077 5409 propriora
1093 5342 1149 5396 G¹P
1163 5369 1190 5378 -
1209 5343 1250 5393 46.
1269 5355 1423 5406 4444444444
1437 5347 1461 5392 et
1476 5340 1614 5403 armanno

283 5436 336 5473 non
351 5424 388 5472 est
404 5421 425 5472 9
442 5446 471 5458 -
490 5424 578 5485 quoius
594 5426 615 5474 G
632 5436 701 5475 corr.
714 5425 741 5473 in
758 5427 817 5486 qam
833 5422 957 5473 tutus-
976 5421 1016 5470 44.
1029 5421 1089 5471 4ο44.
1101 5433 1152 5468 non
1167 5419 1291 5481 inpressa,
1309 5420 1339 5469 nt
1349 5419 1391 5469 esi
1400 5417 1428 5467 in
1439 5428 1479 5466 or.
1490 5428 1518 5480 p.
1532 5415 1612 5465 Caec.

283 5496 299 5562 8
316 5495 360 5547 43.
377 5494 444 5546 Phil.
461 5496 534 5560 xlll,
552 5498 568 5562 g
584 5497 625 5549 30.
644 5499 714 5549 Orat.
734 5498 794 5562 544
805 5499 872 5556 eet.;
890 5498 982 5548 contra
1000 5493 1316 5558 4444449444.19,543;
1335 5494 1421 5556 atiquo
1436 5491 1614 5552 imiterpresso

282 5571 398 5637 esstipta
418 5595 445 5606 -
465 5571 505 5623 49.
523 5573 708 5635 smpiternam.
729 5574 819 5624 Verum
830 5599 867 5611 --
877 5571 1057 5633 relinquamus.
1081 5570 1119 5620 Ae
1135 5568 1288 5619 4400444444
1303 5569 1323 5617 0
1342 5593 1371 5605 -
1388 5569 1429 5619 20.
1448 5568 1492 5631 qui
1506 5567 1559 5630 ipse
1573 5563 1612 5630 1³¹,

283 5648 315 5698 nt
329 5645 361 5696 0.
379 5645 414 5697 li.
432 5644 575 5699 tinellerns
592 5649 722 5699 coniecit:
746 5649 808 5711 qaia
822 5649 875 5712 ipse
890 5650 921 5699 9Ξ
936 5659 1005 5697 corr.
1024 5657 1061 5694 m.
1078 5643 1109 5705 2,
1128 5644 1178 5694 60
1194 5670 1227 5680 -
1242 5643 1283 5694 at.
1301 5641 1415 5705 apsortet
1431 5645 1451 5694 9
1469 5668 1496 5680 -
1514 5641 1615 5692 omum

283 5724 352 5773 G-
375 5719 418 5770 44.
435 5719 528 5772 &aaa
551 5727 586 5773 est
606 5725 627 5773 G
644 5737 732 5774 corn:
755 5728 791 5774 est
808 5736 861 5774 om.
879 5719 952 5778 PG¹;
976 5719 1009 5770 ci.
1028 5731 1108 5782 snpra
1125 5732 1150 5768 v.
1168 5718 1184 5768 2
1203 5719 1230 5768 et
1246 5717 1280 5768 od
1296 5731 1323 5782 p.
1342 5715 1400 5778 934,
1419 5717 1450 5768 43
1467 5720 1495 5768 44
1510 5716 1542 5766 25
1559 5716 1611 5765 oet.

282 5792 642 5861 Wesenbergius-praeiert:
661 5799 754 5848 dictam
770 5811 788 5848 a
804 5801 834 5862 ο.
846 5800 917 5849 Hert.
936 5801 979 5847 est.
1001 5822 1027 5831 -
1046 5807 1064 5844 a
1081 5793 1121 5858 0.]
1139 5791 1172 5844 at
1189 5796 1254 5843 G-
1269 5792 1310 5844 43.
1327 5806 1378 5843 nan
1394 5805 1448 5843 orn.
1461 5794 1525 5841 G—
1540 5790 1613 5840 modo

280 5884 333 5921 nors
353 5871 481 5923 4444444444
499 5872 632 5926 amum
648 5876 681 5936 P,
705 5873 754 5927 sed
770 5875 849 5925 nont
870 5869 1053 5932 m.deletnm;
1070 5869 1143 5921 modo
1159 5863 1518 5928 amministratum
1539 5865 1612 5915 modo

280 5947 355 5999 em.
371 5945 453 6000 ntae.
471 5947 501 6002 0.
