3800 7350
312 1203 375 1270 808
728 1202 881 1269 ORATIO
902 1202 983 1267 PRO
1004 1202 1041 1267 L.
1062 1199 1219 1267 FLACCO

313 1382 440 1459 sumptu
463 1381 495 1438 et
515 1375 685 1458 Pompeius
707 1381 739 1435 et
759 1372 891 1435 Flaccus
914 1378 1041 1437 secutus
1064 1377 1122 1433 est.
1158 1372 1269 1451 Neque
1291 1375 1341 1431 est
1360 1364 1465 1430 adhuc
1480 1372 1586 1430 lamen
1604 1384 1643 1430 ea

312 1489 435 1535 summa
456 1468 622 1550 completa.
665 1462 717 1529 33.
738 1467 808 1529 Non
830 1465 936 1529 refert.
958 1466 1060 1528 Vero:
1076 1463 1154 1548 quid
1169 1463 1328 1526 lucretur?
1351 1481 1422 1525 cum
1438 1459 1524 1525 anim
1540 1478 1643 1542 genus

311 1565 482 1647 imperatae
509 1561 664 1646 pecuniae
692 1560 839 1642 suscipit,
868 1560 918 1634 id,
953 1559 1039 1644 quod
1067 1567 1101 1622 tu
1131 1558 1250 1621 crimen
1272 1574 1344 1619 esse
1364 1555 1433 1630 vis,
1464 1554 1643 1619 confitetur.

313 1657 375 1734 Qui
395 1657 493 1740 igitur
513 1655 641 1739 probari
663 1660 783 1738 potest,
805 1654 838 1715 in
859 1673 896 1716 ea
912 1653 1047 1735 pecunia
1062 1672 1127 1715 non
1142 1650 1308 1715 referenda
1323 1649 1443 1714 crimen
1459 1646 1520 1713 sibi
1535 1648 1642 1731 ipsum

289 1749 431 1823 efacere,
452 1749 486 1812 in
508 1769 573 1832 qna
593 1749 712 1813 crimen
734 1756 819 1811 essct
839 1748 979 1821 nullum,
1002 1747 1029 1810 si
1050 1745 1204 1810 referretl
1226 1746 1267 1809 At
1288 1746 1374 1808 euim
1395 1764 1493 1828 negas
1512 1741 1644 1806 fratrem

312 1863 435 1918 meum,
457 1843 512 1927 qui
533 1844 569 1905 L.
583 1842 697 1906 Flacco
720 1842 923 1915 successerit,
946 1841 1113 1924 pecuniam
1128 1840 1226 1904 ullam
1249 1840 1283 1903 in
1304 1837 1439 1921 remiges
1459 1839 1644 1920 imperasse.

311 1934 471 2020 Equidem
493 1936 604 2012 Quinti
625 1934 734 1999 fratris
755 1935 817 1999 mei
839 1936 934 1999 laude
958 1936 1115 2011 delector,
1138 1934 1195 1998 sed
1216 1933 1289 1997 aliis
1308 1932 1425 2015 magis,
1447 1931 1646 2015 gravioribus

312 2039 406 2113 atque
427 2030 609 2094 maioribus.
641 2030 736 2093 Aliud
758 2029 909 2115 quiddam
931 2030 1058 2104 statuit,
1088 2028 1177 2093 aliud
1201 2028 1296 2092 vidit:
1326 2024 1535 2099 existimavit,
1564 2044 1646 2109 quo·

314 2144 450 2209 cumque
472 2132 612 2207 tempore
633 2124 777 2188 auditum
793 2125 870 2209 quid
892 2132 976 2189 esset
991 2123 1032 2188 de
1046 2122 1278 2207 praedonibus,
1301 2140 1397 2205 quam
1411 2118 1509 2184 vellet
1530 2118 1646 2192 subito,

277 2218 447 2282 sociassem
468 2238 502 2281 se
524 2227 791 2303 comparaturum.
823 2219 971 2303 Denique
993 2218 1054 2282 hoc
1076 2218 1196 2301 primus
1218 2214 1315 2279 frater
1335 2234 1427 2278 meus
1449 2214 1482 2277 in
1501 2213 1579 2279 Asia
1599 2211 1648 2277 le-

314 2312 372 2385 cit,
393 2320 430 2375 ut
448 2312 510 2376 hoc
532 2320 659 2396 sumptu
681 2313 835 2396 remigum
857 2313 1001 2376 civitates
1023 2312 1151 2375 levaret
1187 2310 1316 2374 Crimen
1337 2314 1445 2372 autem
1464 2314 1531 2372 tum
1544 2304 1646 2373 videri

194 2445 197 2449 -
314 2405 412 2479 solet,
440 2425 513 2468 cnm
534 2406 650 2491 aliquis
671 2414 812 2491 sumptus
834 2407 972 2470 instituit
1000 2426 1071 2480 eos,
1101 2405 1272 2489 qui'antea
1292 2424 1357 2468 non
1379 2411 1470 2468 erant
1491 2402 1645 2477 instituti,

315 2519 380 2562 non
403 2519 475 2562 cum
497 2520 660 2564 successor
680 2500 801 2582 aliquid
824 2500 970 2564 immutat
991 2500 1031 2563 de
1053 2499 1203 2564 institutis
1225 2498 1377 2582 priorum.
1410 2496 1551 2573 Flaccus,
1566 2495 1647 2581 quid

315 2593 369 2658 alii
389 2599 500 2676 postea
520 2592 635 2656 facturi
657 2602 781 2668 essent,
803 2594 884 2657 scire
906 2613 970 2656 non
992 2600 1134 2677 poterat:
1156 2593 1234 2678 quid
1256 2591 1423 2668 fecissent,
1444 2590 1582 2653 videbat

278 2702 307 2750 ee
400 2688 469 2750 XV.
491 2684 543 2751 34.
565 2689 645 2766 Sed,
667 2690 818 2773 quoniam
840 2689 880 2752 de
902 2690 1063 2753 communi
1081 2688 1181 2753 totius
1195 2688 1288 2752 Asiae
1303 2686 1435 2751 crimine
1451 2692 1500 2750 est
1514 2685 1648 2762 dictum,

315 2779 480 2864 aggrediar
501 2782 564 2848 iam
587 2784 626 2847 ad
649 2784 791 2867 singulas
813 2782 971 2847 civitates:
1004 2784 1182 2868 exquibus
1204 2782 1245 2846 sit
1267 2800 1343 2844 sane
1364 2779 1458 2844 nohis
1471 2779 1582 2864 >prima
1603 2781 1650 2844 ci-

315 2876 397 2938 vitas
419 2876 637 2940 Acmonensis.
670 2877 754 2941 Citat
774 2897 889 2961 praeco
912 2897 990 2941 voce
1011 2877 1149 2941 maxima
1170 2878 1292 2960 legatos
1316 2875 1540 2938 Acmonenses.
1572 2875 1650 2937 Pro·

317 2969 401 3034 cedit
422 2990 506 3034 unus
527 2970 743 3053 Asclepiades.
776 2971 943 3034 Prodeant.
975 2972 1120 3035 Etiamne
1142 2990 1333 3054 praeconem
1350 2969 1478 3033 mentiri
1492 2969 1649 3052 coligistil

316 3066 373 3128 list
393 3065 498 3138 enim,
516 3065 630 3138 credo,
652 3064 679 3127 is
701 3066 842 3139 viriste,
864 3073 901 3130 ut
917 3066 1052 3129 civitatis
1068 3085 1183 3129 nomen
1197 3085 1256 3128 sua
1274 3064 1459 3129 auctoritate
1474 3064 1649 3127 sustineat:

279 3158 484 3222 indamnatus
513 3157 705 3240 turpissimis
733 3160 860 3222 iudiciis
887 3159 991 3233 domi,
1024 3167 1151 3229 notatus
1178 3159 1292 3222 litteris
1314 3157 1477 3241 publicis:¹
1496 3157 1586 3221 cuius
1608 3157 1650 3221 de

317 3250 458 3334 probris,
487 3249 652 3314 adulteriis
679 3272 716 3315 ac
745 3253 863 3334 stupris
891 3261 1018 3317 exstant
1047 3253 1295 3316 Acmonensium
1315 3252 1455 3327 litterae,
1485 3272 1566 3335 quas
1588 3272 1648 3335 ego

316 3362 383 3406 non
404 3344 507 3408 solum
529 3350 659 3428 propter
680 3346 928 3428 longitudinem,
956 3348 1129 3411 sedetiam
1150 3353 1282 3430 propter
1301 3345 1514 3429 turpissimam
1536 3348 1650 3411 obsce-

318 3437 448 3501 nitatem
470 3438 637 3502 verborum
658 3440 905 3523 praetereundas
927 3449 1015 3525 puto.
1044 3442 1133 3504 Dixit
1154 3440 1282 3524 publice
1305 3440 1413 3503 datum
1428 3440 1650 3505 drachmarum

317 3531 404 3601 Ec‘vi.
439 3532 527 3595 Dixit
548 3539 685 3597 mamm:
708 3534 787 3599 nibil
802 3536 957 3611 ostendit,
980 3535 1060 3600 nihil
1082 3535 1230 3619 protulit,
1252 3534 1310 3598 sed
1324 3533 1479 3610 adiunxit,
1501 3535 1534 3599 id
1558 3536 1648 3619 quod

280 3634 419 3703 atcerte,
442 3626 593 3709 quoniam
615 3636 684 3692 erat
707 3628 934 3717 domesticum,
965 3630 1080 3694 docere
1106 3630 1232 3706 debuit,
1255 3650 1289 3693 se
1313 3628 1458 3712 privatim
1484 3627 1650 3695 drachma-

317 3742 387 3785 rum
417 3741 489 3786 ccvr
515 3721 604 3784 milia
627 3722 763 3787 dedisse.
805 3723 966 3800 Quantum
990 3724 1050 3789 sibi
1076 3725 1215 3788 ablatum
1237 3723 1333 3787 homo
1354 3723 1649 3805 impudentissimus

317 3817 413 3891 dicit,
434 3823 559 3880 tantum
580 3835 754 3900 numquam
776 3826 824 3882 est
843 3838 941 3882 ausus
964 3829 999 3883 ut
1019 3818 1150 3883 haberet
1172 3825 1291 3902 optare.
1335 3814 1386 3881 35.
1406 3817 1453 3880 Ab
1469 3816 1552 3881 Aulo
1570 3819 1650 3881 Sen-

317 3910 387 3974 tilio
419 3910 497 3973 dicit
527 3931 562 3973 se
595 3910 721 3975 dedisse
754 3921 786 3976 et
816 3930 834 3974 a
864 3912 930 3974 suis
952 3912 1110 3976 iratribus.
1154 3913 1259 3977 Potuit
1281 3912 1356 3976 darc
1379 3911 1552 3986 Sextilius;
1573 3932 1650 3976 nam

316 4007 429 4070 iratres
451 4005 582 4089 quidem
603 4014 768 4069 consortes
789 4013 864 4070 sunt
885 4007 1106 4070 mendicitatis.
1148 4007 1322 4070 Audiamus
1344 4008 1441 4090 igitur
1463 4005 1649 4084 Sextilium

280 4099 428 4163 soiratres
456 4097 595 4182 denique
624 4099 685 4182 ipsi
713 4101 888 4183 prodeaut3
922 4121 1018 4185 quam
1050 4101 1158 4164 volent
1179 4100 1380 4182 impudenter
1400 4099 1597 4164 mentiantur
1617 4109 1651 4165 ct

317 4193 405 4277 quod
427 4212 601 4277 numquam
621 4191 802 4257 habuerunt
823 4192 950 4258 dedisse
973 4215 1008 4258 se
1032 4195 1157 4258 dicant:
1181 4202 1287 4258 tamen
1308 4193 1430 4281 aliquid
1444 4194 1579 4259 fortasse
1596 4215 1649 4259 co-
1705 4214 1707 4216 ·

316 4308 382 4352 ram
405 4288 551 4370 producti
573 4287 695 4362 dicent,
716 4289 750 4352 in
772 4308 836 4372 qno
861 4289 1142 4373 reprehendantur.
1173 4290 1245 4351 Non
1267 4289 1402 4364 deduxi,
1424 4288 1546 4373 inquit,
1569 4290 1649 4354 Sex·

316 4381 431 4447 tilium.
475 4381 560 4445 Cedo
582 4381 716 4445 tabulas.
756 4385 826 4445 Non
849 4383 1023 4465 deportavi.
1064 4385 1188 4448 Fratres
1210 4383 1321 4447 saltem
1343 4382 1468 4447 exhibe.
1500 4384 1571 4447 Non
1593 4383 1651 4448 de·

316 4476 471 4539 nuntiari.
505 4475 598 4551 Quod
620 4495 696 4558 ergo
717 4497 799 4539 unus
822 4476 1046 4560 Asclepiades,
1067 4477 1195 4541 fortuna
1215 4498 1330 4561 egens,
1352 4479 1419 4541 vita
1438 4477 1558 4561 turpis,
1581 4482 1649 4544 exi·

279 4570 497 4634 aestimatione
520 4568 703 4644 damnatus,
726 4572 922 4654 impudentia
944 4578 1040 4655 atque
1055 4571 1188 4635 audacia
1201 4572 1318 4647 fretus,
1340 4572 1409 4635 sinc
1424 4572 1556 4646 tabulis,
1579 4575 1649 4636 sine

317 4671 444 4727 auctore
475 4663 601 4737 iecerit,
631 4664 664 4727 id
691 4676 751 4727 nos
781 4667 872 4749 quasi
900 4665 1021 4728 crimen
1053 4673 1108 4728 aut
1129 4666 1342 4729 testimonium
1364 4666 1649 4748 pertimescemus?

316 4753 368 4819 36.
391 4757 478 4821 ldem
500 4758 731 4833 laudationem,
761 4779 856 4844 quam
886 4779 946 4822 nos
977 4760 1016 4821 ab
1038 4760 1289 4823 Acmonensibus
1312 4761 1425 4823 Flacco
1448 4760 1553 4824 datam
1576 4781 1649 4844 pro·

315 4850 510 4925 ferebamus,
544 4851 655 4915 salsam
684 4873 753 4916 esse
782 4853 923 4928 dicebat;
954 4845 1043 4917 cuius
1067 4855 1194 4939 quidem
1216 4855 1407 4918 laudationis
1430 4854 1549 4918 iactura
1571 4876 1649 4919 exo·

316 4947 434 5030 planda
465 4944 557 5009 nobis
583 4945 655 5009 tuit.
678 4948 776 5034 'Nam
807 4956 843 5011 ut
871 4949 997 5031 signum
1025 4949 1188 5032 publicum
1216 4950 1355 5034 inspexit
1382 4949 1565 5033 praeclarus
1588 4951 1649 5015 istc

382 5140 405 5189 4.
424 5140 500 5189 manli
516 5145 573 5189 sant
590 5142 609 5191 l.
628 5169 655 5178 -
679 5143 705 5192 2.
723 5143 807 5205 refert.
829 5144 905 5193 Vero:
928 5145 989 5205 qnid
1006 5157 1069 5194 nos:
1094 5143 1170 5206 refert
1185 5156 1253 5192 vero.
1273 5144 1338 5206 Quid
1355 5143 1445 5193 celeri.
1465 5144 1594 5208 (reperim.
1611 5147 1650 5196 Eo

315 5216 376 5279 qnid
392 5215 597 5276 Mommsenius;
615 5215 700 5278 resera
718 5217 749 5267 At
764 5230 824 5268 oero
841 5219 901 5280 qaid
916 5218 1053 5282 Halmius.)
1069 5246 1096 5255 -
1115 5218 1183 5279 cero]
1200 5230 1259 5267 nere
1275 5218 1309 5267 T:
1329 5219 1419 5282 ergos
1438 5245 1465 5254 -
1483 5219 1569 5285 genas]
1588 5235 1651 5272 onas

315 5291 459 5342 PTFL-
481 5291 521 5341 40.
535 5291 637 5341 classem
652 5292 747 5341 aeST:
774 5306 799 5343 se
819 5294 922 5343 classem
937 5295 1017 5344 ALO
1036 5322 1062 5330 —
1083 5293 1123 5345 ll.
1141 5293 1247 5356 cimbot]
1264 5292 1362 5344 iubebat
1378 5295 1395 5344 S
1414 5321 1442 5331 -
1465 5296 1506 5344 444.
1524 5296 1555 5345 de
1575 5297 1651 5346 latins

315 5366 452 5416 manis
467 5365 540 5416 Asiae
556 5366 650 5417 comen
668 5367 723 5429 (sici
735 5369 755 5418 T
769 5396 795 5405 —
814 5374 849 5419 est
865 5369 959 5418 &tam
975 5370 1033 5420 ST:
1052 5371 1144 5420 dicem
1160 5375 1196 5419 est
1210 5370 1287 5419 ALO
1301 5396 1328 5407 -
1348 5371 1388 5420 44.
1400 5368 1558 5420 Acmonensis
1573 5371 1649 5422 SAF

316 5440 432 5505 (ubique)
453 5468 478 5476 -
498 5441 610 5491 Procedit
626 5454 690 5491 anns
705 5440 859 5505 Asclepiades
876 5443 958 5493 babel
974 5446 993 5494 B
1010 5471 1037 5479 -
1057 5445 1097 5495 48.
1115 5446 1249 5508 Prodeant]
1264 5446 1388 5496 Prodeant
1403 5446 1478 5496 celeri
1494 5446 1541 5496 FL
1558 5471 1586 5482 -
1605 5448 1647 5498 20.

315 5517 855 5582 enimompcs-raeasensrlz
875 5519 1511 5572 dasaLO-ccuSTA2ccr1me'liaFL0-
1525 5522 1567 5572 25.
1585 5522 1650 5573 dra-

314 5605 386 5656 gmas
396 5592 509 5642 Isecclss
522 5591 615 5641 dedisse
628 5593 659 5652 S;
678 5593 858 5644 mmbmcmm
875 5606 942 5644 caru
958 5595 1049 5645 dedisse
1061 5595 1125 5654 TA3
1144 5596 1454 5646 drachmasccrudedisse
1464 5594 1497 5655 F3
1515 5597 1651 5647 drachmas

315 5678 371 5717 cerr
382 5666 504 5716 dedisseL
519 5691 546 5700 -
565 5665 605 5714 44.
618 5664 649 5715 At
666 5666 712 5716 SA
732 5693 759 5703 -
777 5669 884 5719 seslnllio
902 5669 1019 5733 (ubique)
1033 5673 1050 5720 S
1069 5697 1096 5706 -
1116 5671 1157 5722 28.
1176 5677 1199 5721 et
1216 5673 1300 5722 oms
1321 5697 1347 5707 -
1365 5672 1650 5726 annumeramus

315 5739 433 5791 bebetB
453 5769 480 5779 -
506 5740 547 5791 34.
565 5740 705 5792 bnbnernnt
721 5742 780 5792 cod.
800 5745 881 5794 oxon.
900 5760 918 5804 χ
937 5749 964 5796 et
981 5747 1113 5797 Faernus:
1136 5745 1268 5795 moneant
1285 5748 1387 5798 STAL
1405 5771 1433 5781 -
1458 5744 1499 5796 36.
1517 5747 1603 5797 iecerit
1618 5750 1648 5798 P.

315 5816 446 5868 Victorius
464 5817 533 5880 (Ver.
552 5817 623 5866 Lecl.
642 5817 711 5878 44444,
730 5816 784 5878 iil:
803 5818 889 5881 legerit
905 5820 981 5870 STA
992 5822 1020 5871 4..
1043 5820 1082 5870 Cl.
1101 5832 1149 5884 pro
1166 5821 1287 5880 Quinctio
1305 5820 1320 5884 ἓ
1336 5819 1353 5870 8
1370 5821 1405 5884 (p.
1418 5818 1443 5881 3,
1462 5819 1512 5883 40).
1527 5845 1556 5860 -·
1571 5823 1651 5886 perti·

315 5904 448 5946 mercenses
463 5892 493 5942 s:
508 5892 781 5956 petenensem
796 5894 1002 5957 pertimescentes
1018 5895 1093 5952 FLO
1113 5921 1140 5931 -
1159 5893 1200 5948 ³8.
1218 5899 1341 5958 exoptato
1356 5894 1385 5948 T.
