3800 7350
200 4630 215 4675 4

328 1210 391 1277 790
700 1210 853 1277 ORATIO
874 1211 954 1277 PRO
976 1209 1129 1277 nnuma
1150 1211 1284 1278 POETA

328 1386 413 1463 Quia
434 1383 616 1470 suppeditat
635 1384 743 1458 nobis,
770 1383 826 1445 ubi
856 1390 888 1446 et
907 1383 1035 1446 animus
1057 1402 1097 1446 ex
1117 1381 1180 1445 hoc
1200 1380 1319 1445 lorensi
1341 1382 1476 1465 strepitu
1496 1377 1657 1447 reficiatur

327 1488 360 1543 et
380 1500 473 1544 aures
494 1478 638 1542 convicio
659 1476 803 1542 defessae
825 1477 1062 1561 conquiescant
1097 1477 1147 1539 An
1169 1483 1204 1540 tn
1225 1477 1387 1541 existimas
1409 1482 1464 1540 ant
1484 1482 1657 1560 suppetere

325 1574 417 1637 nobis
438 1592 548 1657 posse,
569 1573 657 1656 qnod
678 1572 823 1655 qnotidie
844 1571 984 1634 dicamus
1013 1572 1047 1633 in
1075 1577 1161 1633 tanta
1182 1572 1333 1636 varietate
1356 1589 1480 1643 rerum,
1505 1570 1569 1634 nisi
1588 1570 1658 1634 ani-

326 1686 396 1729 mos
417 1670 543 1729 nostros
564 1666 708 1729 doctrina
729 1663 929 1737 excolamus,
952 1671 1005 1727 aut
1026 1662 1109 1727 ferre
1131 1664 1254 1727 animos
1276 1670 1396 1728 tantam
1415 1681 1510 1746 posse
1524 1666 1657 1725 eonten-

301 1760 463 1833 ttionem,
493 1760 555 1823 nisi
584 1779 640 1822 eos
669 1759 812 1822 doctrina
839 1756 950 1820 eadem
979 1757 1179 1820 relaxemus?
1211 1758 1279 1840 Ego
1307 1776 1384 1820 vero
1408 1756 1513 1820 fateor
1531 1775 1583 1818 me
1603 1755 1656 1820 bis

325 1852 438 1917 studiis
466 1873 536 1918 esse
565 1853 725 1916 deditum:
754 1858 875 1915 ceteros
902 1850 1036 1935 pudeat,
1064 1849 1092 1913 si
1120 1850 1174 1934 qui
1197 1852 1240 1914 ita
1262 1869 1297 1913 se
1318 1849 1435 1914 litteris
1456 1847 1656 1925 abdidemnt,

324 1953 360 2011 ut
388 1947 468 2011 nihil
495 1948 619 2032 possint
645 1966 685 2010 ex
715 1946 754 2009 iis
786 1963 892 2029 neque
913 1942 955 2007 nd
976 1964 1176 2009 communem
1197 1946 1310 2008 afferre
1331 1940 1470 2007 fructum
1492 1961 1599 2027 neque
1621 1943 1656 2007 in

252 2098 256 2105 .
324 2039 505 2125 adspectum
525 2042 694 2124 lucemque
715 2038 876 2122 proterre3
899 2057 950 2101 me
971 2046 1077 2102 antem
1092 2040 1169 2122 quid
1191 2037 1327 2121 pudeat,
1350 2038 1407 2122 qui
1427 2044 1590 2102 totannos
1611 2039 1656 2103 ita

324 2133 413 2208 vivo,
434 2134 573 2209 iudices,
595 2141 630 2198 ut
651 2153 670 2196 a
691 2132 810 2196 nullius
831 2149 985 2215 umquam
1006 2150 1056 2195 me
1078 2139 1219 2216 tempore
1234 2139 1289 2196 ant
1303 2131 1470 2196 commodo
1485 2138 1540 2194 aut
1554 2131 1655 2195 otium

288 2235 431 2290 tomeum
458 2228 646 2292 abstraxerit
668 2233 723 2290 aut
744 2226 892 2310 voluptas
914 2225 1054 2288 avocarit
1074 2233 1130 2289 aut
1151 2226 1288 2311 denique
1309 2238 1441 2289 somnus
1462 2223 1655 2288 rennuunt

326 2316 377 2383 43.
399 2320 504 2396 Quare
534 2322 606 2404 quis
633 2319 761 2383 tandem
790 2339 841 2383 me
871 2317 1082 2401 reprehendat
1103 2327 1157 2383 aut
1178 2319 1250 2403 quis
1271 2318 1349 2383 mibi
1369 2320 1439 2382 iure
1461 2325 1654 2394 suscenseat,

325 2413 368 2490 si,
397 2420 551 2497 qnantum
581 2414 694 2477 ceteris
716 2413 756 2476 ad
778 2429 852 2477 suns
873 2432 925 2476 res
946 2413 1127 2487 obeundas,
1157 2419 1311 2497 quantum
1332 2411 1373 2475 ad
1392 2412 1493 2476 festos
1513 2412 1583 2475 dies
1603 2413 1655 2476 lu-

325 2509 438 2572 dorum
467 2506 692 2582 celebrandos,
720 2514 871 2591 quantum
902 2507 942 2569 ad
971 2507 1049 2571 alias
1071 2507 1248 2591 voluptates
1271 2514 1303 2569 et
1324 2505 1487 2589 adipeam
1507 2506 1655 2590 requiem

325 2600 421 2665 animi
443 2608 476 2663 et
496 2599 637 2683 corporis
659 2600 845 2664 conceditur
866 2609 1062 2684 temporum,
1085 2607 1239 2683 qnantum
1253 2600 1308 2663 alii
1329 2599 1475 2664 tribuunt
1495 2603 1655 2685 tempesti-

288 2696 371 2759 tovis
398 2694 567 2768 conviviis,
601 2702 753 2778 quantum
783 2696 919 2779 denique
948 2694 1090 2770 alveolo,
1123 2701 1278 2778 quantum
1299 2692 1400 2776 pilae,
1431 2699 1556 2758 tantum
1575 2695 1656 2758 mibi

324 2796 449 2872 egomet
469 2785 510 2849 ad
531 2787 612 2852 baec
633 2789 737 2851 studia
759 2787 928 2852 recolenda
951 2792 1137 2871 sumpsero?
1165 2790 1270 2872 Atque
1298 2786 1360 2850 hoc
1381 2807 1419 2851 eo
1440 2786 1521 2849 mibi
1541 2808 1655 2853 conca·

325 2881 464 2945 dendum
492 2889 542 2945 est
569 2883 684 2965 magis,
719 2882 804 2966 quod
836 2902 876 2945 ex
905 2882 955 2946 his
977 2883 1091 2947 studiis
1111 2883 1191 2946 baec
1213 2900 1341 2966 quoqne
1363 2882 1477 2945 crescit
1499 2881 1601 2946 oratio
1622 2889 1657 2944 et

323 2975 473 3050 facultas,
495 2995 597 3060 quae,
620 2982 875 3060 quantacumque
898 2977 931 3038 in
954 2997 1004 3039 me
1027 2984 1092 3051 est,
1114 2995 1289 3060 numquam
1310 2976 1482 3039 amicorum
1503 2975 1654 3059 periculis

325 3069 435 3133 detuit.
469 3069 559 3144 Quae
582 3069 609 3132 si
631 3070 682 3132 cni
705 3069 804 3133 levior
823 3069 966 3144 ridetur,
988 3069 1044 3133 illa
1065 3069 1194 3154 quidem
1208 3077 1311 3145 certe,
1334 3089 1416 3154 quae
1434 3089 1557 3134 summa
1570 3075 1654 3144 sunt,

287 3177 366 3228 snex
388 3183 453 3247 quo
474 3162 563 3227 sonte
583 3163 727 3227 hauriam
757 3164 869 3226 sentio.
914 3159 964 3225 44.
985 3165 1066 3227 Nam
1094 3166 1156 3227 nisi
1182 3165 1354 3227 multorum
1374 3164 1551 3247 praeceptis
1572 3162 1655 3226 mul·

276 3253 304 3276 ‘⁹
325 3257 431 3341 tisque
451 3256 565 3320 litteris
587 3255 666 3320 mihi
687 3255 727 3333 ab
749 3256 964 3321 adolescentia
986 3260 1173 3332 suasissem,
1200 3258 1282 3320 nihil
1304 3277 1374 3321 csse
1396 3258 1429 3320 in
1450 3259 1516 3320 vitu
1536 3276 1653 3341 magno

325 3370 421 3434 opere
450 3350 664 3432 expetendum
693 3352 754 3415 nisi
783 3351 910 3414 laudem
940 3358 1037 3437 atque
1061 3352 1276 3426 honestatem,
1305 3351 1339 3413 in
1360 3370 1399 3415 ea
1419 3359 1524 3415 autem
1544 3371 1655 3435 perse-

326 3444 453 3530 quenda
478 3463 587 3508 omnes
618 3446 773 3509 cruciatus
801 3447 956 3529 corporis,
986 3447 1091 3510 omnia
1117 3445 1258 3529 pericula
1286 3444 1396 3508 mortis
1423 3450 1520 3529 atque
1548 3445 1654 3508 exsilii

326 3540 415 3624 parvi
438 3559 508 3602 esse
531 3537 689 3613 ducenda,
712 3558 884 3622 numquam
906 3559 956 3602 me
978 3560 1036 3623 pro
1059 3540 1160 3603 salute
1173 3544 1279 3602 vestra
1298 3538 1332 3601 in
1355 3544 1403 3600 tot
1423 3557 1460 3601 ac
1479 3545 1584 3603 tantm
1605 3539 1655 3602 di·

287 3634 511 3698 asmicationes
533 3638 632 3717 atque
653 3632 686 3695 in
709 3633 767 3696 lros
789 3635 1027 3718 profligatorum
1048 3633 1213 3697 bominum
1227 3632 1432 3717 quotidianos
1446 3633 1584 3718 impetus
1597 3634 1655 3698 ob·

325 3729 480 3792 iecissem.
517 3726 579 3790 Sed
609 3727 696 3810 pleni
725 3748 835 3791 omnes
856 3736 930 3791 sunt
951 3729 1041 3802 libri,
1069 3729 1182 3811 plenae
1205 3728 1396 3810 sapientium
1417 3747 1530 3803 voces,
1555 3728 1655 3813 plena

326 3821 544 3906 exemplomm
573 3828 731 3896 vetustas,
759 3842 843 3906 qnae
864 3823 1005 3886 iacerent
1025 3824 1058 3885 in
1081 3822 1219 3884 tenebris
1241 3821 1365 3894 omnia,
1395 3821 1456 3884 nisi
1476 3820 1654 3885 litterarum

325 3917 433 3981 lumen
454 3915 631 3980 accederet
664 3915 766 3990 Quam
789 3917 905 3979 multas
923 3917 1016 3979 nobis
1031 3916 1184 3999 imagines
1197 3935 1263 3979 non
1278 3915 1382 3978 solum
1397 3915 1438 3979 ad
1453 3915 1652 3992 inurendum,

325 4031 435 4075 verum
464 4011 560 4074 etiam
589 4009 629 4071 ad
658 4010 845 4073 imitandum
867 4010 1112 4073 fortissimorum
1133 4010 1273 4073 virorum
1295 4028 1463 4092 expressas
1483 4010 1654 4092 scriptores

288 4112 358 4168 eost
378 4104 490 4168 Graeci
513 4111 545 4167 et
566 4104 670 4167 Latini
691 4104 904 4187 reliquerunt!
927 4124 1007 4187 quas
1029 4124 1088 4187 ego
1110 4103 1186 4166 mihi
1207 4122 1333 4184 semper
1352 4102 1387 4166 in
1404 4102 1654 4168 administranda

325 4217 359 4261 re
385 4198 511 4280 publica
540 4216 723 4280 proponens
750 4198 890 4260 animum
912 4205 944 4261 et
965 4205 1102 4261 mentem
1123 4217 1226 4261 meam
1245 4196 1318 4279 ipsa
1338 4197 1528 4280 cogitatione
1549 4196 1652 4261 homi-

326 4313 402 4355 num
424 4291 644 4355 excellentium
666 4291 908 4355 conformabam.

410 4388 478 4450 Vll.
500 4382 552 4448 45.
582 4386 720 4461 Quaeret
746 4386 918 4470 quispiam:
954 4385 1062 4461 Quint
1097 4385 1143 4448 illi
1176 4384 1237 4469 ipsi
1264 4384 1378 4447 summi
1407 4385 1486 4460 viri,
1516 4405 1652 4469 quorum

327 4481 456 4543 virtutes
478 4480 589 4542 litteris
610 4481 755 4565 proditae
779 4487 868 4553 sunt,
898 4479 1000 4543 istane
1023 4479 1181 4553 doctrina,
1207 4499 1304 4561 quam
1325 4486 1359 4541 tn
1381 4478 1474 4542 effers
1494 4477 1652 4555 laudibus,

287 4574 442 4637 aeernditi
471 4571 622 4637 fuerunt?
666 4570 803 4637 Difficile
835 4577 883 4635 est
911 4572 974 4635 hoc
996 4573 1036 4636 dc
1058 4572 1205 4636 omnibus
1228 4571 1431 4648 confirmare3
1460 4572 1517 4635 sed
1546 4578 1653 4635 nmen

326 4676 374 4732 est
394 4675 529 4744 certum,
552 4667 628 4753 quid
649 4666 869 4751 respondeam.
904 4666 973 4748 Ego
996 4665 1109 4730 multos
1130 4665 1277 4730 homines
1299 4665 1468 4730 excellenti
1489 4666 1594 4732 animo
1616 4687 1654 4731 ac

393 4933 417 4981 t.
436 4931 536 4981 4444444
552 4932 594 4992 so]
611 4931 676 4980 44444
692 4929 734 4980 lea
750 4930 828 4981 GEP
853 4959 880 4968 —
907 4932 932 4982 3.
950 4932 1039 4982 reddis
1055 4933 1076 4982 G
1099 4957 1127 4967 -
1150 4930 1175 4983 4.
1192 4931 1463 4982 docoioo--coimoa
1483 4943 1538 4983 om.
1556 4931 1605 4983 ΕΡ
1623 4956 1652 4967 -

324 5009 350 5058 6.
368 5020 394 5056 se
408 5007 445 5056 ita
462 5007 481 5055 L
501 5032 527 5041 -
547 5005 572 5055 4.
590 5005 621 5054 iis
638 5004 795 5068 Madvigius:
812 5005 851 5055 444
867 5008 957 5057 ceteri.
979 5034 1006 5043 -
1025 5007 1050 5056 9.
1068 5020 1086 5056 o
1101 5006 1327 5057 nudiusGEAL:
1346 5006 1378 5056 ob
1394 5005 1523 5057 4444444440
1543 5031 1570 5041 -
1588 5019 1655 5056 4444-

323 5083 425 5133 monem
441 5080 519 5131 codd.
538 5080 760 5141 Lagomarsiniani
776 5081 909 5144 quinque,
927 5082 978 5132 AL
995 5082 1112 5145 (44444444
1122 5086 1167 5131 aet
1177 5083 1439 5143 conmodmomeaem,
1457 5079 1551 5132 deletis
1562 5080 1653 5132 verbis

324 5163 370 5208 net
386 5159 477 5217 otium,
496 5155 670 5216 Garatonius.)
690 5182 716 5192 —
738 5156 778 5207 to.
797 5159 944 5207 4444444444
961 5159 982 5207 G
1000 5182 1027 5193 -
1047 5156 1087 5207 43.
1105 5158 1174 5220 ipsos
1190 5160 1211 5208 G
1227 5184 1255 5194 -
1275 5156 1316 5208 tl.
1335 5159 1452 5221 more
1467 5170 1531 5209 cum
1546 5156 1590 5209 ed.
1607 5156 1654 5208 Al-

323 5232 385 5283 dine
402 5233 422 5282 4
441 5257 468 5268 -
487 5232 528 5280 tt.
547 5229 643 5280 olueolo
660 5231 737 5280 GEP
755 5231 789 5293 (in
807 5234 828 5281 G
846 5231 905 5283 ead.
924 5245 961 5282 m.
973 5245 1108 5297 superscr.
1122 5232 1178 5284 «vel
1196 5232 1290 5296 dmi:
1307 5233 1379 5284 eleae
1389 5234 1469 5285 440
1482 5259 1510 5270 -
1529 5238 1654 5297 quanm

323 5307 473 5368 deniqoen
482 5304 558 5370 pa'loc]
577 5307 638 5367 quio
653 5306 733 5368 eloqui
751 5308 807 5368 pito
823 5309 840 5357 S
859 5335 885 5343 —
906 5309 945 5358 46.
964 5321 993 5358 44
1009 5307 1166 5360 Lambinus:
1192 5310 1246 5359 ideo
1264 5308 1342 5360 codd.
1362 5309 1586 5374 Lngomnrsinlani
1601 5321 1654 5359 un·

323 5380 421 5443 decim,
438 5382 474 5439 Α;
493 5380 555 5429 odeo
565 5381 637 5430 GEO
655 5380 741 5442 (sequa
756 5382 784 5431 444
799 5396 827 5432 co
843 5383 903 5433 mibi
920 5383 1010 5434 Nauck
1027 5385 1053 5433 in
1071 5384 1153 5434 lahnii
1163 5383 1226 5435 444.
1240 5385 1303 5435 Noc.
1316 5385 1443 5448 Sopplsm.
1460 5384 1526 5434 Vlll.
1544 5396 1571 5448 p.
1583 5383 1652 5446 494.)

324 5482 353 5493 -
375 5456 416 5506 48.
434 5456 461 5504 in
479 5468 519 5505 me
535 5460 569 5505 est
585 5457 648 5506 AL:
674 5460 709 5505 est
724 5457 751 5506 44
766 5470 807 5508 me
822 5458 856 5518 03
879 5465 914 5509 444
931 5473 985 5510 om.
1005 5460 1083 5509 GEP
1102 5486 1129 5496 -
1152 5460 1193 5509 st.
1209 5461 1422 5523 4444ωωὶ444444
1446 5486 1474 5496 -
1501 5470 1653 5524 manuopera

323 5531 430 5582 GEAL
448 5556 476 5566 ·-
494 5529 536 5579 43.
548 5531 627 5580 omnis
643 5532 664 5579 G
683 5556 710 5565 -
729 5532 807 5581 444444
823 5533 910 5583 GEP.
937 5533 976 5584 Ct.
994 5533 1162 5597 Wesenberg
1178 5534 1213 5584 ad
1229 5548 1269 5585 or.
1287 5547 1314 5599 p.
1333 5536 1418 5585 Sestio
1435 5548 1462 5600 p.
1474 5534 1516 5585 34.
1534 5547 1561 5584 n.
1579 5534 1605 5584 2.
1621 5558 1650 5569 -

321 5607 363 5658 25.
379 5606 572 5670 permeatorem
587 5606 643 5670 (per
654 5607 852 5670 compendium)
865 5609 884 5659 E
897 5635 923 5644 -
942 5609 1080 5660 cotidianos
1096 5613 1157 5660 G-
1176 5612 1330 5662 4444444444
1346 5609 1472 5663 Halmius.
1487 5638 1514 5648 -
1527 5610 1569 5661 46.
1578 5610 1652 5673 pleae

323 5684 344 5732 G
361 5706 388 5717 —
407 5687 464 5732 4444
480 5682 593 5732 4444444
612 5707 640 5716 -
656 5682 728 5743 plane
744 5684 765 5733 G
780 5709 806 5719 —
825 5684 965 5746 sapientem
981 5686 1000 5734 L
1019 5710 1047 5721 -
1064 5685 1106 5735 48.
1125 5687 1268 5736 accenderet
1283 5685 1342 5736 EA.
1367 5685 1405 5736 Ct.
1423 5684 1479 5737 Val.
1497 5686 1565 5735 llex.
1582 5685 1649 5753 vul,

323 5754 363 5817 44,
377 5757 408 5806 t:
425 5757 447 5806 44
463 5761 546 5808 mmm
560 5757 703 5808 titteromm
719 5772 815 5820 qnoque
830 5759 912 5809 lumen
927 5759 977 5810 44444
993 5760 1139 5810 accersisset.
1158 5786 1186 5797 -
1204 5760 1246 5812 34.
1264 5763 1336 5824 amre
1351 5760 1467 5813 44444444
1482 5762 1546 5812 GE:
1565 5760 1650 5811 toedi-

320 5829 367 5957 pprr
382 5832 454 5957 erpere
469 5831 548 5882 440
562 5857 589 5870 -
608 5832 649 5883 36.
667 5832 735 5894 qood
750 5835 799 5887 GE
817 5832 861 5896 (444
876 5835 942 5896 qaod
957 5836 1121 5899 respondeam
1137 5834 1225 5888 deleto
1241 5850 1268 5890 v.
1281 5841 1377 5888 4444444
1393 5836 1605 5901 Mommsenius.)
1618 5863 1647 5876 -

343 5918 390 5970 rqo
434 5907 463 5957 P.
