3800 7350
704 1208 780 1274 cu.
800 1205 923 1272 1-111.
952 1204 998 1291 §s
1021 1201 1125 1271 t-o.
1519 1199 1584 1269 sse

263 1395 360 1462 qum
380 1378 408 1441 si
430 1377 597 1441 obscurata
619 1398 683 1441 uon
705 1385 821 1441 essent.
863 1379 935 1461 Ipsa
958 1385 1063 1440 autem
1083 1377 1200 1461 patria,
1230 1376 1264 1441 di
1284 1377 1494 1441 immortales!
1524 1378 1586 1441 dici

262 1473 317 1536 rix
336 1479 443 1555 potest
463 1472 540 1554 quid
563 1471 717 1545 caritatis,
751 1471 830 1554 quid
851 1472 1022 1554 voluptatis
1044 1470 1174 1533 babeatl
1207 1491 1289 1553 quae
1311 1472 1433 1553 species
1461 1471 1585 1535 ltaliael

261 1583 346 1648 quae
359 1564 526 1628 celebritas
541 1564 749 1646 oppidorum!
773 1584 855 1648 quae
869 1565 973 1627 torma
986 1564 1170 1647 regionum!
1193 1566 1250 1647 qui
1264 1565 1349 1646 ugril
1365 1584 1447 1648 quac
1462 1565 1585 1648 fruges!

261 1677 344 1739 quac
363 1657 567 1743 pulchritudo
589 1657 692 1721 urbisl
716 1678 798 1741 quae
820 1658 999 1722 humanitas
1014 1658 1145 1721 civiuml
1169 1678 1251 1742 quae
1264 1660 1308 1722 rei
1323 1659 1469 1741 publicae
1485 1659 1587 1740 digni-

261 1751 326 1814 tasl
348 1770 431 1835 quae
453 1759 558 1815 vestra
581 1752 743 1814 maiestas!
769 1751 891 1826 Quibus
913 1770 973 1833 ego
995 1751 1143 1814 omnibus
1165 1761 1256 1814 antea
1278 1753 1371 1815 rebus
1393 1753 1438 1814 sic
1452 1750 1612 1825 fanenses

261 1850 297 1907 ut
323 1861 419 1908 nemo
450 1844 560 1926 magis.
601 1846 662 1908 Sed
693 1853 853 1927 tamquam
874 1847 958 1909 bona
979 1844 1128 1908 valetudo
1149 1845 1317 1909 iucundior
1338 1853 1388 1909 cst
1406 1846 1462 1919 iis,
1491 1845 1587 1928 quic

261 1938 349 2019 gravi
365 1938 477 2000 morbo
495 1940 628 2001 recreati
644 1946 727 2011 sunt,
745 1959 839 2021 quam
855 1938 910 2022 qui
929 1958 1105 2022 numquam
1120 1958 1215 2021 aegro
1231 1958 1365 2021 corpore
1381 1938 1526 2002 luerunt:
1541 1941 1586 2001 sic

261 2030 341 2095 baec
356 2033 465 2100 omnia
478 2031 656 2096 desiderata
669 2020 768 2115 magis
780 2052 874 2115 quam
889 2032 1017 2094 assidue
1032 2039 1179 2115 percepta
1191 2032 1358 2096 delectant.
1383 2033 1422 2095 ll.
1438 2032 1468 2095 5.
1484 2033 1587 2109 Quor·

261 2143 332 2187 sum
353 2123 452 2206 igitur
471 2123 551 2188 baec
574 2124 723 2207 disputo‘l
746 2128 919 2207 quorsum?
939 2134 977 2187 ut
995 2125 1171 2208 intelligere
1185 2128 1323 2209 possitis,
1345 2127 1503 2190 neminem
1519 2147 1586 2189 unr-

260 2236 358 2299 quam
378 2224 467 2280 tauta
487 2218 671 2301 eloquentia
694 2216 792 2280 luisse
813 2237 919 2300 uequc
941 2227 1005 2280 tam
1027 2219 1134 2282 divino
1155 2227 1253 2303 atque
1276 2220 1450 2299 incredibili
1471 2239 1623 2302 generem

262 2308 404 2384 dicendi,
425 2312 480 2393 qui
502 2319 639 2374 vestram
663 2310 912 2393 magnitudinem
927 2312 1226 2397 multitudinemque
1240 2313 1476 2386 beneficiorum,
1491 2334 1585 2396 quam

260 2402 295 2465 iu
316 2423 368 2469 me
388 2404 583 2487 fratremque
605 2423 711 2465 merim
733 2412 766 2466 et
787 2402 903 2466 liberos
926 2414 1050 2468 nostros
1065 2406 1257 2480 contulistis,
1279 2427 1344 2470 non
1360 2407 1454 2469 modo
1469 2425 1586 2488 augere

261 2505 314 2560 aut
336 2516 450 2562 ornare
472 2499 632 2570 oratioue,
660 2497 717 2561 sed
739 2517 925 2559 enumerare
946 2506 1002 2560 aut
1015 2501 1175 2582 ‘consequi
1198 2500 1309 2582 possit.
1343 2502 1586 2583 sperantibus,

261 2589 295 2652 id
317 2591 405 2673 quod
427 2610 558 2654 necesse
581 2601 667 2665 erat,
697 2611 812 2673 parvus
833 2612 903 2653 sum
926 2602 1124 2673 procreatus:
1154 2614 1171 2655 a
1195 2594 1285 2656 vobis
1306 2602 1398 2657 natus
1420 2617 1489 2658 sum
1511 2616 1587 2658 con·

262 2683 385 2748 suturis.
421 2686 472 2747 llli
493 2685 571 2747 mibi
591 2684 720 2748 imtrem
743 2685 937 2766 incognitum
960 2684 1064 2766 qualis
1085 2685 1209 2748 futurus
1232 2694 1317 2750 esset
1337 2687 1507 2752 dederunt:
1530 2709 1624 2754 roste

261 2785 437 2859 spectatum
458 2785 490 2840 et
510 2780 690 2843 incredibili
711 2780 828 2861 pietate
850 2779 1013 2861 cognitum
1035 2779 1227 2844 reddidistis.
1259 2782 1337 2844 Rem
1350 2782 1508 2864 publicam
1523 2783 1587 2846 illis

261 2870 369 2952 accepi
390 2872 584 2953 temporibus
606 2892 692 2947 eam,
716 2892 798 2955 quae
821 2892 922 2954 paene
943 2873 1061 2935 amissa
1082 2882 1183 2935 esset:
1213 2873 1343 2939 avobis
1371 2896 1441 2939 eum
1466 2876 1587 2959 recipe-

261 2964 342 3037 rari,
373 2983 470 3047 wem
501 2965 674 3050 aliquando
704 2985 814 3028 omnes
842 2966 937 3027 unius
967 2984 1064 3047 opera
1094 2976 1249 3030 servatam
1281 2967 1511 3033 iudicaverunt.
1547 2970 1586 3032 lli

261 3054 455 3120 immortales
477 3058 555 3121 mibi
577 3059 692 3122 liberos
709 3058 884 3121 dederunt:
905 3079 963 3121 vos
984 3058 1176 3122 reddidistis.
1209 3061 1307 3125 Multa
1327 3069 1491 3144 praeterea
1505 3083 1523 3126 a
1538 3062 1587 3125 dis

261 3150 489 3214 immortalibus
511 3159 618 3235 optata
641 3153 802 3216 consecuti
824 3172 950 3214 sumus:
973 3152 1035 3214 nisi
1055 3162 1158 3214 vestra
1172 3153 1317 3217 voluntas
1338 3155 1466 3230 luisset,
1487 3158 1625 3223 omni-ao

261 3242 319 3306 bus
340 3243 458 3308 divinis
479 3247 664 3309 muneribus
685 3265 872 3309 careremus.
903 3246 1034 3308 Vestros
1051 3246 1189 3329 denique
1205 3246 1352 3322 bonores,
1366 3268 1448 3331 quos
1463 3268 1588 3312 cramus

262 3336 415 3419 pedatim
438 3338 580 3420 singulos
601 3341 753 3413 assecuti,
775 3360 860 3401 nune
882 3357 900 3400 a
922 3339 1014 3401 vobis
1037 3341 1203 3402 uniuersos
1224 3340 1393 3404 babemus:
1416 3349 1464 3417 ut,
1487 3364 1588 3427 quau·

263 3438 327 3493 tum
354 3438 451 3495 antea
477 3433 679 3514 parentibus,
714 3440 866 3516 quantum
896 3432 945 3495 dis
974 3432 1222 3506 immortalibus,
1253 3441 1406 3517 quantum
1434 3437 1589 3500 vobismet

263 3524 349 3606 ipsis,
372 3531 494 3589 tautum
515 3525 577 3589 boc
598 3534 742 3609 tempore
763 3528 945 3589 universum
968 3532 1083 3588 cuncto
1104 3528 1224 3609 populo
1247 3529 1388 3591 Romano
1409 3530 1588 3593 debeamus.

346 3616 377 3683 6.
399 3619 478 3682 Nam
500 3640 571 3683 cum
593 3620 627 3683 in
650 3620 722 3702 ipso
743 3616 898 3684 beneficio
922 3627 1028 3682 vestro
1052 3628 1138 3684 tanta
1159 3619 1345 3704 magnitudo
1366 3632 1431 3698 est,
1462 3633 1497 3687 ut
1518 3644 1625 3689 camss

263 3713 429 3796 complecti
456 3715 598 3777 oratioue
627 3734 691 3777 non
719 3715 858 3796 possim,
889 3723 954 3777 tum
978 3714 1010 3775 in
1036 3714 1149 3777 studiis
1170 3716 1284 3778 vestris
1305 3725 1393 3778 tauta
1413 3718 1587 3779 animorum

263 3804 422 3869 declarata
451 3814 500 3870 est
522 3807 685 3881 voluntas,
715 3816 836 3871 utnon
860 3808 960 3872 solum
984 3807 1192 3870 calamitatem
1216 3807 1293 3869 mibi
1316 3808 1508 3883 detraxisse,
1531 3810 1586 3872 sed

263 3899 359 3962 etiam
380 3898 565 3981 dignitatem
587 3902 715 3966 auxisse
738 3901 920 3965 videamini.
965 3902 1019 3964 lll.
1043 3903 1112 3964 Non
1134 3902 1219 3964 enim
1242 3922 1300 3984 pro
1322 3922 1392 3965 meo
1411 3902 1530 3976 reditu,
1552 3912 1588 3964 ut

327 4170 352 4219 t.
370 4167 476 4219 macero
492 4171 514 4220 G
531 4194 559 4207 —
579 4171 604 4219 ut
621 4172 656 4220 P:
674 4171 710 4220 dit
727 4172 747 4221 0
765 4197 793 4206 -
812 4173 836 4220 2.
854 4169 943 4220 bubcot
961 4172 996 4220 L:
1015 4170 1086 4219 trabat
1104 4168 1182 4219 codd.
1198 4196 1224 4205 -
1244 4167 1268 4219 l.
1283 4169 1427 4231 pulcritudo
1444 4173 1503 4221 P-
1522 4172 1589 4220 orco

262 4243 283 4291 t}
300 4255 340 4306 pr.
359 4254 396 4294 m.
416 4269 443 4280 -
462 4246 487 4295 a.
504 4251 629 4309 muqcstos
646 4247 665 4295 P
683 4270 710 4282 -
737 4246 761 4295 6.
780 4248 822 4295 aed
838 4252 971 4308 tamquam
987 4245 1073 4296 sebol.
1093 4249 1120 4295 et
1137 4246 1197 4307 Lng.
1217 4246 1256 4294 to.
1275 4246 1323 4293 st:
1342 4245 1378 4293 stc
1393 4251 1522 4307 tamquam
1539 4249 1587 4296 Pu

262 4317 327 4378 em
345 4319 387 4369 aad
402 4320 465 4369 timu
481 4325 611 4382 tamquam
628 4322 645 4368 S
663 4322 690 4369 et
706 4318 761 4370 rell.
775 4322 853 4384 lagg.
874 4349 901 4358 -
920 4323 1037 4372 ualetudo
1053 4319 1139 4371 Schol.
1158 4323 1186 4369 et
1202 4321 1237 4369 P:
1255 4319 1370 4367 ualitudo
1387 4320 1492 4368 GESV
1509 4348 1541 4357 -
1558 4322 1589 4368 its

262 4392 365 4445 schol:
382 4394 420 4444 tta
436 4395 504 4453 mei3
522 4395 558 4444 etr
574 4396 594 4445 0
613 4421 640 4431 —
660 4406 743 4444 com.
762 4394 866 4449 schot.;
885 4399 911 4445 at
927 4408 954 4445 v.
973 4408 1011 4446 or.
1031 4395 1095 4446 Phil.
1114 4396 1149 4454 x.
1168 4394 1183 4457 5
1202 4395 1241 4444 te.
1260 4392 1326 4444 Flort
1344 4395 1411 4457 Eptt.
1426 4396 1459 4451 ΙΙ,
1476 4394 1516 4444 32.
1536 4396 1586 4454 (tv,

262 4470 318 4532 tt),
337 4468 352 4533 8
369 4468 411 4520 ll.
431 4493 458 4504 -
477 4469 502 4520 i.
520 4469 578 4518 u'B
597 4495 624 4504 —·
643 4469 667 4520 8.
686 4469 747 4518 baec
763 4471 833 4520 mei:
853 4472 962 4521 coo-
982 4472 1182 4520 adsiduucP—
1202 4470 1226 4520 9.
1244 4469 1341 4523 ttoth
1359 4469 1475 4519 tticE-
1493 4470 1589 4518 intelte-

261 4557 320 4609 pm
335 4545 385 4595 PG
402 4570 431 4583 -
448 4556 561 4606 tuaquom
578 4546 597 4595 P
616 4571 642 4582 -
663 4546 703 4594 tl.
720 4550 831 4595 oestrum
845 4548 921 4596 PGS
938 4549 966 4595 et
983 4547 1075 4610 begga
1095 4550 1208 4595 nostrum
1224 4544 1263 4603 V;
1280 4550 1425 4595 uostromun
1442 4546 1475 4603 E;
1494 4551 1590 4594 castro-

261 4632 320 4670 rum
337 4620 357 4670 0
375 4645 403 4657 -
427 4631 504 4682 quom
523 4619 576 4669 mci
599 4623 626 4670 et
648 4617 726 4682 Lagg.
751 4617 871 4685 plerique
895 4621 952 4683 (sed
974 4623 994 4671 P
1016 4634 1030 4669 a
1048 4633 1089 4685 pr.
1108 4633 1144 4669 m.
1164 4634 1228 4682 quo,
1252 4623 1283 4669 ut
1297 4620 1426 4683 videtum:
1444 4633 1508 4682 quoe
1524 4621 1544 4669 0
1562 4623 1590 4669 ct

263 4695 279 4744 a
294 4695 416 4759 1ης.-
435 4695 476 4751 tt.
493 4707 576 4744 uacua
592 4695 677 4745 oms
693 4697 722 4744 ct
738 4695 753 4745 t
771 4696 847 4758 lagg.
861 4721 887 4730 -
907 4695 1043 4757 liberosque
1060 4696 1092 4756 L,
1111 4698 1139 4744 ut
1156 4697 1198 4745 cst
1215 4707 1273 4758 pag.
1291 4695 1354 4754 ete,
1372 4695 1397 4744 6.
1418 4720 1445 4730 -
1465 4692 1504 4744 u.
1522 4708 1587 4754 pur-

261 4782 308 4819 oet
323 4781 377 4820 om.
398 4767 526 4832 thabet
542 4769 621 4819 etiam
639 4767 738 4830 Sebol.)
758 4796 785 4806 -
811 4775 887 4819 notus
902 4771 1042 4820 coumturts
1057 4783 1113 4819 sum
1130 4770 1180 4819 EV
1198 4796 1225 4806 -
1246 4772 1284 4820 tt.
1301 4781 1396 4831 poenae
1412 4770 1431 4818 P
1450 4795 1478 4805 -
1495 4771 1588 4817 ambro

262 4848 322 4895 mat
337 4842 458 4895 Ernesti:
476 4844 570 4893 umbro
585 4847 621 4892 cst
636 4843 715 4894 codd.
733 4846 762 4894 et
777 4845 812 4902 0;
831 4844 865 4895 ct.
883 4843 963 4896 Wolt.
981 4845 1015 4895 ad
1032 4846 1059 4895 b.
1078 4844 1095 4896 t.
1116 4871 1143 4881 -
1162 4859 1219 4895 som
1235 4846 1324 4908 Laud
1341 4845 1416 4894 ets:
1438 4844 1491 4893 tom
1508 4843 1587 4895 codd.

262 4915 319 4969 rell.
337 4918 401 4969 nott.
421 4943 448 4956 -
471 4919 512 4969 te.
531 4931 608 4981 opero
624 4920 685 4968 PS:
702 4932 776 4982 opera
792 4920 880 4978 GEV,
898 4923 926 4971 et
942 4920 957 4971 3
975 4920 1052 4984 Lagg.
1068 4948 1096 4957 -
1116 4921 1156 4971 ⁴9.
1175 4921 1263 4971 ttbcrm
1276 4921 1337 4970 mitt
1354 4920 1444 4971 Lamb.
1459 4921 1485 4970 tn
1503 4933 1587 4983 marg.

263 4991 336 5045 teet.
355 5017 384 5030 -
410 5004 429 5042 o
448 4994 487 5044 dtr
507 4994 540 5043 P:
566 5006 584 5044 o
605 4994 652 5043 dtis
673 4995 693 5044 0
716 5021 745 5045 ·-.
771 4994 812 5045 20.
832 4995 942 5057 ottuuaet
962 4996 1030 5045 coni.
1056 4994 1164 5053 Lamb.;
1189 4996 1290 5057 rccuset
1311 4996 1379 5044 coni.
1404 4996 1495 5045 nescio
1517 4997 1586 5057 quis.

263 5091 292 5104 -
309 5068 351 5119 st.
368 5080 511 5120 mercatus
526 5068 557 5128 S,
575 5065 675 5132 aliquot
690 5066 811 5127 Palatint,
836 5069 851 5118 7
868 5069 958 5131 Lagg,
975 5068 991 5117 2
1008 5069 1125 5119 Orcum:
1148 5071 1305 5119 commuue
1320 5070 1441 5127 eoru,
1464 5070 1585 5118 curuum·

262 5143 348 5194 usui
366 5141 445 5194 codd.
463 5141 601 5194 Barbertnt
618 5144 646 5192 ct
662 5140 762 5206 aliquot
778 5145 872 5206 impp:
890 5155 1055 5192 curreremus
1071 5144 1133 5207 Lag.
1151 5145 1198 5203 ra,
1217 5145 1227 5194 t
1249 5145 1331 5194 oron.
1350 5146 1377 5194 et
1392 5145 1413 5193 0
1430 5170 1457 5180 -
1482 5144 1523 5193 22.
1541 5143 1591 5192 ad-

263 5218 339 5269 me
354 5220 389 5278 1²3
413 5218 537 5269 omaus
553 5217 604 5267 sv
622 5244 649 5254 -
673 5218 714 5267 ss.
733 5218 771 5268 ao
790 5219 853 5268 eo:
876 5218 960 5268 uuo
980 5244 1007 5254 -
1031 5218 1150 5268 aarum
1166 5218 1225 5277 ev,
1244 5221 1274 5267 ut
1289 5216 1371 5267 vuuu
1387 5203 1479 5273 orem
1504 5217 1591 5264 mus

264 5293 350 5355 em,
367 5293 391 5344 sl
406 5291 449 5344 vel
466 5294 594 5354 mextme,
614 5305 666 5343 non
684 5305 748 5343 vero
763 5293 880 5342 somnust
894 5294 955 5355 tpu'r
966 5295 1064 5357 opponi
1081 5295 1185 5358 poterat
1196 5293 1276 5343 ettam
1288 5306 1303 5341 a
1315 5294 1369 5342 tam
1381 5290 1450 5343 melo
1461 5293 1590 5354 scriptore

263 5373 352 5419 uncto
364 5368 458 5432 populo
474 5369 536 5420 tto.»
556 5392 584 5405 -
602 5366 644 5419 st.
662 5368 807 5418 muscatam
823 5373 912 5418 cuncto
928 5369 1005 5418 Pus
1022 5370 1049 5418 et
1065 5368 1081 5419 9
1098 5370 1176 5432 lagg.
1195 5366 1320 5418 mattores
1337 5367 1394 5430 (sed
1410 5369 1431 5418 P
1445 5373 1533 5417 uncto
1547 5379 1592 5428 po-

260 5442 322 5505 pulo
342 5444 382 5495 sic
401 5441 499 5505 babet,
525 5447 554 5494 ut
573 5441 676 5494 litterae
699 5448 725 5494 to
743 5457 795 5506 pop
816 5444 844 5495 tn
860 5456 954 5494 rasura
972 5443 1069 5507 scripta
1086 5443 1152 5502 siut;
1178 5441 1284 5493 videtur
1299 5441 1362 5493 otim
1380 5442 1460 5493 tuisse
1476 5441 1590 5501 mactet:

262 5519 380 5568 moen
403 5523 492 5570 cuncto
512 5518 577 5579 EV;
602 5519 719 5570 osteum
739 5523 830 5568 umato
851 5517 913 5569 cod.
937 5517 1043 5568 Hotom.
1061 5520 1089 5568 et
1109 5516 1125 5569 t
1142 5519 1238 5581 Low
1263 5517 1400 5567 usuc-star
1416 5520 1504 5566 uacuo
1520 5514 1592 5564 cont.

264 5591 375 5654 tamb.;
391 5594 509 5644 mco
526 5595 589 5657 (om.
601 5595 698 5657 mco)
714 5592 756 5644 vet
772 5593 889 5645 uniuerso
904 5593 1034 5643 coemto
1049 5592 1172 5643 Garatoni
1189 5592 1246 5655 (sad
1263 5593 1288 5642 in
1307 5592 1369 5643 Cor.
1387 5602 1442 5641 sec.
1455 5587 1551 5641 suadet
1563 5589 1593 5637 ut

263 5667 409 5718 micum
423 5672 511 5719 mereto
528 5681 562 5718 cx
577 5665 651 5720 libris
669 5668 775 5733 optimis
790 5666 956 5732 reciprocum
980 5666 1026 5715 rut
1043 5667 1109 5728 tsine
1124 5670 1222 5728 macto)
1237 5666 1354 5725 Emesti3
1377 5666 1521 5714 micarum
1535 5675 1591 5712 om.

265 5743 348 5794 Oxou
366 5743 402 5805 tl,
421 5743 482 5806 Lag.
502 5743 527 5795 8.
545 5743 592 5802 Ἃ.
610 5743 631 5795 0
649 5771 677 5781 -
696 5743 809 5794 &bamur
825 5743 933 5794 PGEV
951 5744 979 5791 et
995 5742 1011 5791 6
1028 5742 1105 5805 lagg.
1125 5766 1153 5777 -
1172 5742 1214 5792 tt.
1231 5742 1259 5790 tc
1275 5743 1363 5792 om.P
1382 5763 1410 5776 -
1428 5739 1460 5786 stt
1475 5737 1591 5799 tages.

266 5840 294 5854 —·
310 5821 340 5868 st
354 5817 409 5868 tum
424 5819 445 5869 P
462 5843 490 5854 -
514 5818 556 5869 t't.
574 5819 712 5870 dacum
728 5819 787 5869 PS:
812 5817 957 5868 musaeus
973 5815 1054 5866 GEV
1071 5840 1099 5851 -
1124 5816 1165 5867 28.
1182 5829 1230 5879 pro
1245 5828 1300 5866 mco
1315 5816 1398 5866 ruditu
1413 5809 1512 5873 schol,
1530 5811 1547 5860 S
1565 5811 1593 5859 et

265 5894 387 5944 Pcorr.:
403 5905 452 5956 pro
467 5906 523 5946 mco
537 5897 594 5948 ratu
609 5895 629 5945 P
644 5907 684 5959 pr.
705 5906 759 5954 m.;
774 5906 824 5956 pro
839 5904 894 5944 mco
909 5895 985 5943 ructu
1000 5890 1090 5941 GEV.

305 5982 478 6034 amona.
1337 5980 1379 6048 54
