3800 7350
309 1224 392 1293 ll02
711 1226 863 1291 ORATIO
885 1225 1110 1291 PHILIPPICA
1130 1225 1214 1292 XIV.

413 1394 443 1462 l.
465 1398 575 1481 ltaque
597 1417 668 1460 cum
690 1396 936 1479 supplicationes
958 1396 1145 1482 iustissimas
1167 1414 1209 1458 ex
1229 1394 1270 1458 iis
1290 1393 1419 1470 litteris,
1445 1415 1528 1479 quae
1551 1394 1638 1458 reci·

307 1500 391 1559 tatae
412 1500 501 1566 sunt,
524 1492 693 1555 decernere
709 1478 907 1564 debeamus(
917 1476 1134 1573 Serviliusque
1151 1490 1338 1564 decreverit,
1360 1491 1482 1573 angebo
1498 1490 1637 1554 omnino

307 1608 472 1652 numerum
494 1585 631 1659 dieram,
653 1586 929 1668 praesertim‘cum
953 1604 1018 1646 uon
1040 1586 1114 1657 ani,
1136 1584 1192 1646 sed
1214 1583 1315 1646 tribus
1337 1584 1468 1647 ducibus
1490 1586 1556 1647 sint
1576 1583 1637 1647 de·

308 1680 493 1746 cernendae.
531 1678 593 1742 Sed
615 1678 676 1742 hoc
697 1680 833 1761 primum
854 1677 986 1751 faciam,
1007 1686 1043 1740 ut
1063 1677 1268 1761 imperatores
1287 1678 1443 1761 appellem
1458 1699 1531 1754 eos,
1554 1699 1639 1762 quo·

284 1794 376 1840 eram
399 1775 530 1849 virtute,
553 1773 702 1847 consilio,
723 1772 874 1836 felicitate
895 1772 1041 1834 maximis
1063 1772 1212 1853 periculis
1234 1774 1500 1855 servitutisatque
1523 1772 1638 1835 interi·

309 1877 359 1932 tus
381 1867 505 1931 liberati
527 1888 645 1932 sumus.
681 1866 806 1931 Etenim
828 1866 879 1940 cai
900 1865 1012 1947 viginti
1033 1865 1084 1928 his
1106 1867 1196 1929 anuis
1218 1866 1408 1956 supplicatio
1431 1865 1559 1929 decreta
1574 1873 1638 1940 est,

307 1971 429 2025 utnon
451 1963 623 2046 imperator
643 1960 872 2046 appellaretur,
899 1966 955 2022 aat
975 1959 1114 2022 minimis
1136 1960 1230 2023 rebus
1252 1960 1348 2042 gestis
1369 1967 1424 2023 aut
1443 1960 1637 2043 plerumque

308 2057 428 2121 nullisl
451 2057 617 2134 Quamob
639 2076 706 2119 rem
727 2062 782 2138 aut
803 2053 990 2138 supplicatio
1013 2054 1052 2116 ab
1076 2074 1131 2128 eo,
1154 2054 1210 2135 qui
1225 2062 1298 2124 ante
1312 2054 1410 2130 dixit,
1432 2052 1638 2127 decernenda

307 2171 373 2214 non
394 2150 470 2233 fuit,
492 2158 547 2215 aut
569 2152 703 2223 usitatus
724 2148 827 2212 honos
844 2147 1112 2231 pervulgataeque
1126 2146 1312 2211 tribuendus
1326 2147 1383 2232 iis,
1406 2148 1521 2232 quibus
1537 2148 1638 2211 etiam

271 2263 281 2310 t
308 2245 383 2308 novi
405 2245 645 2329 singularesque
668 2243 831 2306 debentur.
876 2242 914 2306 V.
937 2237 988 2304 lh.
1009 2243 1059 2304 An
1081 2242 1107 2304 si
1130 2231 1202 2326 quis
1220 2241 1436 2323 Hispanorum
1453 2242 1512 2306 ¹aut
1526 2241 1638 2305 Gallo·

307 2360 377 2403 rum
398 2345 452 2402 aut
473 2339 629 2402 Threcum
651 2338 737 2401 mille
759 2344 815 2400 aut
836 2336 899 2401 duo
921 2336 1009 2399 milia
1028 2335 1211 2411 occidisset,
1234 2354 1305 2398 eum
1320 2335 1638 2411 hacconsuetudine,

308 2452 390 2517 quae
419 2433 595 2508 increbuit,
624 2434 845 2516 imperatorem
877 2430 1050 2515 appellaret
1078 2436 1222 2493 senatus:
1251 2436 1299 2493 tot
1323 2430 1500 2511 legionibus
1521 2421 1697 2505 cassiod

307 2533 395 2591 tauta
417 2525 619 2590 multitudine
640 2525 780 2589 hostium
802 2524 967 2588 interfecta
989 2558 1026 2569 -
1050 2522 1189 2587 hostium
1210 2521 1310 2607 dico}
1325 2523 1385 2598 ita,
1406 2523 1554 2607 inquam,
1576 2524 1639 2589 ho·

206 2621 421 2715 metium,
451 2620 596 2705 quamvis
627 2619 687 2685 hoo
708 2620 761 2684 isti
789 2618 899 2682 hostes
918 2616 1084 2681 domestici
1107 2616 1272 2702 nolim(—
1297 2615 1478 2710 clarissimis
1500 2617 1639 2684 ducibus

309 2714 574 2799 supplicationum
608 2714 760 2778 honorem
793 2713 985 2787 tribuemus,
1006 2711 1255 2794 ¹imperatorium
1287 2730 1403 2774 nomen
1436 2713 1638 2779 adimemus?

233 2719 301 2931 ‘V
310 2808 437 2885 Quanto
459 2808 544 2871 enim
565 2795 704 2883 honore,
725 2806 861 2882 laetitia,
891 2805 1101 2888 gratulatione
1123 2805 1156 2867 in
1178 2804 1239 2869 hoc
1261 2805 1412 2888 templum
1434 2807 1557 2890 ingredi
1582 2808 1603 2870 d

307 2902 385 2965 beni
415 2902 462 2964 illi
491 2902 552 2986 ipsi
574 2902 668 2965 huius
692 2901 779 2965 urbis
802 2900 1004 2973 liberatores,
1035 2920 1107 2963 eum
1127 2898 1276 2962 hesterno
1300 2900 1352 2963 die
1375 2908 1504 2983 propter
1525 2921 1638 2965 eorum

309 3017 360 3061 res
382 3004 486 3080 gestas
509 3016 559 3059 me
583 3000 729 3060 orantem
752 3002 784 3058 et
804 3013 904 3079 prope
926 2993 1172 3075 triumphantem
1193 2993 1332 3076 populus
1347 2995 1506 3059 Romanas
1528 2996 1562 3058 iu
1579 2997 1639 3060 Ca·

308 3089 453 3175 pitoliurp
476 3091 568 3154 domo
590 3088 715 3163 tulerit,
737 3087 865 3152 domum
887 3087 962 3149 inde
984 3088 1168 3150 reduxerit?
1211 3082 1261 3149 t3.
1284 3088 1314 3150 ls
1336 3088 1420 3151 enim
1439 3087 1567 3153 demum
1589 3098 1640 3154 est

270 3202 380 3251 semea
408 3186 537 3269 quidem
567 3184 724 3247 sententia
745 3183 847 3245 iustus
868 3180 1047 3264 triumphus
1069 3201 1105 3244 ac
1126 3201 1236 3256 verus,
1263 3201 1334 3244 cum
1354 3181 1438 3246 bene
1459 3183 1500 3247 de
1521 3204 1556 3247 re
1577 3205 1639 3267 pu·

308 3278 392 3343 blica
413 3280 532 3342 meritis
555 3276 773 3342 testimonium
795 3296 814 3339 a
835 3295 992 3339 consensu
1014 3274 1151 3339 civitatis
1167 3275 1269 3339 detur.
1304 3276 1383 3338 Nam
1404 3277 1472 3340 sire
1493 3278 1527 3341 in
1550 3297 1639 3342 eom·

309 3372 398 3437 muni
420 3371 537 3456 gaudio
561 3371 671 3455 populi
694 3370 828 3452 Romani
850 3369 906 3431 uni
927 3368 1181 3450 gratulabantur,
1206 3388 1354 3452 magnum
1374 3369 1545 3448 iudicium,
1567 3372 1636 3435 sire

247 3483 256 3502 ⁸
309 3467 364 3530 uni
386 3466 503 3549 gratias
526 3462 675 3548 agebant,
707 3484 745 3528 eo
767 3464 885 3538 maius,
911 3464 981 3527 sive
1002 3470 1188 3548 utrumque,
1209 3463 1290 3527 nihil
1310 3460 1561 3546 magnificentius
1583 3486 1637 3529 oo-

310 3559 402 3642 gitari
423 3565 537 3642 potest.

272 3672 301 3720 es
395 3656 443 3719 Tu
465 3655 560 3738 igitur
583 3653 651 3737 'pse
673 3652 713 3715 de
735 3654 789 3716 tel
818 3651 933 3715 dixerit
955 3652 1122 3738 quispiam.
1165 3652 1322 3738 Equidem
1343 3652 1478 3731 invitas,
1507 3656 1564 3720 sed
1586 3655 1638 3719 in·

310 3749 413 3813 iuriae
435 3749 528 3812 dolor
547 3748 624 3811 facit
644 3767 695 3811 me
716 3754 842 3830 praeter
863 3747 1126 3824 consuetudinem
1147 3749 1331 3831 gloriosum.
1367 3751 1479 3812 Nonne
1496 3750 1573 3813 satis
1588 3757 1638 3813 est

311 3843 351 3906 ab
372 3842 554 3906 hominihus
568 3842 691 3906 virtutis
713 3841 831 3924 ignaris
847 3843 977 3923 gratiam
992 3842 1073 3905 hene
1089 3843 1282 3906 merentibus
1297 3862 1362 3905 non
1377 3842 1509 3906 refercit
1530 3844 1637 3908 Etiam

311 3937 345 4000 in
368 3956 441 4011 eos,
464 3936 520 4021 qui
543 3955 653 3999 omnes
676 3955 750 3998 suas
772 3955 863 3998 curas
886 3935 918 3998 in
941 3937 987 3998 rei
1006 3937 1150 4019 publicae
1165 3936 1267 4000 salute
1282 3936 1439 4019 defigunt,
1461 3937 1637 4021 †impetus

311 4030 429 4094 crimen
461 4022 665 4115 [invidiaque]
694 4034 883 4112 quaeretur?
927 4025 978 4092 lt.
1001 4031 1094 4094 Scitis
1122 4029 1207 4095 enim
1236 4051 1292 4115 per
1312 4030 1372 4095 hos
1394 4030 1462 4094 dies
1484 4031 1637 4094 creberri-

376 4272 400 4322 l.
417 4272 596 4335 supplicatione
612 4271 747 4321 iustissima
762 4272 774 4320 t
787 4297 811 4308 -
831 4271 924 4322 laba
937 4299 964 4309 —
983 4272 1127 4322 literiw—
1142 4271 1167 4322 3.
1179 4286 1237 4322 cum
1250 4286 1301 4322 eon
1316 4273 1361 4321 uni
1377 4273 1418 4322 sed
1434 4271 1513 4323 tribus
1529 4286 1560 4322 a:
1579 4286 1638 4323 men

309 4361 358 4397 non
373 4348 457 4398 unide
467 4346 545 4396 tribus
556 4345 589 4406 b;
607 4343 638 4395 cri
648 4359 712 4396 unere
722 4345 814 4396 elribm
825 4350 849 4401 t;
862 4360 919 4396 curn
929 4346 974 4395 uni
984 4360 998 4396 e
1008 4346 1087 4395 tribus
1097 4359 1128 4403 νς
1141 4347 1304 4396 communiter
1314 4349 1377 4411 (om.
1389 4347 1475 4409 imbus)
1488 4349 1509 4406 i;
1527 4361 1638 4397 commu-

309 4424 374 4474 niier
385 4422 482 4472 tribuet
498 4421 558 4472 cod.
568 4420 678 4471 Ferrarii
690 4423 717 4471 et
729 4422 779 4471 0-
792 4420 885 4470 amous
896 4424 907 4470 t
917 4449 944 4457 —
958 4420 982 4472 l.
995 4421 1157 4482 imperatores
1167 4435 1221 4472 om.
1234 4421 1323 4480 abtr,
1335 4423 1362 4471 in
1374 4420 1471 4485 quihus
1483 4425 1543 4472 uota
1556 4424 1636 4486 impp.

310 4499 370 4548 ante
382 4496 502 4560 appellem
513 4496 617 4546 videtur
628 4495 753 4561 absorpta
765 4508 866 4546 esse-
888 4497 913 4546 5.
931 4497 1024 4546 uirtute
1040 4501 1063 4546 et
1079 4498 1180 4547 consilio
1197 4498 1222 4557 i;
1243 4496 1344 4546 consilio
1354 4498 1473 4547 uirtutes
1487 4524 1513 4533 -
1531 4498 1639 4560 [eicior

310 4574 358 4623 i-
378 4572 402 4622 6.
420 4571 468 4634 cui]
485 4584 542 4620 crem
558 4584 638 4620 av-
658 4572 682 4621 7.
700 4572 785 4633 impl
803 4595 830 4606 -
849 4570 874 4620 8.
893 4572 967 4621 duait
983 4574 993 4620 t
1010 4596 1037 4606 -
1061 4572 1084 4621 o.
1102 4572 1139 4621 leis
1155 4571 1241 4621 bv-
1261 4572 1300 4622 til.
1318 4572 1457 4635 stupratores
1473 4575 1525 4631 at;
1543 4578 1567 4622 et
1583 4574 1639 4621 sin-

309 4646 409 4712 putares
427 4647 434 4695 l
454 4646 531 4696 —An
547 4648 666 4698 Muretus
683 4651 709 4697 et
725 4646 757 4696 b:
777 4651 804 4696 at
821 4644 993 4697 rell.mei.-
1012 4648 1052 4697 rt.
1068 4647 1186 4696 werten
1201 4648 1252 4696 tr:
1273 4647 1394 4696 thracem
1411 4645 1500 4697 abio
1514 4673 1541 4683 -
1560 4648 1638 4713 mille]

309 4719 421 4771 unrenb
441 4747 468 4759 -
487 4723 567 4772 millia
584 4725 645 4773 0-
664 4737 721 4774 eum
736 4725 866 4775 Muretus:
886 4735 940 4772 orn.
954 4722 987 4781 b;
1006 4725 1159 4772 neumata
1178 4721 1245 4783 (lert.
1260 4735 1292 4771 ex
1309 4722 1392 4782 illuri,
1410 4727 1440 4771 ut
1456 4724 1498 4773 est
1514 4724 1540 4773 in
1552 4724 1637 4774 Oxou.

309 4797 348 4859 r);
366 4809 417 4845 non
433 4809 489 4846 eurn
506 4797 514 4846 i
532 4824 559 4834 -
578 4798 638 4848 ltaec
654 4811 670 4847 a
689 4824 717 4836 -
737 4799 776 4848 lt.
794 4799 918 4861 increpuit
933 4811 949 4847 a
967 4796 1061 4860 (nullus
1079 4811 1111 4848 er
1127 4799 1196 4847 meis
1212 4797 1347 4846 inmebruit
1362 4795 1451 4856 babet)
1469 4823 1496 4835 -
1515 4799 1576 4860 imp.
1588 4812 1640 4861 ap-

307 4872 403 4935 pellare
419 4874 430 4922 t
447 4900 474 4910 -
502 4874 541 4923 43.
560 4879 632 4924 tanta
647 4874 740 4925 uirtute
755 4875 861 4923 bostium
877 4877 888 4924 t
906 4900 933 4910 -
958 4874 1064 4923 bostium
1081 4872 1155 4924 dico?
1170 4873 1221 4934 ita,
1244 4874 1380 4935 inquunt
1397 4871 1476 4923 codd.
1490 4874 1518 4935 (l)
1536 4873 1638 4923 Ursini:

311 4950 365 4999 dico
381 4949 418 4997 ita
434 4948 538 5010 inquam
555 4948 657 5009 abtv3
676 4950 731 4998 dico
746 4949 851 5011 inquam
867 4951 890 5008 i;
909 4950 946 4998 lta
961 4950 1066 5011 inquam
1084 4950 1145 5011 (om.
1162 4949 1268 4998 nostium
1284 4947 1366 5008 dicol)
1384 4948 1405 4997 0
1422 4961 1483 4998 cum
1501 4949 1589 4997 Garat.
1607 4972 1637 4984 -

312 5023 352 5086 ll.
370 5023 448 5072 nostes
468 5024 509 5072 isli
530 5037 545 5073 a
568 5050 595 5059 -
623 5024 662 5074 te.
681 5024 888 5087 supplicationum
910 5024 1028 5075 morere
1044 5023 1103 5083 ab,
1130 5027 1159 5074 ui
1175 5024 1244 5075 coni.
1263 5025 1410 5074 Ferrarius:
1435 5023 1641 5086 supplicationem

311 5098 430 5149 bonorum
446 5101 495 5158 tv;
517 5098 704 5160 supplicationis
726 5099 843 5148 tanmem
866 5100 873 5148 i
896 5124 923 5134 -
946 5100 1152 5161 imperatorumi
1175 5126 1201 5136 -
1228 5100 1268 5149 l'l.
1286 5113 1327 5150 eos
1348 5102 1358 5148 t
1380 5125 1407 5135 -
1432 5099 1472 5149 49.
1489 5099 1591 5149 reducit
1607 5110 1638 5157 e3

310 5177 375 5226 dom.
393 5176 411 5224 i.
430 5175 482 5224 red.
497 5175 572 5224 om.i
590 5200 617 5209 -
637 5175 701 5224 enirn
719 5187 773 5224 om.
792 5175 800 5223 i
817 5202 851 5212 -
867 5176 907 5225 tl.
926 5176 1030 5225 menius
1045 5188 1063 5224 v
1077 5201 1103 5210 -·
1123 5176 1164 5225 bt.
1182 5176 1235 5224 siue
1250 5175 1295 5224 uni
1311 5173 1410 5224 ubtv:
1428 5174 1473 5222 uni
1490 5185 1543 5223 om.
1557 5173 1638 5223 io-

310 5250 351 5300 23.
370 5247 470 5298 cubant
486 5260 503 5296 v
522 5275 549 5285 -
568 5249 674 5313 cogitari
690 5249 719 5299 b:
741 5251 881 5314 recapitari
898 5251 1018 5306 eitv0;
1038 5249 1070 5300 oi.
1089 5251 1158 5300 Bake
1176 5250 1211 5300 ad
1223 5251 1277 5301 Cic.
1291 5248 1359 5314 legg.
1374 5256 1402 5314 p.'
1414 5248 1470 5300 itt.
1488 5272 1514 5284 -
1532 5248 1574 5298 25.
1586 5248 1641 5309 ipse

311 5337 365 5374 om.
384 5325 392 5373 i
411 5349 437 5359 -
461 5324 573 5385 equidem
590 5323 622 5372 b:
648 5329 671 5374 et
692 5325 790 5387 quidem
811 5327 864 5375 mei
881 5324 937 5376 rell.
957 5331 985 5376 et
1007 5327 1027 5376 0
1047 5353 1072 5364 -
1096 5326 1137 5376 26.
1156 5327 1303 5389 doiorsacet
1318 5339 1358 5376 me
1373 5325 1431 5375 ab:
1453 5323 1537 5373 dolore
1552 5336 1584 5372 oc
1599 5336 1640 5372 me

310 5401 362 5458 tv;
380 5399 464 5448 dolore
481 5399 523 5448 aio
539 5400 602 5449 mei
622 5425 649 5435 -
665 5406 770 5464 propter
786 5401 794 5450 i
812 5427 840 5436 -
859 5401 901 5451 27.
914 5400 946 5450 ab
963 5401 1076 5451 mundus
1091 5403 1168 5451 t.v-
1186 5402 1280 5465 resurr
1296 5399 1376 5460 abv;
1394 5402 1461 5465 serre
1476 5401 1488 5449 t
1505 5424 1532 5435 -
1551 5398 1593 5448 28.
1611 5397 1640 5447 ier

310 5488 393 5525 omnes
409 5476 453 5537 qui
468 5472 543 5524 eosb
563 5500 591 5509 -
610 5487 685 5523 curas
700 5488 759 5523 suas
774 5488 792 5524 v
809 5501 836 5511 -
855 5476 961 5526 salutem
978 5477 1051 5535 elv;
1070 5478 1097 5525 at
1113 5489 1138 5526 v.
1155 5489 1194 5526 or.
1207 5477 1266 5536 Vll,
1286 5475 1300 5540 S
1318 5478 1342 5527 b.
1358 5502 1385 5512 -
1404 5476 1562 5539 deflnprentur
1577 5486 1637 5521 v-

309 5550 414 5612 impelus
429 5551 523 5600 crimen
540 5554 656 5612 quereum
673 5553 699 5608 ις
723 5551 827 5612 impetus
842 5551 936 5600 crimen
952 5552 1050 5600 inradia
1066 5556 1201 5613 quaeretur
1217 5550 1274 5610 ab;
1295 5564 1349 5601 om.
1367 5552 1414 5609 iv,
1433 5550 1477 5612 qui
1493 5562 1521 5614 p.
1535 5547 1638 5607 licat

309 5622 411 5673 habent
426 5625 453 5674 in
475 5625 614 5687 aliquemne
633 5626 660 5672 ln
680 5625 750 5686 peius
772 5625 865 5674 crimen
885 5625 984 5675 inuidia
1007 5631 1169 5688 quaereretur
1186 5628 1316 5689 (queratur
1331 5627 1348 5689 i)
1364 5627 1438 5676 credo
1455 5627 1522 5682 cet.;
1543 5623 1639 5672 maren

308 5698 453 5761 inuidiaque
469 5705 605 5762 quaeretur
622 5700 641 5749 0
655 5701 689 5763 (l)
706 5712 768 5750 cum
785 5701 900 5759 Faeru03
920 5701 1039 5764 impetus,
1056 5703 1150 5750 crimen
1166 5701 1309 5763 inuidiaque
1325 5706 1459 5764 quaeretur
1469 5700 1490 5749 0
1502 5697 1547 5758 13),
1565 5695 1639 5760 quod

309 5785 406 5822 vereor
422 5777 451 5824 ut
467 5777 505 5826 sic
522 5775 572 5826 dici
590 5777 718 5839 potuerit;
746 5775 806 5826 lori.
825 5776 950 5838 inpietatis
966 5777 1060 5826 crimen
1077 5774 1126 5836 (vel
1144 5777 1236 5826 misnen
1253 5777 1408 5838 inuidiaque,
1426 5774 1474 5824 uisi
1492 5773 1580 5837 potius
1596 5772 1639 5820 in-

308 5847 379 5897 uidia
396 5846 527 5911 glossema
541 5852 590 5914 est)
603 5856 747 5914 quaeruur,
766 5855 797 5900 ut
812 5863 894 5916 saepe
911 5851 937 5900 iu
955 5849 996 5900 his
1008 5849 1169 5900 orationibus
1186 5851 1277 5902 hostes
1293 5852 1332 5901 rel
1348 5848 1471 5916 publicae
1488 5848 1560 5912 impii
1575 5848 1641 5898 noes

310 5923 488 5975 nominantur.
