3800 7350
319 1145 382 1211 770
748 1147 900 1213 ORATIO
922 1147 1001 1212 PRO
1023 1148 1058 1211 P.
1080 1149 1207 1213 SULLA

1395 1220 1400 1256 l

321 1318 427 1383 dicere
447 1318 482 1381 in
504 1339 599 1403 quem
620 1317 717 1393 velis,
739 1324 772 1382 et
793 1318 964 1382 defendere
986 1339 1081 1402 quem
1102 1318 1191 1381 velis.
1234 1318 1333 1380 Immo
1355 1319 1490 1381 servitus
1512 1326 1645 1382 estnon

321 1413 425 1476 dicere
447 1413 481 1475 in
503 1434 597 1497 quem
619 1412 713 1487 velis,
744 1420 776 1474 et
797 1432 860 1474 non
884 1411 1056 1476 defendere
1079 1432 1174 1495 quem
1198 1411 1286 1473 velis.
1329 1413 1373 1474 Ac
1395 1413 1423 1475 si
1444 1414 1645 1477 considerare

320 1508 462 1590 coeperis
484 1515 589 1570 unum
610 1507 709 1589 magis
731 1506 808 1568 mibi
830 1506 890 1569 boc
913 1526 1045 1569 necesse
1068 1505 1164 1568 luerit
1184 1504 1288 1567 iacere
1317 1525 1357 1567 an
1385 1505 1471 1569 istud
1493 1506 1568 1581 tibi,
1597 1508 1646 1571 in-

319 1601 442 1684 telliges
462 1602 627 1665 honestius
655 1609 687 1663 te
714 1599 950 1663 inimicitiarum
979 1600 1107 1662 modum
1137 1607 1272 1663 statuere
1300 1599 1443 1682 poluisse
1470 1621 1566 1684 quam
1594 1622 1645 1664 me

296 1695 531 1759 rhummitatis.
562 1692 612 1757 iu.
634 1697 684 1757 An
704 1715 797 1768 vero,
823 1715 894 1757 cum
915 1694 1018 1756 honos
1042 1694 1192 1776 agebatur
1213 1692 1350 1755 familiae
1372 1700 1495 1757 vestrae
1516 1696 1646 1779 amplis-

318 1790 433 1864 simus,
454 1789 515 1852 boc
537 1796 587 1853 est
607 1788 790 1853 consulatus
812 1788 951 1870 parentis
974 1789 1042 1861 tui,
1065 1786 1316 1870 sapientissimus
1329 1789 1378 1850 vir
1389 1786 1645 1854 familiarissimis

318 1883 383 1946 suis
406 1884 586 1947 suscensuit
613 1892 702 1967 pater
728 1891 818 1956 tuus,
851 1901 923 1944 cum
957 1882 1075 1944 Sullam
1104 1890 1135 1944 et
1164 1879 1371 1943 defenderent
1399 1890 1431 1944 et
1458 1881 1645 1946 laudarent?

317 1977 517 2060 intelligebat
536 1977 618 2041 hanc
639 1977 732 2039 nobis
753 1996 772 2039 a
793 1975 966 2039 maioribus
988 1995 1059 2038 esse
1075 1974 1221 2037 traditam
1237 1974 1456 2056 disciplinam,
1478 1982 1513 2039 ul
1528 1976 1645 2040 nullius

316 2071 456 2134 amicitia
477 2071 517 2134 ad
538 2072 679 2155 pericula
700 2068 913 2154 propulsanda
927 2068 1161 2151 impediremur.
1195 2071 1235 2130 it
1249 2075 1318 2130 erat
1331 2068 1404 2130 huic
1419 2068 1537 2133 iudicio
1550 2071 1645 2153 longe

280 2178 309 2224 io
317 2165 478 2229 dissimilis
499 2165 556 2229 illa
576 2165 750 2228 contentio:
785 2171 868 2237 tum,
896 2159 1015 2225 afflicto
1037 2164 1071 2224 P.
1094 2162 1199 2236 Sulla,
1230 2162 1410 2226 consulatus
1432 2164 1523 2227 vobis
1543 2167 1646 2248 parie-

316 2258 425 2334 batur,
452 2260 546 2324 sicuti
573 2268 680 2343 partus
708 2265 774 2332 est;
807 2256 936 2319 honoris
960 2264 1028 2319 erat
1050 2265 1225 2331 certamen,
1259 2265 1401 2339 ereptum
1423 2266 1567 2340 repetere
1587 2279 1644 2323 vos

316 2354 541 2428 clamitabatis,
571 2363 607 2416 ut
628 2354 702 2418 victi
729 2352 764 2414 in
786 2370 896 2433 campo
919 2350 952 2412 in
973 2350 1044 2413 loro
1075 2350 1258 2413 vinceretis:
1291 2357 1356 2412 tum
1380 2352 1436 2434 qui
1457 2359 1645 2416 contraius

315 2468 374 2531 pro
395 2448 492 2511 huius
514 2449 615 2510 salute
636 2448 837 2530 pugnabant,
860 2445 1040 2508 amicissimi
1063 2445 1173 2518 vestri,
1196 2444 1312 2528 quibus
1333 2464 1399 2507 non
1413 2445 1645 2519 irascebamini,

315 2542 514 2605 consulatum
542 2541 633 2603 robis
661 2540 851 2624 eripiebant,
881 2539 995 2601 honori
1024 2546 1130 2601 vestro
1159 2539 1391 2621 repugnabant,
1420 2547 1452 2602 et
1481 2548 1586 2604 tamen
1611 2541 1644 2604 id

277 2636 465 2699 soinviolata
488 2642 592 2697 vestra
614 2634 767 2708 amicitia,
789 2634 912 2715 integro
935 2630 1056 2706 ol'licio,
1083 2641 1190 2696 vetere
1213 2632 1359 2715 exemplo
1381 2640 1477 2716 atque
1498 2636 1644 2699 instituto

315 2730 426 2811 optimi
447 2728 603 2811 cuiusque
624 2727 791 2790 iaciebant.
834 2727 948 2789 XVIll.
977 2725 1027 2787 50.
1050 2728 1116 2808 Ego
1138 2746 1213 2789 vero
1235 2726 1352 2808 quibus
1374 2730 1568 2793 ornamentis
1589 2732 1645 2794 ad-

314 2842 424 2886 versor
443 2822 528 2884 tuis?
559 2828 614 2884 aut
635 2820 686 2883 cui
709 2820 857 2902 dignitati
879 2829 1004 2883 vestrae
1026 2822 1191 2901 repugno?
1235 2819 1321 2894 Quid
1343 2823 1498 2903 estquod
1519 2824 1583 2887 iam
1604 2825 1644 2888 ab

313 2915 376 2979 boc
399 2917 552 3000 expetas?
596 2915 707 2977 Honos
733 2914 775 2976 ad
802 2921 941 2997 patrem,
974 2914 1111 2995 insignia
1138 2913 1270 2976 honoris
1298 2912 1339 2975 ad
1367 2920 1399 2977 te
1427 2914 1532 3007 delata
1560 2926 1643 2981 sunt.

314 3011 363 3072 Tu
385 3017 514 3072 ornatus
535 3008 661 3072 exuviis
682 3007 778 3071 huius
800 3009 891 3071 renis
913 3007 953 3070 ad
983 3027 1054 3070 eum
1076 3008 1296 3081 lacerandum,
1324 3027 1419 3089 quem
1440 3010 1644 3075 interemisti:

276 3122 374 3186 socgo
396 3103 551 3168 iacentem
573 3110 606 3166 et
627 3102 796 3184 spoliatum
826 3101 964 3164 delendo
993 3108 1025 3163 et
1045 3109 1186 3183 protego.
1230 3101 1335 3182 Atque
1357 3100 1463 3164 hictu
1486 3110 1519 3166 et
1538 3124 1645 3187 repre·

312 3196 428 3260 bendis
450 3215 517 3271 me,
540 3195 615 3279 quia
637 3193 821 3268 delendam,
844 3203 876 3257 et
898 3195 1053 3257 irasceris.
1085 3196 1154 3277 Ego
1177 3202 1283 3257 autem
1306 3214 1371 3257 non
1393 3196 1487 3258 modo
1508 3197 1565 3261 tibi
1579 3218 1644 3261 non

313 3291 451 3363 irascor,
473 3289 530 3352 sed
552 3308 592 3351 ne
614 3286 812 3371 reprehendo
834 3286 963 3371 quidem
985 3285 1102 3350 lactum
1124 3295 1223 3350 tuum.
1259 3289 1304 3349 Te
1326 3288 1411 3349 enim
1426 3290 1574 3353 existimo
1587 3291 1645 3355 tibi

314 3383 480 3456 statuisse,
508 3381 587 3465 quid
609 3380 790 3445 iaciendum
812 3388 958 3464 putares,
990 3388 1023 3442 et
1043 3382 1120 3444 sutis
1141 3381 1292 3445 idoneum
1314 3378 1410 3443 officii
1438 3382 1485 3445 tui
1506 3382 1644 3447 iudicem

315 3495 385 3539 esse
407 3476 559 3558 potuisse.
1473 3498 1476 3508 ·

277 3589 307 3637 ss
399 3565 450 3631 5l.
479 3570 521 3632 st
541 3576 668 3633 accusat
689 3570 723 3637 C.
747 3568 884 3633 Cornelii
907 3566 1007 3642 lilius,
1038 3576 1070 3632 et
1096 3569 1127 3631 id
1157 3588 1258 3652 aeque
1291 3569 1396 3632 valere
1417 3570 1528 3647 debet,
1556 3592 1595 3636 ac
1616 3573 1644 3636 si

314 3669 405 3746 pater
433 3661 598 3726 indicaret.
653 3662 680 3727 0
709 3670 830 3747 patrem
862 3661 1043 3727 Cornelium
1077 3663 1267 3747 sapientem!
1305 3664 1362 3746 qui
1395 3664 1483 3746 quod
1512 3668 1644 3749 praemii

315 3757 398 3819 solet
419 3777 490 3820 esse
511 3757 545 3819 in
567 3757 686 3820 indicio
708 3756 887 3840 reliquerit,
910 3757 996 3840 quod
1018 3758 1223 3839 turpitudinis
1244 3759 1277 3820 in
1300 3758 1516 3834 confessione,
1537 3760 1571 3823 id
1586 3781 1646 3844 per

315 3851 550 3914 accusationem
570 3850 630 3913 lilii
652 3851 837 3933 susceperit.
881 3851 943 3912 Sed
978 3850 1056 3932 quid
1079 3858 1127 3913 est
1149 3853 1293 3926 tandem,
1326 3853 1414 3935 quod
1440 3853 1560 3918 indicat
1586 3876 1646 3939 per
1761 3924 1764 3929 ,

314 3943 410 4005 istum
432 3963 566 4026 puerum
588 3944 774 4007 Comelius‘l
818 3944 851 4006 Si
873 3951 997 4018 vetera,
1025 3943 1102 4006 mibi
1125 3945 1250 4027 ignota,
1273 3965 1343 4009 cum
1365 3947 1536 4010 Hortensio
1559 3969 1645 4012 com-

383 4272 406 4320 l.
425 4275 448 4320 ct
465 4270 592 4333 defendere
609 4270 641 4319 T:
660 4274 688 4319 ot
703 4270 739 4318 sic
755 4270 830 4320 ctiam
847 4270 894 4334 def.
913 4273 950 4329 Bt
970 4285 1002 4321 ce
1018 4271 1148 4335 dessudm
1164 4271 1213 4321 440
1232 4296 1260 4306 ·-
1278 4272 1303 4320 2.
1322 4277 1345 4322 st
1361 4285 1412 4322 cos
1427 4273 1556 4337 &sarm
1571 4276 1605 4327 u:
1623 4283 1646 4328 et

317 4347 445 4411 dssmdm
460 4347 494 4403 T;
512 4359 544 4394 oc
558 4359 609 4394 oon
626 4345 674 4407 das.
688 4342 805 4406 Sylvius,
826 4358 856 4394 oc
873 4348 921 4409 def.
939 4348 971 4405 S;
989 4359 1034 4396 nec
1050 4346 1178 4408 descendere
1193 4346 1288 4396 Ocnrn
1300 4347 1360 4396 cod.
1373 4348 1465 4398 Trunc.
1478 4349 1503 4400 t.
1518 4377 1545 4386 -
1564 4350 1589 4401 3.
1601 4352 1646 4403 boc

316 4421 377 4471 mibi
393 4421 413 4470 B
432 4447 460 4458 -
485 4419 700 4479 studerem,
728 4419 807 4470 codd.
824 4420 951 4472 Rubenii:
978 4422 1070 4470 omit
1094 4446 1121 4455 -
1147 4420 1308 4485 iotcltspssT
1333 4447 1360 4458 ·-
1384 4421 1410 4472 4.
1426 4423 1573 4476 miritae
1587 4431 1648 4477 uos

316 4498 417 4546 modum
433 4496 453 4545 B
473 4522 500 4531 -
519 4497 544 4545 s.
561 4495 600 4544 elo
614 4507 674 4544 uero
685 4521 723 4531 --
734 4495 785 4544 suis
800 4497 938 4546 accensuit
948 4493 1010 4545 cod.
1023 4494 1162 4544 Parcensis
1174 4498 1201 4544 et
1212 4495 1244 4544 44.
1257 4496 1399 4560 Stephani:
1417 4503 1464 4548 out
1477 4503 1648 4552 vero-wsb

317 4587 367 4621 ooo
383 4572 518 4621 accesssit
533 4571 565 4630 T;
584 4583 619 4619 os
634 4572 807 4620 osro--sos's
821 4585 872 4621 noo
888 4569 1026 4620 uoecessuit
1042 4569 1061 4618 B
1079 4569 1107 4617 ct
1123 4568 1267 4630 60xonn.;
1285 4577 1314 4620 ot
1328 4576 1498 4625 oero--suis
1511 4590 1563 4627 sos
1578 4589 1645 4630 suec.

317 4647 364 4696 So
381 4645 480 4709 (sedin
498 4647 514 4694 S
532 4656 566 4693 oo
583 4657 642 4709 sup.
661 4643 727 4708 lini.
751 4647 790 4696 Cl.
809 4645 889 4709 Scyll.
909 4658 935 4708 p.
954 4644 995 4693 36.
1016 4669 1043 4680 —·
1061 4643 1123 4704 scm.
1141 4650 1238 4695 uestrae
1254 4647 1421 4710 amplissimus
1434 4649 1468 4699 T:
1486 4653 1565 4715 osopi.
1580 4652 1645 4716 (mo.

315 4726 412 4772 vestros
428 4723 477 4771 llO
501 4748 528 4758 -
553 4719 576 4769 6.
593 4722 644 4782 uir]
660 4722 709 4770 οἱοὶ
725 4721 745 4772 Β
765 4746 792 4757 -
817 4722 842 4771 8.
859 4718 1010 4783 tnumpsiat
1025 4719 1090 4768 erin
1105 4719 1170 4770 bunc
1186 4721 1338 4774 Lambinus.
1359 4748 1386 4759 -
1404 4724 1479 4790 bauo]
1496 4727 1597 4778 mli
1616 4753 1645 4765 -—

315 4797 438 4847 traditum
454 4809 504 4847 csse
519 4796 539 4845 B
554 4823 588 4834 ·-
610 4796 633 4846 0.
650 4797 763 4858 periculo
782 4796 957 4859 propulsanda
972 4795 1005 4844 T:
1019 4795 1195 4856 propulsando
1208 4797 1322 4859 periculo
1338 4798 1388 4848 440
1404 4825 1439 4836 -
1458 4799 1491 4850 As
1505 4806 1562 4851 orat
1577 4810 1645 4852 nos:

316 4873 407 4921 oderat
422 4873 455 4927 T;
473 4875 529 4921 crat
545 4873 634 4929 Parc.;
653 4876 677 4920 at
693 4876 749 4921 erot
764 4872 813 4922 ilo
832 4898 859 4907 -
879 4871 919 4920 40.
935 4869 997 4934 ten]
1014 4884 1071 4919 cum
1088 4871 1148 4920 B-
1165 4872 1250 4935 publio
1265 4873 1331 4935 sulio
1346 4875 1408 4924 T-
1423 4875 1536 4925 tbotctt
1550 4875 1579 4926 to
1594 4888 1648 4926 cer·

317 4947 410 4995 tomice
428 4945 467 4994 uel
486 4947 514 4994 ia
535 4959 626 5008 compo
647 4948 673 4995 in
696 4947 752 5009 foro
775 4948 905 4997 vicomite
926 4951 1009 4995 tomen
1029 4950 1119 4996 costra
1132 4961 1177 4996 vos
1196 4949 1240 5009 orsi
1256 4962 1307 5011 pro
1324 4949 1343 4998 B
1361 4974 1389 4984 -
1409 4948 1450 5000 44.
1467 4949 1495 4999 id
1510 4951 1603 5001 omli
1620 4953 1648 5001 et

318 5020 377 5071 cod.
396 5021 426 5070 C.
445 5019 578 5084 Stephani.
598 5045 625 5057 -
652 5022 692 5071 tlt.
709 5026 790 5072 vetere
807 5023 873 5072 ru:
898 5023 975 5071 natm
991 5021 1041 5071 440
1060 5048 1087 5057 -
1106 5024 1217 5073 instituto
1230 5030 1305 5085 atquc
1320 5023 1433 5087 sumsplo
1451 5023 1539 5087 optus
1557 5025 1649 5088 quiqu

316 5099 337 5146 B
354 5123 388 5134 —
406 5097 444 5146 44.
463 5096 523 5158 quid
539 5101 574 5146 est
590 5097 676 5146 omli
694 5125 727 5133 —
744 5099 924 5160 quodquidam
940 5097 973 5146 ob
988 5097 1034 5146 boc
1050 5097 1103 5146 tom
1118 5099 1138 5148 B
1155 5126 1188 5136 —
1205 5100 1245 5150 48.
1263 5100 1448 5162 expetcrmel:
1466 5105 1584 5162 mactus
1599 5098 1649 5150 all-

318 5175 383 5234 quot
399 5171 556 5222 deteriores.
569 5198 603 5208 -
618 5172 734 5220 looosT:
753 5173 833 5222 bosor
848 5173 897 5222 ilo
911 5198 937 5207 —
958 5173 998 5222 ⁴9.
1014 5173 1111 5222 emulis
1121 5174 1194 5224 buius
1205 5174 1268 5235 Erl.,
1287 5173 1366 5225 codd.
1379 5173 1506 5236 Rubenii,
1524 5176 1587 5240 Lag.
1598 5175 1646 5227 20:

317 5247 415 5296 audis
430 5246 491 5306 Tit,
517 5247 544 5295 in
567 5245 664 5309 quibus
688 5246 760 5294 buiris
777 5246 835 5297 lori.
860 5249 921 5310 post
937 5252 1042 5296 ornatio
1058 5248 1204 5308 intercidit;
1230 5251 1340 5300 mis
1355 5250 1372 5300 S
1389 5251 1417 5299 et
1434 5249 1513 5301 codd.
1531 5250 1598 5301 dett.
1617 5275 1647 5286 -

318 5334 391 5382 quem
406 5320 459 5382 ipsc
474 5321 619 5372 intermisti
635 5322 654 5371 B
674 5348 701 5358 -
720 5323 761 5372 20.
780 5327 803 5371 ot
819 5325 880 5386 post
895 5327 923 5371 tu
940 5335 993 5372 orn.
1012 5323 1033 5372 B
1051 5348 1079 5357 -
1098 5324 1139 5372 44.
1159 5325 1220 5385 quio
1235 5324 1385 5388 delmerius
1400 5325 1433 5382 B;
1458 5325 1502 5387 pul
1517 5324 1649 5390 desudat

317 5395 430 5445 Ernesti.
449 5418 479 5431 -
497 5394 541 5446 tibi
557 5409 608 5445 non
623 5395 697 5445 modo
712 5396 732 5445 B
751 5421 778 5431 -
800 5397 842 5445 44.
860 5396 902 5445 scd
918 5408 997 5458 oeque
1012 5396 1058 5446 Bs
1077 5423 1104 5432 -
1123 5397 1165 5448 23.
1184 5399 1250 5460 quod
1265 5400 1286 5449 T
1304 5427 1330 5436 -
1351 5399 1427 5463 officii
1442 5399 1480 5449 tui
1496 5398 1549 5451 Eri.
1568 5400 1596 5450 et
1611 5399 1646 5449 T:

316 5471 353 5520 tui
374 5483 427 5520 om.
447 5470 496 5520 uo
515 5495 542 5506 —
567 5470 608 5521 44.
626 5483 678 5521 esso
696 5472 806 5533 potuisse
827 5471 937 5536 scripsi:
962 5473 1071 5534 potuisse
1087 5474 1121 5533 T;
1144 5474 1256 5536 posuisse
1272 5475 1331 5526 llo.
1357 5475 1511 5525 Torrentius
1526 5473 1648 5526 voluerat

313 5558 386 5608 possa
401 5557 464 5605 csse,
483 5542 636 5596 Gulielmius
651 5546 735 5609 Μοοο.
748 5572 775 5583 —
794 5547 835 5597 45.
848 5547 875 5597 C.
890 5560 943 5597 om.
959 5546 1037 5598 codd.
1051 5548 1115 5598 noti.
1130 5576 1158 5586 -
1176 5554 1200 5599 et
1215 5550 1242 5599 id
1258 5562 1336 5612 aequo
1347 5550 1409 5600 TB:
1427 5549 1647 5611 4404910440-

317 5620 412 5670 debsret
427 5621 465 5669 uti
478 5624 554 5681 poter
569 5620 589 5669 B
609 5647 635 5656 -
659 5621 700 5672 46.
719 5623 763 5683 poi
784 5622 906 5684 quidquid
920 5623 1065 5685 praemon
1086 5649 1112 5660 -
1137 5624 1178 5674 47.
1197 5626 1224 5674 in
1241 5625 1333 5675 indicto
1349 5624 1412 5674 TB:
1433 5624 1461 5673 lo
1476 5624 1569 5676 iudicio
1585 5627 1603 5676 S
1620 5630 1647 5677 et

317 5695 381 5744 dett.
399 5691 530 5758 plerique.
551 5719 579 5729 -
597 5694 639 5745 40.
657 5695 700 5744 scd
715 5695 782 5757 quod
797 5697 816 5745 T
835 5725 861 5735 -
880 5698 976 5747 iudicat
991 5698 1053 5747 BS:
1071 5699 1161 5748 induet
1177 5699 1197 5749 T
1214 5703 1241 5750 et
1257 5701 1332 5750 Pare.
1355 5697 1394 5749 Cl.
1406 5697 1582 5762 Wesenberg.
1595 5699 1647 5750 Ob

316 5781 404 5818 servv.
423 5767 491 5817 critt.
510 5766 545 5816 ad
563 5780 602 5818 or.
622 5768 768 5819 Sestianam
785 5780 812 5832 p.
830 5769 871 5821 47.
889 5798 923 5808 —-
939 5772 980 5822 49.
999 5772 1021 5821 rt
1036 5776 1121 5823 cetero
1138 5775 1173 5824 T:
1199 5776 1238 5825 sin
1254 5787 1286 5826 sc
1302 5776 1340 5835 B,
1363 5773 1385 5824 ri
1402 5778 1437 5824 cst
1452 5785 1532 5825 conso
1547 5774 1597 5825 no
1615 5797 1643 5809 -

317 5857 375 5893 com
390 5844 426 5894 M.
444 5842 574 5893 limando
590 5843 745 5896 Torrentius
760 5845 788 5895 ln
805 5857 889 5908 marg.
