3800 7350
539 1714 818 1833 muttum
855 1715 928 1831 ET
968 1714 1336 1835 0044444444Νο4.

848 2000 1036 2012 -ιη-

342 2224 387 2269 00.
403 2233 454 2279 000
468 2221 604 2283 00400440.
624 2212 639 2276 5
657 2212 698 2264 44.
716 2225 775 2277 pag.
794 2212 824 2275 4,
842 2212 884 2264 44.
903 2212 1038 2264 Charisius
1058 2214 1136 2263 400444.
1153 2217 1290 2278 00000004.
1308 2214 1344 2274 44,
1363 2211 1404 2273 44,
1421 2213 1484 2264 4000
1504 2214 1600 2277 440000-

276 2301 327 2349 4400
344 2312 393 2363 000
411 2303 509 2362 0000040
526 2298 634 2358 Cicero,
652 2299 682 2346 ut
698 2295 813 2347 Statilius
830 2298 958 2348 Maximus
975 2300 1056 2347 00404.

341 2382 356 2446 5
373 2383 414 2432 27.
433 2394 459 2446 p.
478 2382 503 2444 4,
522 2381 563 2431 43.
581 2387 657 2442 atque
671 2394 754 2443 spem
769 2381 891 2431 imbiberit
908 2382 976 2431 0004.
990 2383 1124 2444 Kayserus
1141 2383 1167 2432 in
1184 2394 1298 2432 censure
1315 2380 1358 2431 ed.
1378 2383 1483 2432 0004000
1502 2383 1536 2445 (0.
1549 2383 1599 2433 Go-

276 2467 351 2517 lelrte
366 2467 491 2531 40004οσ0
507 2467 551 2515 000
566 2465 591 2515 k.
610 2464 695 2526 40000.
713 2465 793 2515 44000.
807 2465 832 2514 0.
848 2466 920 2516 Wisr.
940 2465 1013 2516 48444.
1032 2465 1128 2518 Philas.
1141 2464 1231 2531 philol.
1252 2463 1291 2517 (ΣΙ.
1304 2464 1362 2515 Vol.
1375 2465 1403 2517 44
1425 2468 1487 2517 liro.
1500 2466 1516 2518 4
1528 2468 1599 2532 000.)

275 2549 334 2602 0044.
353 2564 380 2615 p.
399 2549 460 2611 042,
478 2549 524 2610 40,
543 2548 589 2599 ubi
606 2547 693 2600 Orellii
710 2550 892 2601 coniecturam
909 2549 1002 2599 unbibit
1022 2550 1198 2613 (pretiabilia,
1218 2553 1248 2602 ut
1264 2553 1306 2600 est
1323 2550 1349 2600 iu
1367 2549 1458 2612 codd.)
1474 2550 1580 2615 probat.

340 2634 355 2698 5
373 2634 413 2685 34.
432 2647 459 2698 0.
472 2634 498 2695 8,
516 2634 540 2683 9.
559 2635 644 2684 Locus
657 2632 787 2684 Radriani
801 2634 831 2684 de
843 2635 886 2697 40.
899 2639 960 2684 0004.
973 2639 997 2684 04
1007 2634 1066 2684 eloe.
1080 2635 1138 2697 5l8
1156 2648 1172 2684 0
1189 2635 1343 2686 4400040040
1360 2636 1399 2686 040
1416 2636 1531 2700 scriptus
1543 2637 1597 2687 est:

276 2718 422 2769 abolabella
439 2724 522 2769 autem
538 2719 745 2779 quemadmoduu
761 2718 870 2769 borsines
885 2718 989 2779 0004400,
1009 2732 1108 2783 00000,
1128 2720 1251 2769 iniuriam
1265 2720 1400 2782 [0044004000
1413 2725 1582 2781 0000000004.»

341 2802 414 2866 5344.
433 2816 460 2867 p.
480 2804 503 2864 0,
523 2804 563 2853 44.
583 2800 685 2854 Grillius
703 2804 728 2853 iu
746 2804 937 2855 commentario
958 2802 1056 2853 inedito
1073 2803 1107 2854 od
1125 2804 1179 2854 Cic.
1198 2802 1243 2854 lib.
1262 2804 1296 2854 de
1313 2805 1369 2855 inv.
1388 2802 1431 2854 404.
1449 2804 1494 2855 34·
1511 2803 1600 2857 locum

274 2888 313 2939 sie
329 2886 421 2938 alleri:
439 2888 596 2939 Hortensius
613 2886 829 2952 reprehenditur,
848 2888 909 2951 quia
927 2889 955 2938 04
970 2888 997 2938 40
1009 2886 1174 2952 simplicibus
1185 2889 1272 2939 crusis
1283 2888 1424 2953 000440400,
1442 2891 1473 2938 04
1483 2889 1509 2939 40
1521 2890 1601 2950 Quin·

276 2973 361 3022 4400οι
379 2972 488 3035 4004000,
505 2978 534 3022 04
550 2977 574 3022 40
589 2985 685 3035 suuper
701 2973 867 3023 armararii
881 2973 978 3035 000000,
996 2972 1126 3025 440040004·
1143 2978 1221 3023 totam
1236 2967 1330 3024 000000
1345 2985 1417 3025 meae
1427 2974 1558 3024 0404400000
1573 2974 1601 3024 40

273 3062 358 3119 partes
374 3057 493 3107 dividam.

341 3140 356 3204 5
373 3140 413 3191 44.
432 3155 459 3205 0.
478 3143 525 3201 tu,
544 3142 584 3191 48.
603 3142 632 3191 40
649 3140 818 3191 adnotatione
835 3139 920 3191 littera
937 3145 958 3192 P
975 3142 1105 3206 signifieat
1120 3142 1324 3207 palimpsestum
1339 3140 1554 3193 Ambrosianum.

340 3224 355 3288 5
373 3224 414 3275 43.
433 3239 459 3289 p.
479 3225 519 3286 43,
538 3224 577 3275 44.
598 3226 628 3275 Ut
644 3225 728 3288 figura
745 3226 958 3277 commutationis
972 3220 1218 3292 (ἅπιμεταβολῆς)
1235 3229 1370 3289 servetur,
1389 3227 1508 3289 Kaysero
1525 3226 1599 3279 40000

275 3310 313 3358 040
330 3308 489 3359 scribendus
506 3309 625 3361 videtur:
644 3310 741 3359 Etenim
757 3322 826 3358 mora
840 3310 941 3360 40000040
956 3324 1031 3373 saepe
1044 3313 1125 3362 044000
1135 3324 1232 3373 quoquc
1247 3316 1479 3374 turpeomnia:
1498 3317 1531 3362 04
1546 3313 1601 3363 vita

274 3393 355 3456 turpis
376 3406 466 3456 saepe
488 3407 519 3444 00
539 3395 615 3443 morti
636 3394 734 3456 quidem
755 3394 869 3445 40000400
891 3395 972 3446 totum
987 3396 1114 3460 relinquit.
1145 3396 1237 3447 Eidem
1258 3394 1338 3461 paulo
1358 3398 1420 3462 post
1440 3395 1456 3459 5
1473 3398 1505 3446 440
1522 3410 1548 3446 v.
1566 3396 1598 3447 43

274 3478 357 3528 verba
374 3484 402 3528 ut
418 3479 547 3542 comittere
563 3476 696 3541 glossema
712 3478 845 3529 videntur.

340 3562 355 3625 5
372 3563 413 3613 444,
432 3576 459 3626 p.
474 3562 512 3622 43,
527 3563 567 3613 30.
586 3563 682 3612 mavult
692 3563 977 3625 euimeommemorare,
994 3577 1034 3625 re,
1051 3578 1109 3614 cum
1122 3568 1204 3627 posset
1217 3564 1334 3626 perdere,
1350 3563 1496 3626 0000004000,
1510 3576 1597 3626 quarn,

275 3659 332 3697 cum
350 3659 457 3710 parcere
475 3648 596 3710 potuerit,
610 3647 755 3710 0000404000.
779 3648 834 3699 4400
852 3648 961 3712 quidem
978 3648 1091 3701 altorum
1108 3650 1165 3713 ipse
1183 3651 1442 3701 commemoraturus
1461 3661 1515 3700 000
1531 3652 1598 3701 0004.

273 3732 326 3782 Sed
342 3734 427 3795 agitur
444 3746 497 3783 non
515 3732 548 3783 de
566 3734 648 3796 ipsius
666 3734 778 3784 bominis
795 3736 1064 3795 commemoratione,
1087 3734 1136 3785 sed
1153 3734 1187 3785 00
1205 3736 1356 3784 ceterorum
1374 3733 1453 3784 0400
1471 3733 1540 3784 lama
1557 3736 1599 3785 04-

274 3829 327 3879 000
345 3818 478 3880 00404000.
505 3817 614 3881 Scripsit
631 3819 738 3868 Cicero:
757 3818 853 3868 0000044
869 3818 935 3868 00400
950 3820 1202 3880 commemorari,
1220 3820 1324 3880 secet,
1343 3817 1436 3880 idest,
1455 3819 1525 3868 hunc
1537 3832 1597 3870 esse

274 3900 412 3951 hominum
429 3900 463 3950 de
480 3914 510 3952 se
527 3913 690 3952 sermonem.
708 3903 819 3953 Munvra.

340 3984 355 4048 5
373 3985 413 4035 04.
432 3998 459 4049 p.
479 3986 519 4047 44,
537 3987 578 4035 lb.
599 3986 631 4036 At
651 3987 706 4046 quis
726 3991 781 4036 erat
799 3987 972 4049 procurator?
993 3987 1071 4038 Credo
1091 3987 1200 4050 aliquem
1222 3987 1326 4036 eiectum
1340 3986 1463 4036 00000000
1479 3991 1598 4050 00004000,

274 4070 421 4133 444404000οι,
443 4070 584 4132 improbum
605 4072 657 4121 004.
689 4071 787 4121 uteru
807 4072 888 4122 homo
909 4073 955 4122 aut
977 4070 1049 4123 exsul
1071 4075 1125 4132 004,
1148 4071 1194 4135 qui
1211 4084 1276 4121 0000
1292 4072 1450 4136 procurator
1466 4083 1527 4121 esse
1544 4085 1598 4121 non

275 4154 394 4218 0040004,
420 4156 466 4204 004
490 4155 632 4217 naufragus
658 4155 685 4205 iu
707 4156 805 4206 terram
828 4157 942 4218 eiectus,
970 4156 1041 4219 quod
1062 4154 1202 4207 ridiculum
1223 4157 1273 4206 est.
1300 4152 1347 4205 Vel
1369 4153 1435 4204 ordo
1451 4152 1597 4204 verborum

275 4238 403 4289 mendum
421 4238 549 4301 ostendit,
573 4239 725 4302 quodcum
743 4239 846 4303 pridem
864 4242 1015 4292 0004004000
1033 4239 1214 4301 sustulissem,
1234 4239 1288 4289 vidi
1304 4241 1397 4303 postea
1414 4237 1499 4288 tribus
1516 4238 1595 4289 codd.

275 4323 387 4384 00000,
412 4335 481 4373 nunc
504 4321 593 4374 multis
617 4322 712 4374 Kelleri
735 4323 867 4386 redargui.
898 4325 1008 4388 Scripsit
1030 4324 1101 4374 euim
1118 4324 1224 4373 Cicero:
1252 4323 1330 4374 Credo
1347 4322 1456 4384 aliquem
1472 4321 1598 4372 electum

276 4408 345 4470 (0000
362 4406 423 4457 0040
440 4420 522 4471 00000
540 4410 566 4458 04
583 4407 721 4459 fraudandi
738 4407 856 4470 consilio)
873 4409 996 4458 lwmiucm
1012 4413 1121 4472 00004040
1137 4410 1189 4458 004.
1208 4408 1317 4459 Manita

340 4490 355 4554 5
373 4490 413 4541 04.
431 4505 458 4556 0.
478 4492 522 4554 48,
541 4491 557 4542 3
574 4506 633 4556 sqq.
652 4493 691 4542 40
708 4493 832 4547 codicum
849 4493 944 4543 iudicia
961 4492 1066 4543 accedit
1082 4493 1228 4542 sententiae
1245 4491 1435 4542 testimonium.
1462 4487 1508 4540 44Ιο
1525 4491 1598 4542 enim

273 4575 344 4626 00400
362 4582 514 4638 procurator
533 4591 583 4626 000
605 4578 690 4627 omnia
711 4577 806 4627 iudicia
826 4578 949 4640 00000044
965 4580 1017 4628 004.
1040 4579 1078 4627 040
1095 4576 1230 4636 dicuntur,
1253 4576 1330 4639 quasi
1345 4573 1454 4626 Alienus
1471 4574 1597 4626 iudicium

274 4659 380 4723 aliquod
397 4661 518 4724 accipere
535 4659 662 4721 noluerit,
681 4660 753 4724 quod
770 4664 861 4711 000400
879 4663 928 4711 004.
951 4662 1011 4725 4000
1028 4664 1117 4711 aulem
1128 4661 1211 4710 000440
1223 4661 1318 4710 miram
1330 4659 1598 4711 habetoiiensionem

273 4747 299 4794 in
317 4746 368 4794 hac
389 4746 544 4809 repetitione
567 4746 637 4795 00400
656 4750 858 4808 0000000400--
869 4746 939 4794 cuius
953 4750 1108 4808 procurater
1124 4745 1181 4795 0400
1198 4742 1248 4794 0440
1266 4745 1349 4806 figura
1366 4744 1508 4795 rhetorice.
1535 4746 1597 4796 llibi

274 4831 368 4880 Cicero
385 4830 453 4879 haec
470 4828 526 4880 sola
544 4831 682 4894 0004004000
694 4829 812 4880 040040οε
832 4837 877 4880 004
889 4830 916 4881 0.
928 4831 1041 4893 Aquilius
1051 4856 1088 4866 --
1098 4829 1143 4879 boe
1160 4830 1199 4878 400
1214 4829 1241 4878 40
1257 4829 1356 4878 04044040
1366 4831 1509 4890 constituat,
1527 4831 1598 4879 00400

271 4919 425 4979 procurator
441 4928 459 4964 0
471 4920 590 4977 praetore
606 4914 717 4964 40440000
733 4916 862 4977 appellare
878 4929 955 4965 00000
970 4915 1014 4977 sit,
1032 4928 1088 4966 eum
1104 4929 1153 4964 000
1171 4915 1266 4977 defendi
1283 4916 1334 4965 cet.
1353 4914 1464 4966 4400οι0.

339 4999 354 5063 5
372 4999 412 5048 60.
430 5012 458 5064 0.
478 4999 518 5060 40,
536 4999 561 5050 8.
580 4999 620 5050 Ad
636 4998 776 5050 lectionem
793 5013 887 5050 0000000
903 5002 991 5063 cupiat
1008 4999 1076 5051 0004.
1094 5012 1143 5064 000
1160 4999 1253 5049 4400040
1270 4999 1360 5049 Amer.
1378 4998 1393 5062 5
1411 4999 1442 5048 43
1458 5012 1485 5063 0.
1499 4998 1540 5060 33,
1554 4998 1594 5050 43.

339 5084 354 5148 5
371 5085 412 5134 ut.
430 5097 457 5148 p.
470 5085 511 5144 20,
525 5084 549 5133 4.
567 5085 767 5135 0000444000οα0
782 5085 860 5135 borae
876 5086 910 5134 ad
927 5086 1061 5135 0004404000
1076 5089 1197 5133 nostrisa.
1211 5109 1238 5119 -
1256 5083 1336 5133 400040
1351 5083 1404 5145 ipse
1419 5082 1523 5134 arcebit.
1540 5082 1596 5133 Ad-

273 5169 406 5220 versarius
422 5166 539 5232 superbe
558 5169 734 5232 iniquissimas
751 5169 847 5232 agendi
864 5167 937 5233 leges
955 5170 1075 5230 Quinctio
1091 5167 1264 5233 praeseribit;
1290 5167 1334 5218 bie
1351 5180 1398 5217 eas
1415 5166 1505 5217 subire
1522 5169 1596 5231 cogi-

273 5257 324 5303 tur.
353 5253 405 5303 Sed
428 5252 545 5317 superbe
565 5255 675 5303 minanti
692 5267 745 5304 000
762 5254 887 5305 convenit
903 5253 1060 5318 gerundium
1073 5253 1286 5316 praestituendus,
1309 5250 1400 5302 timido
1418 5250 1594 5303 0000044000

274 5339 357 5402 magis
374 5339 442 5388 haec
459 5336 545 5387 0004444
561 5339 644 5401 000044
662 5337 771 5388 fiducia:
790 5340 867 5389 40000
881 5341 933 5401 ipsc
948 5338 1055 5398 0000040
1076 5336 1190 5388 verbum
1206 5338 1296 5387 autem
1313 5337 1401 5400 ipsum
1417 5336 1520 5386 arcendi
1537 5338 1594 5401 (pro

274 5437 306 5473 eo
324 5422 396 5486 quod
414 5426 469 5473 est:
493 5423 610 5482 resistet,
634 5421 741 5472 obviam
758 5421 806 5472 ibit
822 5427 926 5474 vestrae
944 5422 1094 5488 superbiae)
1112 5424 1232 5487 ineptum
1249 5424 1298 5472 est.
1327 5419 1411 5471 Codd.
1427 5420 1595 5483 0000044000-

274 5509 334 5558 dum
351 5510 378 5558 04
394 5506 527 5558 arcebitur.
554 5507 646 5557 Omnia
663 5507 731 5556 haec
749 5507 888 5557 tribuenda
905 5507 1058 5558 adversario
1076 5509 1152 5559 04040
1164 5504 1321 5557 scribenda:
1340 5504 1595 5555 Praestitueutur

272 5592 351 5642 boras
367 5592 402 5640 00
417 5592 551 5642 arbitrium
566 5597 691 5653 00040000,
710 5592 787 5642 iudae
802 5592 855 5654 4000
869 5591 1067 5641 coercebitur.
1087 5590 1124 5654 (ld
1135 5592 1207 5641 enim
1224 5589 1313 5639 400000
1324 5590 1411 5640 000044
1423 5591 1500 5639 eraut
1515 5588 1594 5653 533.)

273 5678 339 5727 Tum
357 5677 492 5737 Quinctius
510 5678 585 5739 quasi
602 5674 677 5740 plura
694 5677 806 5741 imperia
823 5677 995 5742 000000400οι
1019 5675 1084 5739 Quid
1099 5673 1172 5726 trun?
1187 5701 1221 5712 -
1238 5673 1390 5746 Respondet
1406 5672 1590 5724 adversarius:

274 5761 309 5813 40
324 5761 434 5824 aliquem
450 5763 502 5814 cel.
513 5762 629 5813 4400040.
