3800 7350
583 1194 656 1260 css.
677 1194 996 1259 xxva-xxvia.
1024 1191 1081 1277 ss.
1102 1191 1249 1258 ‹so-75.
1510 1190 1566 1256 ssa

257 1365 357 1430 Clodii
384 1367 470 1449 leges
492 1367 679 1439 timuerunt,
710 1385 804 1448 quem
827 1363 1014 1427 admodum
1037 1372 1156 1428 ceteras
1179 1365 1405 1427 observarunt?
1439 1364 1572 1427 Senatus

256 1460 399 1543 quidem,
421 1460 513 1521 cuius
535 1467 583 1521 est
603 1459 821 1541 gravissimum
841 1457 991 1522 iudicium
1007 1459 1046 1520 de
1060 1458 1128 1520 iure
1143 1457 1265 1539 legum,
1289 1459 1572 1540 quotienscumque

256 1552 296 1615 de
317 1572 368 1615 me
389 1552 552 1615 consultus
574 1561 637 1625 est,
659 1552 775 1615 totiens
798 1570 866 1614 eam
890 1551 1008 1613 nullam
1031 1571 1101 1614 esse
1123 1551 1283 1613 iudicavit.
1316 1549 1410 1625 Quod
1429 1550 1513 1613 idem
1528 1557 1572 1623 tu,

255 1644 405 1719 Lentm,
427 1646 533 1710 vidisti
556 1646 588 1707 in
610 1664 648 1707 ea
670 1644 756 1727 lege,
780 1665 874 1728 quam
898 1645 936 1707 de
959 1665 1008 1707 me
1030 1646 1138 1708 tulisti.
1170 1646 1249 1706 Nam
1263 1664 1328 1707 nou
1344 1653 1392 1708 est
1406 1647 1451 1708 ita
1464 1645 1573 1717 latum,

255 1747 290 1801 ut
318 1739 395 1802 mihi
425 1739 555 1802 Romanu
577 1740 685 1801 venire
713 1738 836 1812 liceret,
868 1739 923 1801 sed
946 1740 1156 1801 ut'venirem:
1188 1759 1250 1801 non
1273 1739 1358 1825 enim
1379 1738 1508 1803 voluisti
1529 1736 1596 1811 id,o

255 1831 343 1915 quod
364 1831 495 1906 licebat,
521 1831 603 1895 ferre
626 1841 661 1894 ut
682 1831 806 1904 liceret,
837 1830 892 1894 sed
914 1851 965 1893 me
987 1831 1031 1893 ita
1053 1851 1121 1895 esse
1144 1832 1177 1894 in
1199 1832 1394 1915 republica,
1418 1833 1517 1915 magis
1537 1839 1573 1894 ut

255 1926 424 1989 arcessitus
444 1927 577 2010 imperio
598 1924 710 2009 populi
731 1926 862 1988 Romani
884 1924 1009 1988 viderer
1030 1945 1125 2008 quam
1146 1925 1186 1987 ad
1205 1924 1483 1989 administrandam
1498 1926 1574 1987 civi-

256 2026 351 2083 tatem
373 2020 547 2083 restitutus.

340 2110 391 2175 72.
414 2113 506 2176 Hunc
527 2121 561 2175 tu
583 2113 692 2186 etiam,
721 2119 903 2195 portentosa
923 2112 1040 2193 pestis,
1068 2110 1210 2175 exsulem
1231 2112 1390 2197 appellare
1412 2133 1507 2176 ausus
1529 2132 1573 2183 es,

256 2230 326 2271 cum
341 2208 438 2272 tantis
451 2206 621 2271 sceleribus
635 2224 721 2268 esses
739 2213 772 2267 et
785 2204 912 2286 flagitiis
933 2212 1068 2279 notatus,
1087 2212 1122 2266 ut
1140 2226 1265 2268 omnem
1281 2206 1395 2280 locum,
1412 2226 1476 2290 quo
1491 2206 1611 2268 acis-o

258 2321 325 2376 ses,
346 2299 452 2364 exsilii
474 2300 669 2363 simillimum
692 2298 862 2361 redderes?
896 2296 981 2372 Quid
1010 2306 1058 2360 est
1079 2299 1162 2360 enim
1185 2299 1300 2362 exsult
1333 2300 1440 2380 Ipsum
1462 2318 1519 2381 per
1540 2318 1574 2361 se

257 2414 374 2458 nomen
396 2393 597 2466 calamitatis,
619 2413 683 2455 nou
705 2390 917 2475 turpitudinis.
950 2391 1085 2481 Quando
1106 2392 1202 2473 igitur
1223 2400 1271 2456 est
1293 2395 1406 2476 turpet
1428 2393 1473 2454 lle
1492 2412 1575 2464 vera,

259 2509 330 2551 cum
360 2494 409 2551 est
435 2505 539 2569 poena
566 2487 704 2568 peccati,
732 2484 880 2568 opinione
907 2493 1012 2546 autem
1034 2484 1197 2547 hominum
1220 2487 1328 2559 etiam,
1357 2486 1384 2548 si
1406 2491 1454 2546 est
1474 2504 1576 2567 poena

259 2581 408 2645 damuati.
441 2580 550 2641 Utrum
572 2580 667 2661 igitur
687 2588 817 2661 peccato
840 2596 909 2639 meo
932 2597 1048 2640 nomen
1071 2578 1168 2642 subeo
1190 2598 1231 2642 au
1252 2600 1287 2642 re
1308 2578 1469 2643 iudicata?
1501 2580 1577 2641 Peo-

258 2678 353 2738 carot
392 2674 458 2736 lam
487 2692 592 2755 neque
621 2681 655 2734 tu
684 2672 716 2735 id
747 2670 851 2741 dicere
873 2670 987 2743 audes,
1021 2691 1115 2753 quem
1137 2672 1189 2758 isti
1211 2671 1361 2736 satellites
1383 2673 1429 2736 tui
1451 2672 1614 2737 l'elicemsa

259 2767 421 2830 Catilinam
444 2766 624 2841 nominant,
652 2785 757 2849 neque
780 2764 947 2848 quisquam
970 2782 1095 2838 eorum,
1126 2766 1180 2848 qui
1202 2765 1356 2829 solebant.
1391 2768 1462 2830 Non
1483 2766 1576 2831 modo

259 2861 319 2924 iam
341 2879 435 2923 nemo
458 2868 507 2923 est
527 2869 590 2923 tam
613 2859 794 2941 imperitus,
818 2858 951 2941 quiea,
980 2877 1062 2941 quae
1084 2859 1166 2940 gessi
1189 2860 1222 2921 in
1244 2861 1425 2937 consulatu,
1448 2869 1577 2945 peccata

258 2974 327 3018 esse
358 2954 459 3027 dicat,
488 2953 544 3016 scd
572 2970 666 3017 nemo
687 2960 736 3015 est
757 2960 821 3014 tam
842 2951 990 3015 inimicus
1011 2954 1146 3033 patriam,
1175 2954 1230 3035 qui
1250 2973 1316 3016 non
1338 2956 1415 3019 meis
1437 2956 1577 3020 consiliis

258 3048 391 3130 patriam
413 3053 629 3111 conservatam
652 3065 723 3108 esse
744 3045 886 3107 fateatur.
930 3045 1074 3106 xxvm.
1096 3041 1147 3106 73.
1162 3044 1255 3121 Quod
1277 3047 1363 3110 euim
1377 3050 1472 3112 estin
1487 3048 1577 3112 terris

259 3159 426 3203 commune
447 3146 569 3203 tantum
589 3138 783 3202 tantulumve
805 3137 989 3211 consilium,
1012 3138 1096 3219 quod
1118 3158 1183 3202 non
1205 3139 1245 3202 de
1266 3142 1345 3204 meis
1366 3143 1460 3206 rebus
1482 3142 1615 3224 gestisse

260 3252 314 3308 ea,
343 3252 425 3315 quaa
454 3234 530 3295 mihi
560 3241 665 3296 essent
692 3231 887 3314 optatissima
910 3240 941 3293 et
962 3230 1188 3312 pulcherrima,
1216 3233 1383 3297 iudicarit?
1416 3236 1576 3297 Summum

261 3335 309 3389 est
335 3324 444 3409 populi
473 3326 605 3389 Romani
633 3326 888 3409 populorumque
910 3333 942 3387 et
962 3325 1102 3407 gentium
1125 3327 1265 3390 omnium
1288 3347 1324 3389 ac
1344 3347 1452 3410 rapum
1475 3328 1578 3390 consi·

260 3419 339 3484 lium
360 3427 505 3484 senatus:
528 3418 667 3481 decrevit
687 3426 722 3481 ut
743 3438 866 3491 omnes,
889 3419 944 3501 qui
966 3436 1031 3480 rem
1054 3418 1211 3500 publicam
1233 3419 1351 3484 salvam
1367 3440 1436 3483 esse
1450 3420 1578 3493 vellent,

260 3513 302 3576 ad
323 3532 373 3577 me
394 3534 494 3577 unum
515 3510 748 3575 defendendum
770 3512 930 3583 venirent,
953 3511 1154 3595 ostenditque
1176 3533 1234 3576 nec
1256 3520 1340 3576 stare
1355 3514 1496 3597 potuisse
1512 3534 1577 3576 rem

259 3606 434 3690 publicam,
457 3608 484 3671 si
506 3625 565 3689 eqo
587 3625 651 3669 nou
672 3604 818 3679 fuissem,
840 3624 900 3668 nec
917 3604 1056 3668 futuram
1074 3625 1144 3670 esse
1160 3606 1273 3683 ullam,
1295 3609 1322 3670 si
1339 3627 1403 3672 non
1416 3608 1615 3671 redissemas

260 3697 311 3762 ll.
333 3702 499 3765 Proximus
522 3709 571 3763 est
590 3699 665 3763 huic
687 3700 829 3783 dignitati
853 3699 930 3762 ordo
954 3707 1116 3784 equester:
1139 3720 1249 3764 omnes
1271 3704 1411 3766 omnium
1435 3703 1578 3785 publico·

259 3814 328 3859 rum
356 3795 524 3858 societates
553 3794 593 3857 de
620 3812 690 3857 meo
720 3793 886 3856 consulatu
915 3813 952 3856 ac
980 3795 1018 3856 de
1045 3794 1123 3857 meis
1150 3795 1246 3859 rebus
1268 3797 1364 3879 gestis
1386 3796 1579 3880 amplissima

259 3896 356 3972 atque
377 3888 577 3952 ornatissima
598 3887 724 3951 decreta
744 3886 896 3949 lecerunt
931 3887 1068 3961 Scribas,
1091 3887 1147 3970 qui
1169 3889 1333 3952 nobiscum
1355 3889 1388 3952 in
1402 3891 1578 3953 rationibus

260 3982 535 4065 monumentisque
557 3982 689 4066 publicis
711 3986 891 4054 versantur,
914 4000 978 4043 non
1000 3980 1169 4043 obscurum
1192 3981 1231 4044 de
1253 3983 1331 4045 meis
1348 3984 1381 4046 in
1394 4004 1459 4048 rem
1475 3983 1579 4066 puhli-

259 4095 329 4140 cam
350 4072 511 4139 beneficiis
533 4095 626 4138 suum
646 4073 799 4136 iudicium
823 4073 1046 4157 decretumque
1068 4093 1138 4138 esse
1160 4075 1338 4139 voluerunt.
1381 4077 1508 4141 Nullum
1530 4085 1614 4141 estao

259 4171 293 4232 in
314 4168 373 4232 hac
393 4168 472 4232 urbe
494 4168 677 4251 collegium,
700 4166 780 4230 nulli
802 4167 916 4250 pagani
938 4173 995 4229 aut
1015 4168 1171 4242 montani,
1200 4169 1349 4250 quoniam
1371 4169 1475 4253 plebei
1497 4191 1578 4254 quo-

260 4282 324 4347 que
344 4262 483 4326 urbanae
505 4262 641 4325 maiores
663 4259 760 4324 nostri
783 4260 1004 4323 conventicula
1025 4267 1058 4322 et
1079 4262 1168 4344 quasi
1191 4263 1325 4326 concilia
1338 4263 1493 4348 quaedam
1506 4283 1577 4327 esse

260 4355 443 4432 voluerunt,
471 4356 526 4441 qui
553 4376 616 4420 nou
637 4354 829 4437 amplissime
857 4373 920 4418 uon
943 4351 1038 4416 modo
1060 4352 1099 4416 de
1121 4354 1222 4418 salute
1245 4375 1328 4430 mea,
1350 4358 1407 4421 sed
1429 4359 1523 4421 etiarn
1537 4357 1577 4419 de

261 4449 413 4532 dignitate
442 4450 648 4515 decreverint.
690 4446 742 4510 75.
769 4448 848 4510 Nam
877 4445 954 4530 quid
982 4466 1041 4528 ego
1066 4447 1121 4510 illa
1143 4447 1249 4511 diviua
1270 4456 1367 4533 atque
1387 4450 1576 4514 immortalia

261 4545 506 4629 municipiorum
528 4552 560 4607 et
580 4542 775 4607 coloniarum
797 4549 828 4605 et
850 4541 946 4604 totius
961 4539 1070 4604 ltaliae
1085 4541 1210 4606 decreta
1224 4546 1485 4607 commemorem?
1507 4544 1614 4627 qui-ss

260 4637 320 4701 bus
349 4645 510 4724 tamquam
538 4635 687 4721 gradibus
711 4635 790 4698 mihi
810 4634 920 4699 videor
941 4634 974 4696 in
996 4635 1117 4698 caelum
1139 4635 1357 4712 adscendisse,
1386 4657 1451 4699 non
1473 4637 1576 4699 solum

260 4733 295 4797 in
316 4733 449 4819 patriam
468 4733 647 4796 sevenisse.
678 4729 736 4794 llle
754 4748 829 4792 vero
852 4727 920 4792 dies
943 4727 998 4813 qui
1019 4727 1094 4803 fuit,
1117 4749 1187 4792 cum
1202 4738 1242 4804 te,
1264 4731 1297 4793 P.
1312 4731 1455 4806 Lentule,
1476 4732 1577 4815 legem

327 5047 1579 5114 totoue-2.qmammmqmc:qccasrccsqsso-3.tctoesc:maimo—tur-

261 5131 419 5181 ceoetturl‘¹
436 5156 465 5167 -
482 5125 839 5188 mmasmteoeraeecmc
861 5152 887 5162 -
906 5124 1408 5176 9·tl.esutem·-em'lii··esatPG
1429 5150 1456 5160 -
1477 5124 1579 5187 ropa-

261 5203 411 5267 pltttsnos:
433 5203 581 5267 factitiam
602 5203 676 5266 factis
692 5201 786 5252 GMO.
810 5200 848 5250 Cl.
868 5199 883 5263 g
902 5201 958 5250 tan.
978 5227 1005 5236 —
1032 5199 1071 5248 li.
1089 5197 1186 5263 nomeu]
1202 5211 1259 5248 mee
1279 5198 1307 5250 P¹
1324 5201 1378 5261 (per
1397 5212 1423 5250 sc
1442 5203 1580 5248 estaomce

263 5272 1581 5340 Halmius.)-lt.commotu.G-sitriclllestetiomGMV-ti.eoracaczecsetisao-

262 5351 390 5401 merso-
408 5351 969 5417 PeccctcllchpecccttolnmP13pcccctio
985 5350 1038 5399 iam
1054 5347 1362 5409 Gil3peccotioecmv
1381 5375 1408 5384 -
1431 5349 1471 5399 lo.
1488 5347 1582 5396 tuidi-

263 5423 665 5479 mnu-esacuv-
693 5408 1152 5490 colnac-se.qe]q=esr¹;
1176 5422 1582 5486 manv-menese

263 5496 1580 5567 1²¹-commutamn-raquoasmnuv-sr.ssseasov-as.m0m.c-

263 5573 974 5630 massono-aadocreeoP-uettmo-
994 5571 1583 5636 2l.deseederdeml>¹-pcsscG-26.ce-

264 5647 407 5712 ΜΡ
432 5677 460 5689 -
485 5649 915 5702 17.ιοοίοιαωισᾱιοσοιυιιὶιιιιιΡ“
940 5674 967 5685 -
994 5649 1035 5699 28.
1059 5646 1224 5699 decrestoP¹
1251 5674 1277 5683 -
1303 5646 1582 5706 idoneiorem-

264 5722 410 5787 ³⁴.th
431 5726 466 5783 G;
484 5723 549 5787 prat
571 5724 634 5775 civ
661 5751 687 5761 -
711 5723 753 5775 32.
770 5723 862 5775 namt
882 5725 967 5775 GMV
989 5751 1017 5759 -
1039 5722 1146 5772 maiorm
1169 5723 1206 5774 ll:
1230 5736 1311 5774 eures
1330 5723 1409 5774 PGV
1428 5747 1455 5758 -
1479 5717 1585 5769 coemtio

265 5798 299 5849 C:
322 5799 427 5850 emutio
442 5811 504 5851 cum
519 5801 635 5853 Uenutio
652 5800 673 5851 0
692 5826 719 5838 -
745 5799 785 5852 33.
803 5814 854 5851 sce
870 5801 931 5850 ante
948 5797 1025 5861 crept.
1042 5794 1160 5848 deletum
1177 5799 1219 5849 eet
1234 5798 1261 5848 in
1277 5799 1335 5848 Ρ-
1354 5797 1395 5848 36.
1414 5792 1584 5846 cenom

308 5963 398 6016 ῦιωο
411 5963 475 6014 nu.
1209 5927 1215 5941 ⁶
1327 5964 1368 6029 56
