3800 7350
694 1230 1187 1317 cn.1x-x1.ssso-as.
1539 1215 1602 1286 703

281 1406 450 1491 praesidiis
471 1404 552 1469 forte
575 1404 718 1478 invides,
748 1411 780 1467 et
801 1404 827 1467 si
850 1424 888 1468 ea
909 1405 967 1467 tibi
989 1405 1075 1487 regia
1097 1404 1260 1478 videntur,
1289 1401 1376 1487 qnod
1397 1420 1506 1464 omnes
1526 1397 1601 1463 boni

280 1501 423 1563 omnium
446 1518 595 1582 generum
617 1505 714 1583 atque
743 1498 887 1561 ordinum
914 1519 1003 1562 suam
1032 1498 1164 1562 salntem
1193 1518 1265 1560 cum
1291 1516 1362 1559 mea
1388 1495 1601 1575 coniungunt:

280 1594 445 1656 consolare
467 1600 516 1665 te,
545 1592 793 1677 quodomnium
816 1598 936 1655 mentes
959 1591 1171 1675 improbomm
1194 1589 1270 1653 mibi
1293 1589 1349 1652 uni
1371 1589 1507 1652 maxime
1528 1588 1604 1648 sunt

280 1686 423 1750 infensae
446 1694 477 1749 ct
500 1685 667 1761 adversae:
689 1687 745 1769 qni
766 1705 817 1748 me
839 1706 904 1748 non
929 1680 1048 1770 [modo]
1072 1686 1176 1749 solum
1198 1683 1317 1748 idcirco
1340 1682 1493 1752 oderunt,
1515 1674 1601 1761 quod

280 1801 389 1844 eorum
410 1787 543 1843 conatus
564 1779 679 1863 impios
700 1786 733 1842 et
752 1778 891 1842 furorem
913 1778 1160 1842 consceleratum
1181 1778 1339 1861 repressi,
1368 1775 1425 1841 scd
1446 1794 1485 1838 eo
1506 1770 1626 1835 etiaml

280 1875 397 1956 magis,
429 1872 515 1957 quod
542 1872 622 1936 nibil
650 1873 713 1936 ianr
747 1892 780 1935 se
813 1872 916 1936 simile
949 1892 1000 1934 mc
1032 1873 1104 1935 vivo
1137 1872 1244 1935 conari
1277 1892 1372 1954 posse
1401 1869 1602 1933 arbitrentur.

279 1965 331 2029 30.
354 1970 393 2029 At
413 1987 489 2031 uero
512 1965 588 2050 quid
610 1985 669 2049 ego
692 1967 802 2042 mirer,
825 1966 851 2029 si
874 1965 950 2049 quid
973 1965 1013 2029 ab
1033 1966 1184 2050 improbis
1206 1965 1246 2028 de
1261 1985 1311 2028 mc
1325 1962 1465 2048 improbe
1480 1956 1603 2029 dicitur,

281 2081 352 2124 cnm
375 2062 410 2123 L.
433 2062 611 2144 Torquatus
634 2061 769 2144 primum
792 2061 859 2143 ipse
882 2060 921 2123 iis
942 2059 1156 2123 fundamentis
1177 2058 1409 2123 adolescentiae
1431 2053 1537 2125 iactis,
1564 2067 1603 2113 ea

281 2174 336 2238 spc
358 2154 519 2237 proposita
541 2154 752 2235 amplissimae
774 2155 949 2237 dignitatis,
972 2154 1087 2217 deinde
1103 2155 1137 2216 L.
1153 2154 1323 2237 Torquati,
1344 2148 1507 2214 fortissimi
1528 2163 1602 2208 con·

281 2247 377 2320 sniis,
410 2248 657 2310 constantissimi
686 2248 856 2323 senatoris,
890 2268 1014 2331 semper
1046 2248 1156 2331 optimi
1187 2248 1280 2322 civis,
1308 2246 1413 2319 filius,
1442 2238 1640 2306 interdumto

281 2342 430 2406 efferatur
450 2340 711 2403 immoderatione
733 2341 922 2405 verborum?
966 2341 1029 2416 Qui
1051 2363 1123 2405 cum
1145 2360 1316 2424 suppressa
1335 2357 1413 2402 voce
1429 2337 1469 2400 de
1484 2333 1603 2398 sociem

281 2436 314 2497 P.
344 2434 487 2507 Lentuli,
517 2433 556 2495 de
583 2435 715 2498 audacia
745 2435 983 2498 coniuratorum
1010 2437 1150 2499 omnium
1179 2435 1326 2509 dixisset,
1354 2438 1477 2497 tantum
1506 2425 1603 2491 modo

279 2536 411 2603 utros,
435 2528 489 2611 qui
512 2547 548 2590 ea
569 2528 724 2610 probatis,
747 2528 896 2591 exaudire
919 2530 1071 2611 possetis,
1093 2531 1133 2592 de
1155 2528 1328 2611 supplicio,
1352 2523 1411 2611 [dc
1432 2514 1602 2601 Lentulo‚]

280 2622 320 2686 de
350 2640 475 2685 carcere
503 2640 617 2704 magna
645 2629 677 2684 ct
704 2621 902 2705 queribunda
927 2641 1006 2686 voce
1039 2622 1173 2686 dicebat.
1223 2617 1274 2683 3l.
1307 2622 1434 2705 inquo
1465 2615 1602 2700 primum

280 2722 348 2777 crat
368 2713 449 2777 illud
471 2713 653 2787 absurdum,
675 2715 776 2798 quod,
799 2736 869 2778 cum
892 2734 940 2789 ea,
963 2734 1045 2800 qnae
1065 2716 1177 2780 leviter
1198 2716 1336 2790 dixerat,
1359 2713 1449 2778 vobis
1471 2709 1602 2795 probare
1610 2719 1641 2768 tl

278 2808 420 2882 volebat,
443 2827 500 2871 eos
523 2802 669 2891 [autem],
693 2807 749 2889 qui
771 2808 887 2871 circum
909 2809 1061 2872 indicium
1084 2810 1224 2884 stabant,
1246 2808 1357 2873 audire
1374 2806 1515 2880 nolebat,
1537 2822 1602 2866 non

278 2900 477 2983 intelligebat
497 2920 551 2975 ea,
583 2919 664 2983 quae
687 2901 771 2965 clare
793 2901 927 2976 diceret,
960 2903 1005 2965 ita
1025 2903 1099 2967 illos
1120 2903 1304 2977 audituros,
1334 2902 1448 2986 quibus
1470 2919 1505 2964 sa
1526 2917 1603 2961 ven·

278 2993 414 3068 ditabm,
435 3002 471 3057 ut
490 3013 549 3057 vos
571 3014 701 3078 qnoque
722 2995 893 3071 audiretis,
916 2997 972 3079 qni
995 2996 1027 3058 id
1042 3016 1107 3059 non
1121 2996 1318 3079 probabatis:
1341 2996 1455 3060 deinde
1469 2996 1602 3058 altemm

278 3086 341 3149 iam
364 3088 497 3150 oratoris
518 3088 631 3151 vitium
652 3107 717 3150 non
739 3088 866 3163 videre,
891 3089 964 3171 quid
988 3108 1133 3174 quaeque
1155 3109 1253 3152 cansa
1272 3090 1421 3173 postulet
1455 3088 1540 3152 Nibil
1555 3092 1604 3150 est

278 3180 363 3243 enim
393 3189 456 3244 tam
485 3181 625 3245 alienum
654 3182 693 3244 ab
720 3201 775 3257 eo,
811 3182 866 3265 qui
900 3181 1034 3245 alterum
1067 3182 1295 3246 coniurationis
1327 3192 1469 3257 accuset,
1506 3191 1639 3268 qucrntl

278 3272 379 3336 rideri
401 3274 634 3337 coniuratorum
656 3294 792 3357 poenam
814 3281 1013 3357 mortemque
1041 3275 1159 3358 lugere.
1203 3275 1298 3352 Quod
1320 3296 1391 3340 cnm
1412 3278 1440 3340 is
1460 3277 1603 3340 tribunus

278 3366 323 3448 pl.
337 3364 429 3441 iacit,
452 3368 508 3452 qni
529 3389 612 3432 unus
628 3369 752 3432 videtur
767 3388 808 3432 ex
823 3369 885 3432 illis
900 3368 941 3431 ad
957 3368 1112 3451 lugendos
1127 3371 1307 3433 coniuratos
1321 3370 1464 3445 relictus,
1482 3367 1602 3433 nernlni

280 3459 395 3521 mirum
418 3469 483 3537 est:
506 3462 637 3524 diflicile
658 3470 708 3525 est
728 3463 813 3526 enim
834 3471 956 3535 tacere,
979 3482 1051 3525 cunr
1072 3462 1198 3526 doleas:
1229 3470 1277 3537 te,
1299 3464 1327 3526 si
1342 3462 1420 3548 qnid
1434 3461 1602 3528 eiusmodi

280 3552 371 3628 44444,
402 3573 467 3618 non
488 3554 584 3619 modo
606 3554 701 3620 talem
722 3556 971 3630 adolescentem,
1006 3555 1118 3619 sedin
1140 3576 1179 3619 ea
1199 3576 1310 3631 causa,
1339 3557 1373 3619 in
1396 3578 1460 3641 qua
1481 3563 1513 3620 le
1535 3558 1603 3620 vin-

280 3647 383 3710 dicem
405 3648 632 3713 coniuretionis
654 3649 734 3714 velis
750 3670 835 3724 esse,
858 3649 1061 3715 vehementer
1075 3651 1222 3715 admimr.
1253 3648 1304 3713 32.
1328 3650 1390 3714 Sed
1404 3647 1641 3734 reprehendero

279 3750 382 3829 tnmen
404 3742 483 3805 illud
505 3742 657 3817 maxime,
686 3745 773 3828 quod
802 3744 865 3808 isto
893 3745 1020 3827 ingenio
1048 3752 1079 3807 et
1106 3745 1274 3828 prudentia
1293 3744 1457 3828 praeditus
1478 3763 1603 3809 causam

279 3836 326 3899 rei
347 3836 494 3920 publicae
515 3857 578 3900 non
601 3844 707 3911 tenes,
730 3839 786 3920 qui
807 3838 957 3901 arbitrere
977 3838 1061 3922 plebi
1079 3839 1237 3902 Romanae
1253 3858 1304 3900 res
1318 3858 1372 3901 eas
1386 3859 1450 3902 non
1465 3835 1603 3920 probari,

278 3950 357 4015 quas
378 3949 430 3993 me
452 3930 582 3993 consule
603 3950 713 3994 omnes
728 3931 803 3996 boni
816 3951 874 4015 pm
889 3931 991 3995 salute
1004 3932 1163 3995 communi
1177 3940 1354 4014 gesscmnt
1384 3932 1441 3994 xi.
1461 3930 1602 4013 Ecquem

343 4201 366 4249 4.
384 4213 463 4263 renna
480 4199 500 4249 Τ
519 4225 545 4236 -
566 4199 590 4250 3.
609 4204 632 4249 44
648 4201 734 4251 cmii
753 4227 781 4237 -
800 4202 860 4251 milli
877 4202 1003 4251 omn·
1023 4200 1047 4250 4.
1067 4201 1246 4264 4444444444-
1265 4215 1316 4251 non
1332 4202 1405 4251 niodo
1421 4201 1501 4251 solum
1515 4202 1602 4262 STV,

276 4276 292 4326 5
309 4274 423 4333 Orcum,
441 4272 498 4323 alii:
524 4276 597 4325 modo
618 4276 697 4325 :oleon
721 4289 775 4327 om.
793 4278 827 4336 B:
854 4278 927 4327 modo
943 4289 997 4325 om.
1017 4276 1037 4325 0
1056 4299 1084 4311 -
1102 4277 1127 4325 li.
1144 4277 1228 4340 monis
1242 4277 1319 4328 etium
1335 4277 1356 4324 V
1373 4279 1400 4327 el
1416 4276 1459 4328 ed.
1480 4275 1552 4327 4472.
1573 4303 1601 4315 -

278 4352 302 4399 6.
320 4350 373 4400 lom
389 4361 442 4399 om.
462 4349 484 4398 V
503 4377 530 4386 —
550 4351 574 4400 7.
593 4364 624 4401 oc
639 4365 699 4401 cero
715 4353 735 4401 Τ
753 4377 780 4387 -
799 4352 878 4401 mirer
894 4352 953 4409 TV,
972 4353 1002 4399 nl
1018 4351 1195 4411 Pantagathus
1211 4347 1307 4400 voluit:
1325 4352 1406 4402 miror
1422 4353 1471 4403 ilo
1489 4378 1517 4388 -
1535 4351 1559 4402 8.
1573 4353 1605 4401 iis

276 4425 385 4488 scripsi:
403 4424 467 4474 44444
483 4426 518 4483 Β,
536 4426 573 4475 ti:
590 4424 646 4476 rell.
666 4425 743 4477 codd.
763 4429 790 4476 et
806 4427 825 4476 0
842 4426 889 4487 (liis
903 4426 1018 4488 [4444444.
1035 4425 1088 4487 ipsc
1098 4426 1138 4487 VJ.
1154 4452 1180 4462 -
1200 4427 1240 4475 ll.
1253 4426 1448 4476 inmoderatione
1463 4426 1485 4474 V
1499 4453 1526 4463 -
1544 4425 1603 4474 444-

275 4513 362 4561 presso
379 4498 401 4546 V
420 4525 448 4536 -
468 4499 508 4548 ti.
524 4513 553 4561 p.
571 4501 644 4548 clodii
661 4501 746 4551 lentuli
756 4501 789 4562 T,
808 4501 856 4552 sed
873 4501 947 4550 clodii
963 4499 1059 4550 cadem
1071 4512 1151 4550 mann
1164 4497 1296 4561 deletum:
1311 4515 1360 4564 per
1370 4502 1456 4552 4444444
1465 4501 1497 4551 V.
1516 4501 1602 4553 non.

278 4571 378 4625 Lentuli
403 4585 501 4624 nomen
523 4573 566 4624 bic
582 4574 750 4625 adiecticinm
768 4577 818 4624 est.
845 4577 902 4626 Non
924 4576 1048 4625 convenit
1068 4573 1184 4624 eundem
1204 4574 1293 4626 scelns
1310 4575 1410 4627 Lentuli
1427 4577 1559 4639 exagitare
1576 4576 1604 4626 et

276 4645 435 4712 supplicium
453 4649 578 4698 aversari.
604 4651 638 4699 tl
653 4649 705 4699 boc
722 4650 824 4713 ipsum.
848 4650 965 4712 inquies,
988 4651 1042 4699 Cic.
1060 4649 1242 4714 reprehendit.
1268 4652 1294 4700 Si
1311 4651 1420 4715 quidem
1436 4649 1540 4714 vulgata
1557 4663 1603 4700 re-

275 4724 403 4774 tineatur:
430 4722 479 4774 sed
501 4723 569 4774 baec
590 4727 678 4775 tamen
700 4727 885 4776 accusatorem
907 4723 974 4775 ultra
992 4724 1073 4774 tidem
1095 4723 1205 4776 elnltum
1222 4737 1254 4776 ac
1271 4725 1425 4778 dementem
1440 4726 1510 4776 lacit.
1536 4725 1604 4776 Salia

276 4799 383 4849 omnino
400 4799 443 4847 est
459 4798 495 4848 ita
512 4797 620 4849 dicere:
639 4800 688 4859 qni
698 4813 755 4849 cum
771 4813 856 4861 ruppr.
874 4813 933 4849 voce
949 4801 980 4850 44
994 4800 1095 4861 4444444,
1114 4802 1144 4850 de
1161 4802 1271 4850 44444444
1284 4802 1473 4851 coniwntonnn
1489 4814 1513 4849 o.
1526 4799 1605 4848 44444-

275 4879 318 4923 ret.
346 4875 492 4935 iunguntur
512 4874 668 4937 saepissime
690 4875 767 4924 scelus
789 4877 816 4925 et
840 4876 963 4935 4444444,
989 4877 1116 4938 recteque
1139 4876 1282 4927 coniuratis
1301 4874 1426 4926 omnibns
1442 4874 1602 4924 tribuuntur.

276 4946 343 5007 0444
361 4947 433 4996 enlm
449 4945 538 4996 scelus
555 4948 599 4997 uni
617 4947 738 5010 Lentulo,
757 4949 868 5000 eudocia
881 4948 988 5012 reliquis
1000 4948 1175 5012 adsignetur?
1191 4963 1324 5013 quaenam
1338 4948 1533 5000 baccinaudile
1545 4961 1603 5012 par·

275 5022 367 5071 litiol·
391 5022 518 5070 Gnmrom
539 5021 564 5070 in
587 5021 646 5071 Cur.
664 5024 784 5072 44444444.
811 5024 865 5087 Ego
886 5028 975 5075 lamen
992 5025 1017 5074 P.
1036 5025 1133 5074 Lentuli
1149 5026 1262 5086 retinui,
1287 5026 1426 5089 qnoniam,
1450 5026 1479 5073 nl
1495 5020 1544 5073 alia
1563 5026 1603 5073 ta-

275 5108 367 5154 ceam,
386 5095 497 5144 ornnium
513 5094 548 5144 ad
565 5108 589 5145 v.
607 5097 796 5147 coniuratorum
812 5097 945 5148 adiectum
964 5098 1078 5148 ostendit
1095 5097 1166 5148 aliud
1183 5112 1280 5150 nomen
1298 5100 1487 5163 praecessisse.
1507 5125 1533 5136 -·
1554 5112 1603 5148 44-

275 5172 346 5220 44444
363 5170 383 5219 Τ
401 5195 428 5207 -
447 5169 487 5218 lt.
506 5182 538 5218 ec
553 5182 604 5219 non
617 5171 731 5232 prolatis
747 5173 764 5221 S
782 5197 809 5206 —
829 5174 859 5222 44
875 5173 977 5222 Lentulo
993 5174 1052 5234 TV,
1077 5173 1148 5238 quod
1165 5173 1297 5237 glossema
1314 5174 1433 5225 videtur:
1452 5174 1550 5224 Lentuli
1565 5175 1601 5233 B:

274 5247 301 5296 P.
319 5244 417 5294 Lentuli
433 5243 482 5293 lto
501 5269 528 5279 -
549 5244 588 5296 44.
608 5248 637 5296 de
652 5259 754 5297 corone
769 5249 799 5297 de
814 5249 941 5312 rncpch
956 5274 982 5283 -
1002 5250 1042 5298 45.
1060 5254 1116 5298 erat
1131 5250 1193 5299 illud
1209 5252 1243 5300 t:
1260 5251 1323 5300 illud
1339 5256 1395 5301 erat
1410 5252 1459 5302 no
1473 5277 1500 5287 -
1518 5250 1604 5300 leuiter

275 5321 395 5370 TVBS:
414 5319 501 5369 lecim
516 5319 609 5370 Lemb.
629 5322 654 5371 in
672 5333 756 5385 marg.
775 5335 806 5372 er
826 5323 910 5375 tribus
927 5323 983 5375 suis
1000 5323 1094 5383 codd:
1121 5327 1148 5374 al
1163 5339 1189 5374 v.
1207 5325 1288 5389 Seytl.
1307 5339 1333 5391 p.
1352 5325 1393 5376 lt.
1413 5352 1440 5362 —
1460 5326 1500 5375 46.
1518 5329 1603 5374 cutem

275 5407 329 5445 om.
348 5395 368 5444 Τ
387 5420 414 5429 -
433 5394 538 5445 circuli
559 5422 585 5431 —
611 5396 652 5444 lt.
670 5396 823 5460 inteueqebnl
840 5400 860 5449 Τ
877 5424 904 5434 -
924 5397 1020 5448 dicebat
1036 5399 1056 5449 ll
1074 5425 1101 5435 -
1125 5401 1155 5450 de
1172 5399 1261 5462 quibru
1275 5413 1301 5449 44
1316 5399 1494 5452 vindiecbntil
1513 5427 1541 5437 -
1560 5399 1601 5450 48.

274 5471 340 5519 idem
356 5471 391 5527 B:
410 5469 437 5518 id
452 5470 473 5519 0
490 5482 552 5520 cum
569 5470 689 5520 Ernestio
706 5472 809 5523 uncinis
826 5461 1010 5522 circumdedit.
1028 5497 1055 5508 -
1071 5473 1218 5536 probabatis
1234 5474 1322 5524 Vbs:
1338 5475 1475 5536 protolici:
1490 5476 1524 5532 V:
1539 5489 1603 5536 pro·

275 5543 340 5593 bulis
357 5544 372 5594 ³
389 5544 490 5593 Oxonn.
511 5570 539 5581 —
567 5545 606 5594 49.
625 5546 720 5595 uiciurn
735 5547 755 5595 Τ
772 5572 800 5583 -
825 5549 891 5609 quod
906 5548 927 5597 'l
944 5573 971 5584 -
996 5560 1166 5611 quaecumque
1181 5562 1203 5598 c.
1220 5549 1392 5611 postulurelB
1411 5578 1439 5588 -
1460 5551 1522 5600 nibil
1537 5550 1603 5599 44444

274 5624 310 5669 est
325 5621 343 5669 S
362 5647 389 5659 -
408 5620 449 5669 it.
467 5620 548 5669 uideri
564 5633 618 5670 om.
638 5621 657 5672 B
675 5646 703 5658 -
722 5624 788 5683 quod
803 5635 861 5673 44444
876 5623 898 5672 44
916 5623 1064 5674 ATVBS:
1084 5624 1150 5686 quod
1165 5629 1248 5674 torrun
1264 5624 1287 5673 44
1302 5623 1363 5674 cod.
1377 5626 1491 5675 Parcet
1508 5623 1601 5676 Lamb.

275 5696 301 5745 in
319 5707 414 5757 marg..
431 5694 479 5744 sed
497 5694 541 5745 bic
556 5695 579 5743 is
595 5707 648 5745 om.
670 5722 697 5732 -
716 5696 828 5747 tribunos
842 5698 878 5761 pl.
895 5699 917 5748 Α
935 5724 963 5734 -
982 5698 1024 5748 22.
1041 5700 1133 5748 nemini
1148 5701 1243 5750 mirem
1258 5704 1293 5750 esl
1310 5700 1388 5751 A'l'V
1406 5700 1449 5759 tde
1466 5701 1487 5748 V
1504 5701 1602 5750 erravit

274 5769 423 5829 Gruterusi:
442 5782 499 5819 nere
515 5770 609 5819 minem
624 5774 660 5820 444
676 5772 711 5831 Β;
736 5785 815 5834 new
836 5774 863 5823 id
877 5774 972 5823 mirum
993 5778 1029 5822 cst
1045 5775 1077 5834 S:
1104 5772 1147 5824 alli
1163 5772 1230 5824 dett.
1248 5772 1333 5824 aliter.
1353 5801 1379 5811 -
1399 5775 1439 5824 23.
1456 5775 1521 5839 14444
1536 5775 1603 5824 4444-

273 5843 388 5903 rnorllV3
406 5844 546 5895 huiusmodl
562 5846 723 5909 44444414-
741 5847 782 5898 il.
800 5861 851 5898 non
866 5848 940 5899 lolem
956 5849 1101 5900 444444444-
1119 5847 1446 5915 :doemoniorum
1461 5851 1602 5919 -28.pro

273 5931 361 5970 cornrn
378 5919 460 5971 444444
476 5921 495 5970 Β
513 5945 543 5959 -
562 5926 585 5972 et
601 5934 675 5985 quern
690 5922 775 5973 TBs.
