3800 7350
304 1158 387 1226 llos
613 1143 614 1146 ‘
710 1159 863 1228 omno
885 1162 964 1228 nno
987 1161 1027 1238 Q·
1048 1161 1213 1226 arnano

304 1331 381 1395 civis
408 1330 568 1393 Romanus
595 1337 669 1393 ante
689 1336 721 1393 te
744 1352 853 1396 nemo:
884 1330 1006 1394 externi
1027 1330 1080 1393 isti
1102 1350 1221 1404 moros,
1252 1349 1353 1411 usque
1375 1328 1415 1391 ad
1437 1329 1625 1411 sanguinem

303 1425 427 1488 incitari
455 1424 546 1497 odio,
575 1430 630 1486 eut
655 1422 772 1488 levium
793 1424 983 1487 Graecorum
1009 1432 1064 1486 aut
1088 1424 1271 1488 immanium
1292 1423 1507 1487 barbarorum.
1544 1426 1626 1487 Nam

304 1517 382 1602 quid
402 1518 470 1600 agis
490 1515 599 1581 aliudi
620 1518 737 1581 Romae
759 1537 799 1582 ne
821 1519 882 1581 siti
903 1524 938 1579 ut
960 1516 1055 1580 domo
1070 1520 1194 1581 carecti
1216 1538 1257 1579 ne
1280 1538 1349 1579 cum
1371 1518 1497 1599 optimis
1520 1515 1626 1581 iratri-

302 1612 378 1685 bus,
407 1631 448 1675 ne
476 1630 547 1674 cum
574 1609 637 1673 boc
658 1611 694 1673 T.
715 1610 856 1675 Broccho
877 1610 1049 1686 avunculo,
1079 1632 1120 1674 ne
1142 1630 1213 1674 cunr
1236 1609 1305 1673 eius
1326 1607 1407 1684 filio,
1421 1610 1626 1674 consobrino

278 1722 377 1779 aruo,
399 1724 439 1769 ne
462 1703 626 1768 nobiscum
648 1704 757 1768 444444
779 1723 820 1767 ne
842 1704 937 1767 sitin
959 1706 1082 1787 patriai
1104 1708 1184 1770 Num
1208 1707 1278 1769 esti
1300 1725 1375 1770 num
1397 1711 1504 1787 potest
1524 1706 1625 1787 magis

302 1818 409 1862 carere
430 1797 482 1860 his
502 1797 659 1871 omnibus,
680 1816 776 1880 quam
798 1800 901 1860 cereti
925 1798 1014 1861 ltalia
1027 1799 1224 1880 prohibetur,
1245 1799 1379 1862 exsulat.
1412 1800 1482 1860 Non
1498 1806 1533 1862 tu
1546 1817 1625 1880 ergo

302 1891 402 1973 patria
422 1891 562 1974 privare,
583 1911 646 1972 qua
667 1899 768 1964 caret,
790 1890 847 1953 scd
869 1893 932 1955 rita
946 1894 1004 1955 vis.
1048 1887 1099 1955 l2.
1120 1894 1161 1956 at
1181 1893 1265 1956 istud
1288 1913 1328 1955 ne
1349 1892 1433 1976 apud
1456 1912 1528 1955 eum
1551 1892 1625 1974 qni·

303 1985 375 2048 dem
403 1983 606 2058 dictatorem,
637 1984 692 2067 qui
729 2003 837 2047 omnes
872 2005 953 2066 quos
981 1986 1092 2050 oderat
1128 1994 1228 2050 morte
1257 1986 1425 2060 multabat,
1454 1987 1624 2070 quisquam

302 2079 367 2160 egit
392 2079 454 2142 isto
481 2077 585 2143 modo.
627 2078 697 2161 lpse
724 2076 854 2141 iubebat
875 2079 994 2155 occidi,
1024 2080 1112 2144 nullo
1134 2080 1330 2161 postulante3
1359 2080 1507 2161 praemiis
1529 2080 1624 2146 etiam

266 2170 471 2247 reinvitabat3
493 2190 574 2255 quae
594 2178 700 2239 tamen
721 2170 889 2235 crudelitas
909 2173 949 2235 ab
972 2172 1033 2238 hoc
1046 2173 1160 2237 eodem
1174 2174 1296 2256 aliquot
1313 2173 1403 2237 aunis
1419 2182 1505 2255 post,
1528 2193 1625 2257 quem

303 2272 338 2328 tu
365 2284 450 2329 nunc
477 2263 637 2330 crudelem
665 2283 736 2328 esse
765 2264 828 2339 vis,
849 2263 1007 2331 vindicata
1029 2275 1085 2331 est.
1129 2269 1166 2332 V.
1188 2268 1255 2349 ligo
1276 2285 1351 2330 vero
1372 2266 1457 2330 istud
1479 2285 1543 2329 non
1567 2286 1627 2348 po·

303 2356 404 2433 stulo,
425 2358 559 2441 inquies.
602 2357 650 2421 lta
670 2356 870 2421 mehercule
893 2359 1056 2434 existimo,
1084 2360 1219 2423 Tubero.
1262 2359 1341 2423 Novi
1364 2359 1449 2425 enim
1470 2368 1517 2427 te,
1547 2359 1626 2422 novi

303 2459 443 2534 patrem,
464 2451 540 2514 novi
560 2449 690 2513 domum
711 2470 892 2534 nomenque
913 2460 1070 2528 vestrum3
1092 2453 1196 2516 studia
1214 2454 1339 2535 generis
1360 2472 1397 2515 ac
1417 2451 1557 2516 familiae
1572 2470 1627 2513 re·

303 2552 386 2609 strae
401 2545 536 2618 virtutis,
549 2543 761 2618 humanitatis,
775 2544 947 2621 doctrinae,
960 2546 1165 2630 plurimarum
1180 2548 1293 2609 artium
1312 2554 1409 2628 atque
1423 2544 1627 2627 optimarum,

267 2648 379 2708 innota
401 2638 479 2703 mihi
500 2645 574 2701 sunt
594 2639 710 2701 omnia.
753 2632 804 2701 43.
827 2641 936 2722 ltaque
958 2649 1043 2703 certo
1065 2640 1132 2702 scio
1149 2658 1205 2703 vos
1220 2659 1284 2702 non
1306 2648 1412 2723 petere
1427 2638 1627 2721 sanguinem,

303 2732 359 2797 sod
386 2751 498 2814 parum
519 2730 696 2807 attenditis3
727 2752 778 2796 ree
799 2732 885 2797 euim
906 2753 945 2796 eo
967 2740 1106 2816 spectat,
1127 2739 1163 2798 ut
1183 2752 1222 2795 ea
1242 2752 1361 2814 poena,
1381 2734 1416 2796 in
1436 2751 1501 2815 qua
1521 2729 1628 2793 adbuc

304 2824 343 2901 Q.
365 2824 510 2908 Ligarius
529 2831 593 2900 est,
614 2843 681 2888 non
702 2825 873 2892 videamini
895 2844 966 2894 ease
989 2824 1140 2888 contenti.
1169 2824 1260 2900 Quae
1273 2832 1323 2889 est
1341 2824 1439 2906 igitur
1451 2824 1513 2888 alia
1533 2842 1628 2907 prae·

303 2925 351 2982 ter
371 2919 526 2983 mortem?
548 2917 582 2981 Si
603 2918 688 2981 enim
710 2925 759 2981 est
779 2919 812 2982 in
834 2917 958 2992 exsilio,
980 2917 1073 2981 sicuti
1096 2925 1161 2992 est,
1182 2917 1258 3000 qnid
1279 2917 1414 3000 amplius
1434 2914 1627 2999 postulauit

303 3012 352 3073 An
374 3030 414 3073 ne
435 3010 636 3092 ignoscatur?
655 3010 726 3099 lion
747 3030 823 3076 vero
845 3010 944 3076 multo
966 3009 1112 3074 acerbius
1132 3011 1297 3094 multoque
1319 3018 1367 3080 est
1381 3010 1502 3074 dumus.
1530 3006 1627 3083 Quod

267 3123 363 3175 sonos
384 3104 521 3187 petimus
541 3104 706 3187 precibus,
727 3103 884 3179 lacunis,
906 3103 996 3168 strati
1016 3102 1056 3167 ad
1077 3103 1191 3186 podes,
1211 3124 1276 3167 non
1292 3111 1355 3168 lam
1368 3108 1496 3167 nostrae
1511 3119 1626 3165 musae

303 3196 436 3262 fidentes
458 3217 553 3281 quam
573 3197 667 3266 buius
687 3198 892 3272 humanitati,
913 3198 947 3261 id
968 3217 1009 3259 ue
1030 3197 1233 3281 impetremus
1247 3194 1445 3280 oppugnabis
1460 3200 1492 3257 et
1512 3194 1547 3256 in
1568 3213 1627 3256 no·

304 3299 403 3356 atrum
430 3291 539 3353 fletum
566 3290 721 3374 irrumpes
743 3298 776 3356 et
795 3310 855 3355 nos
876 3292 1015 3355 iacentes
1037 3289 1078 3354 ad
1100 3290 1199 3372 pedes
1220 3290 1397 3373 supplicum
1418 3307 1498 3355 voce
1518 3287 1627 3371 prohi-

371 3671 825 3725 thome-orimnorum
849 3672 1105 3730 dumorum&
1129 3670 1405 3722 4444444444ωωῦ0
1424 3682 1627 3730 -osorcs,us-

305 3766 352 3815 ooo
369 3753 404 3803 nd
418 3749 564 3814 coagunum
576 3748 679 3800 incitari
693 3748 763 3808 odio,
781 3751 825 3796 nat
835 3747 938 3799 lindius
948 3749 1036 3811 (apos.
1048 3748 1088 3809 97)
1101 3749 1129 3798 et
1140 3747 1292 3798 Wunderus
1302 3747 1373 3810 (Vos.
1385 3745 1460 3796 iecit.
1472 3758 1499 3810 p.
1511 3744 1624 3805 CXXVJ:

304 3822 1143 3888 mmwmmmmmiocdomomouococeffi
1166 3818 1627 3884 momenqueadssngoioem

303 3902 406 3954 aesna
421 3900 497 3951 soleat
512 3898 569 3948 odio
583 3903 630 3949 out
646 3897 680 3955 C;
696 3909 779 3946 mores
793 3901 851 3948 aare
866 3901 912 3946 cat
928 3897 1032 3959 (mediis
1044 3897 1156 3959 omissis]
1174 3898 1206 3956 S;
1223 3909 1313 3946 moros.
1333 3895 1412 3954 lisque
1427 3894 1463 3945 od
1477 3893 1627 3956 4449444444

304 3976 407 4027 incitari
425 3974 485 4025 solet
504 3973 589 4024 ediuu
611 3982 672 4022 cum
695 3972 806 4021 Grutoro
828 3971 857 4023 0.
888 3969 955 4021 Vide
976 3970 1134 4035 Madvigium
1156 3971 1245 4033 Opsso.
1263 3970 1337 4020 cond.
1354 3968 1400 4019 alt.
1424 3980 1451 4032 p.
1469 3967 1517 4019 3444
1533 3979 1576 4030 sq.
1597 3995 1625 4005 -

304 4053 329 4102 4.
348 4056 393 4100 out
407 4048 497 4100 4444444
514 4047 667 4099 &accensu
683 4049 729 4095 out
743 4045 892 4098 4444444444
906 4046 1075 4098 barbarorum
1090 4046 1168 4098 atiert
1178 4045 1321 4099 Diomedes
1333 4056 1359 4109 p.
1368 4044 1427 4103 tii,
1437 4041 1477 4092 ib.
1490 4069 1517 4079 —
1535 4042 1628 4093 4444444

304 4123 643 4179 etmmmsomoms-
662 4120 884 4172 immonn-
909 4121 1172 4186 3.ogisniiudGE:
1199 4120 1375 4180 4444444440,
1399 4116 1577 4180 4444944440
1597 4143 1625 4153 -

303 4203 395 4252 nonme
415 4211 447 4250 aa
461 4199 493 4249 sit
507 4209 568 4248 omo
585 4208 643 4249 cam
660 4195 782 4259 fracibus
797 4197 945 4248 Priscianus
964 4197 1025 4257 XV,
1042 4197 1071 4257 4,
1090 4197 1115 4248 6.
1135 4223 1163 4234 -
1187 4199 1279 4247 Romae
1300 4196 1349 4246 GP.
1371 4196 1399 4248 et
1414 4193 1576 4245 Priscianus:
1599 4197 1628 4241 at

304 4278 398 4327 Pence
413 4274 463 4325 CO
480 4298 507 4312 -
525 4272 551 4324 t.
571 4271 606 4336 4.]
623 4271 669 4325 tito
685 4271 774 4325 GE·
793 4271 963 4322 wunmlocz
980 4271 1104 4322 comodo
1119 4284 1163 4322 ruo
1179 4270 1273 4328 GEO;
1292 4266 1626 4331 uidelladvigiumopcsc.

303 4344 1130 4412 ncno.1,p.ttun.-.o.aooiscomu-aoicusc-
1154 4341 1624 4407 6.proiibetar,ccsulntom.c—

304 4427 361 4476 Nou
377 4431 405 4475 tu
414 4449 451 4461 ··
461 4423 514 4472 oits
529 4419 567 4472 uis
582 4418 696 4471 afferunt
707 4418 954 4471 Pseudo-Asconius
970 4419 1004 4469 ad
1021 4420 1132 4471 Divinat.
1146 4420 1172 4469 in
1183 4415 1310 4481 Caecili
1326 4416 1358 4467 93
1376 4418 1403 4467 et
1419 4417 1560 4468 Marianus
1578 4417 1627 4466 Ca·

305 4499 374 4566 polla
391 4497 407 4562 4
423 4497 481 4551 9244.
501 4523 528 4533 -
553 4500 581 4546 tu
596 4508 655 4560 crgo
672 4497 708 4546 G:
732 4499 760 4545 tu
775 4507 832 4546 oum
846 4494 1094 4546 Pseudo-Asconius
1110 4496 1137 4544 et
1154 4494 1295 4544 barbanus
1312 4489 1431 4556 Capella;
1449 4497 1477 4542 44
1492 4493 1557 4542 bero
1567 4505 1628 4556 erpo

306 4576 341 4634 c;
360 4580 387 4624 tu
400 4585 462 4637 ergo
477 4571 542 4621 baso
557 4570 622 4631 E0;
639 4574 668 4622 tu
682 4582 742 4634 ergo
758 4582 814 4620 oum
830 4567 957 4620 Halmius.
975 4596 1001 4606 -
1020 4569 1044 4619 7.
1060 4569 1165 4632 prium
1180 4568 1207 4618 in
1224 4567 1244 4618 Ε
1260 4579 1394 4631 superscr.
1407 4568 1456 4617 est.
1472 4594 1500 4604 -
1518 4567 1544 4619 8.
1556 4568 1627 4628 qub-

305 4645 562 4714 qaam--s'oounboc
581 4645 693 4709 margini
708 4645 840 4708 adscripta
857 4643 940 4694 habet
956 4644 976 4696 Ε
994 4669 1021 4680 -
1041 4644 1066 4695 9.
1083 4643 1159 4693 etiem
1175 4654 1229 4693 om.
1246 4643 1268 4690 G
1288 4668 1315 4677 -
1335 4642 1374 4692 49.
1391 4642 1484 4703 sodon]
1500 4643 1577 4692 eiiam
1592 4641 1625 4701 C;

306 4736 359 4775 om.
378 4722 439 4775 cod.
457 4721 518 4775 Car.
535 4719 669 4783 Stephani.
689 4745 716 4755 —
738 4719 778 4769 44.
795 4719 901 4771 ondeta
917 4720 967 4772 EC
987 4714 1012 4758 '-
1040 4719 1189 4770 4444444441
1209 4744 1236 4754 -
1253 4717 1327 4782 idad]
1343 4716 1406 4769 iun
1426 4742 1452 4752 -
1472 4716 1512 4767 44,
1529 4715 1626 4764 444444-

304 4800 371 4850 cules
387 4799 407 4849 C
426 4823 453 4834 -
472 4801 560 4846 tmere
576 4795 596 4846 C
615 4820 643 4836 ·-
663 4793 703 4844 43.
720 4793 804 4844 studio
820 4794 913 4846 GEC:
939 4795 1023 4845 studio
1037 4794 1142 4856 ususque
1157 4792 1187 4843 0.
1210 4792 1249 4843 Ci.
1268 4790 1427 4854 Madvigium
1443 4792 1532 4853 opusc.
1551 4790 1624 4840 acad.

306 4875 330 4937 Ι,
348 4886 375 4938 p.
394 4871 441 4922 449
458 4883 499 4934 sq.
513 4896 540 4906 -
559 4868 599 4921 44.
618 4869 715 4921 oreiam
730 4873 805 4929 44444
819 4869 974 4932 mammam
990 4869 1077 4920 cmc
1094 4896 1120 4905 -
1140 4869 1181 4918 45.
1198 4868 1259 4918 misi
1274 4873 1331 4917 4444
1347 4867 1411 4918 GE:
1429 4872 1486 4918 rasit
1500 4865 1561 4916 mibi
1578 4865 1626 4915 CO

308 4974 335 4986 —
354 4947 439 4998 macic
452 4957 507 4995 om.
526 4944 546 4997 C
562 4942 738 5009 probantibus
754 4942 882 5009 Madvigio
899 4945 927 4996 et
944 4943 1137 5007 Wesenbergio
1153 4941 1188 4993 nd
1205 4955 1252 4992 or..
1263 4955 1289 5006 p.
1300 4942 1387 4993 Sestio
1403 4956 1429 5006 p.
1446 4942 1479 4992 449
1495 4955 1521 4991 n.
1536 4968 1563 4978 —
1581 4951 1628 4989 uos

304 5023 355 5073 scio
372 5023 392 5071 G
411 5045 438 5056 ·-
457 5017 498 5071 49.
515 5031 545 5070 oc
559 5022 654 5083 spectat
668 5029 801 5082 supersor.
814 5029 848 5068 sc.
860 5019 1009 5079 nouom
1026 5031 1054 5070 co
1069 5022 1175 5068 monas
1190 5017 1335 5080 mpxiatc
1350 5043 1377 5052 -
1395 5016 1436 5066 44.
1449 5016 1503 5079 bip.
1515 5015 1627 5066 estwe-

305 5096 422 5159 aenberg
437 5093 482 5158 (ad
498 5107 538 5147 or.
556 5107 582 5159 p.
596 5093 680 5145 serbo
691 5105 718 5158 p.
730 5090 784 5155 tbi:
801 5093 855 5157 lig.
873 5093 905 5144 sit
921 5091 1001 5144 codd.
1020 5095 1048 5143 et
1063 5092 1092 5145 0.
1111 5091 1330 5145 ‹Coniunctivum
1346 5104 1394 5153 eo,
1412 5088 1485 5155 qnod
1500 5087 1585 5140 verba
1600 5087 1627 5137 is

306 5185 359 5233 quc
370 5173 421 5222 cet.
438 5169 585 5220 sententiae
597 5166 733 5219 effectivae
744 5165 783 5231 (ut
792 5193 828 5205 ··
838 5166 983 5230 4444444444)
1000 5167 1228 5227 interseramus,
1245 5177 1299 5217 non
1316 5164 1436 5217 excusari
1453 5165 1546 5214 notum
1559 5164 1626 5212 ost.»

309 5272 336 5283 -
355 5245 395 5294 48.
413 5248 449 5295 est
463 5244 490 5292 in
506 5242 582 5301 «citio
598 5241 665 5293 GE:
682 5241 709 5292 io
725 5241 812 5291 caelio
828 5247 862 5290 est
872 5242 893 5291 0
905 5267 933 5276 -
953 5241 993 5290 49.
1011 5241 1155 5305 ignoscatur
1168 5241 1188 5292 Ε
1205 5244 1232 5292 44
1248 5240 1400 5306 complures
1413 5237 1490 5288 codd.
1503 5236 1624 5288 soldani:

305 5321 418 5383 ipsomet
434 5318 479 5369 GC
498 5319 526 5367 et
541 5317 559 5366 S
574 5317 601 5366 in
618 5315 795 5367 adnotatione.
813 5315 885 5367 llaec
901 5312 979 5365 lectio
990 5327 1023 5365 ex
1039 5317 1113 5379 signo
1130 5316 1339 5379 interrogationis
1353 5317 1411 5364 orta
1423 5313 1537 5374 videtur,
1554 5312 1627 5376 quod

306 5393 333 5444 in
350 5390 428 5444 codd.
446 5390 489 5441 vix
506 5404 522 5442 a
538 5390 696 5456 compendio
713 5387 830 5453 syllabae
846 5403 879 5440 ur
894 5388 1018 5457 distingui
1033 5403 1113 5456 posse
1130 5394 1222 5444 notum
1237 5392 1286 5442 est.
1301 5415 1329 5426 -
1348 5395 1383 5440 cat
1398 5390 1425 5440 in
1442 5400 1535 5439 rasura
1546 5387 1627 5438 habet

308 5468 328 5518 G
344 5465 457 5529 (uidetur
472 5463 553 5519 luisse
569 5461 597 5517 ii
615 5464 641 5527 (i.
654 5478 678 5515 e.
691 5464 762 5527 csu);
780 5464 867 5517 om.E
885 5488 913 5499 -
932 5462 1007 5528 cuod]
1024 5467 1121 5528 4444444
1136 5467 1183 5518 cs
1198 5491 1225 5500 -
1243 5466 1285 5516 49.
1300 5463 1406 5528 peanis
1422 5463 1481 5515 eod.
1494 5463 1627 5514 Puteanus

307 5554 323 5591 a
340 5543 451 5592 Gratero
466 5537 574 5591 allatus:
591 5539 658 5592 douai
670 5539 775 5603 44444444
787 5538 872 5598 GEC;
890 5537 957 5589 docui
969 5538 1085 5601 palidum
1101 5552 1134 5590 er
1149 5538 1260 5593 Fabricii
1277 5538 1428 5588 coniectura
1446 5539 1475 5589 0.
1494 5538 1534 5589 Cl.
1552 5537 1627 5590 liad-

306 5615 406 5680 urium
427 5614 515 5677 Opw.
533 5613 607 5665 nond.
625 5614 650 5674 1,
671 5625 699 5679 p.
717 5611 774 5662 498.
795 5637 822 5649 -
847 5611 1068 5669 micum:
1095 5619 1118 5666 ct
1138 5614 1337 5665 4444444440-
1357 5614 1577 5665 amirccousac
1597 5639 1622 5652 -

306 5690 349 5742 st.
367 5687 521 5756 oppugnatis
535 5687 695 5754 monacbis
709 5687 738 5751 E)
756 5686 821 5738 GE:
836 5685 962 5753 peremis
977 5688 1007 5739 0.
1024 5686 1090 5738 Vide
1102 5686 1233 5741 Halmium
1250 5686 1284 5737 ad
1301 5700 1339 5744 or.
1350 5700 1378 5754 p.
1390 5689 1484 5740 Roscio
1500 5688 1626 5742 Amerino

308 5764 397 5828 8449.
414 5775 442 5828 p.
460 5763 505 5826 oa,
523 5762 563 5815 49.
583 5787 611 5799 -
628 5761 670 5818 49.
686 5762 814 5826 Mansa
829 5763 864 5826 Cr
879 5773 994 5826 mm
1008 5763 1030 5813 G
1042 5784 1070 5800 -
1088 5767 1113 5816 44
1126 5761 1458 5829 conpromiserunt
1476 5762 1625 5818 Priscianus

308 5837 366 5902 4444,
384 5836 428 5900 td,
445 5835 487 5889 49.
506 5861 534 5874 -
552 5834 594 5901 od]
613 5839 671 5888 sols
686 5835 843 5889 maanus.
1703 5827 1713 5855 ⁸
