3800 7350
643 1159 983 1228 curcur-xus
1010 1155 1228 1243 444-44.
1515 1152 1592 1221 4444

281 1333 347 1397 4144
369 1331 487 1416 ceperit
507 1330 626 1414 quique
646 1351 681 1395 se
702 1331 743 1396 ab
764 1337 894 1407 444414,
920 1332 960 1395 41
982 1330 1144 1415 equitibus
1165 1327 1313 1393 licmauis
1333 1325 1516 1414 populoque
1537 1326 1600 1390 lto-

281 1448 374 1492 mauo
403 1426 550 1489 4441444444
579 1425 715 1489 44444411
742 1425 842 1490 civem
864 1445 968 1489 carum
990 1423 1099 1488 baberi
1121 1422 1355 1505 salutaremque
1375 1422 1421 1486 rei
1442 1420 1599 1504 publicae,

281 1522 361 1585 nibil
382 1542 451 1585 cum
472 1518 531 1583 bac
551 1518 651 1602 gloria
672 1519 916 1602 comparandum
937 1525 1037 1603 putet.
1067 1518 1191 1582 Utinam
1207 1516 1241 1580 C.
1257 1515 1402 1590 Caesari,
1422 1514 1504 1597 patri
1517 1513 1600 1587 dico,

281 1614 466 1697 contigisset
485 1612 697 1689 adolescenti,
718 1620 754 1677 ut
775 1620 859 1676 essct
880 1612 1002 1675 senatui
1024 1618 1119 1693 atquc
1137 1610 1257 1693 optimo
1272 1608 1388 1693 cuique
1402 1606 1599 1673 carissimus!

282 1708 367 1790 quod
391 1727 462 1770 cum
485 1708 638 1790 consequi
661 1704 868 1788 neglexisset,
899 1726 1024 1769 omnem
1044 1705 1108 1768 4144
1130 1704 1264 1786 ingenii,
1295 1721 1377 1787 quae
1399 1719 1521 1767 summa
1541 1698 1624 1763 fuito

281 1801 316 1865 in
338 1801 412 1876 illo,
441 1801 475 1863 iu
504 1799 647 1884 populari
675 1798 802 1862 14411414
824 1798 1029 1882 consumpsit.
1065 1798 1177 1882 ltaque
1198 1817 1270 1861 curu
1291 1804 1468 1879 respectum
1489 1794 1530 1858 ad
1551 1813 1602 1857 se·

281 1902 389 1959 natum
421 1903 453 1960 et
479 1893 519 1957 ad
541 1893 641 1956 bonos
663 1912 728 1956 uon
748 1891 895 1965 baberet,
924 1910 993 1954 eam
1015 1891 1075 1954 sibi
1096 1890 1179 1954 41444
1200 1891 1268 1974 ipsc
1289 1888 1441 1973 patefecit
1461 1886 1502 1951 441
1523 1906 1602 1970 4444

282 2008 355 2052 suas
383 1983 635 2070 amplificandas,
668 2004 764 2069 quam
792 1986 892 2048 virtus
919 1984 1010 2047 liberi
1037 1984 1147 2069 populi
1176 1984 1259 2048 14444
1287 2003 1353 2047 444
1372 1990 1491 2066 posset.
1525 1982 1602 2048 liius

280 2089 385 2145 autem
417 2077 475 2144 filii
507 2079 691 2162 longissime
724 2079 848 2143 diversa
879 2079 960 2142 ratio
993 2084 1057 2141 cst:
1090 2078 1145 2162 qui
1175 2098 1246 2142 cum
1275 2077 1420 2141 omuibus
1442 2085 1506 2152 est,
1536 2085 1602 2142 tum

281 2175 399 2256 optimo
420 2175 536 2258 cuique
558 2172 748 2236 carissimus.
785 2173 820 2234 14
841 2172 903 2235 144
926 2193 999 2254 4444
1021 2171 1175 2236 libertatis
1195 2171 1299 2254 posita
1321 2178 1386 2246 est;
1407 2170 1447 2234 ab
1468 2169 1530 2235 boc
1551 2191 1603 2237 ac·
1611 2186 1640 2235 44

281 2274 373 2350 44414
401 2267 464 2331 1444
493 2266 600 2341 salus,
627 2263 703 2329 lruic
730 2266 844 2329 summi
871 2266 1009 2330 honores
1039 2273 1071 2329 41
1099 2265 1311 2349 exquiruntur
1332 2272 1366 2328 41
1391 2265 1492 2348 444411
1520 2273 1602 2329 suut.

281 2358 332 2423 50.
356 2360 454 2424 Cuius
476 2359 574 2443 igitur
594 2358 787 2441 singularem
808 2359 1007 2442 prudentiam
1021 2358 1230 2435 admiramur,
1252 2357 1322 2423 cius
1335 2358 1500 2423 stultitiam
1513 2359 1604 2424 time·

282 2455 373 2518 44441
415 2453 501 2531 Quid
535 2454 619 2517 euim
648 2452 777 2517 stultius
805 2472 900 2535 quam
927 2452 1072 2517 inutilem
1100 2453 1291 2537 potentiam,
1321 2450 1493 2518 invidiosas
1515 2472 1612 2537 opes,

283 2547 487 2631 cupiditatem
515 2545 698 2611 dominandi
727 2546 930 2629 praecipitem
952 2553 985 2610 41
1012 2546 1163 2610 lubricam
1185 2544 1341 2611 anteferre
1363 2564 1473 2622 verro,
1500 2548 1603 2631 gravi,

283 2640 404 2704 solidae
425 2639 565 2723 gloriae?
586 2641 636 2704 14
656 2640 719 2704 144
739 2638 818 2704 414111
838 2659 934 2723 puer:
963 2640 990 2703 si
1012 2645 1114 2704 aetate
1135 2639 1342 2723 processerit,
1371 2659 1435 2705 444
1456 2641 1642 2705 4114111144

282 2734 323 2797 11
344 2742 393 2799 441
414 2734 603 2817 quibusdam
624 2732 772 2797 inimicus
794 2732 975 2797 clarissimis
996 2741 1093 2816 atque
1110 2732 1235 2817 optimis
1249 2732 1382 2798 civibus.
1417 2734 1529 2799 Nullus
1543 2736 1604 2800 istc

283 2827 378 2892 timor
410 2848 479 2892 esse
511 2829 616 2893 debet.
659 2826 777 2893 Omnes
809 2826 924 2891 Cacsar
949 2826 1129 2891 inimicitias
1150 2826 1196 2890 rei
1227 2826 1373 2910 publicae
1396 2827 1603 2893 condonavit:
1706 2885 1708 2890 .

282 2918 365 2983 14444
387 2921 446 2985 sibi
468 2922 608 2986 iudicem
628 2920 806 2995 coustituit,
827 2920 908 2984 14444
930 2920 1170 2985 moderatricem
1190 2920 1331 2985 omnium
1350 2921 1604 2988 4441144444-
1632 2955 1688 3026 s

283 3031 346 3096 que
367 3013 533 3079 sactorum.
566 3014 614 3078 114
634 3015 720 3077 euim
741 3014 782 3078 ad
803 3014 1048 3098 rempublicam
1069 3014 1219 3089 accessit,
1248 3020 1284 3079 ut
1304 3034 1374 3078 cam
1395 3012 1604 3093 confirmaret,

282 3126 347 3170 nou
369 3116 405 3172 ut
425 3116 589 3174 everteret.
625 3107 743 3173 Omnes
770 3108 874 3171 babeo
896 3107 1038 3191 cognitos
1060 3126 1172 3173 sensus
1193 3107 1413 3173 adolescentis.
1448 3108 1535 3172 Nihil
1555 3118 1640 3175 44114

282 3200 331 3263 illi
358 3222 392 3265 re
421 3201 548 3285 publica
577 3203 695 3277 carius,
727 3201 807 3265 nibil
834 3208 939 3266 restra
965 3202 1151 3288 auctoritate
1172 3200 1315 3285 gravius,
1346 3200 1428 3264 411411
1447 3201 1603 3268 bonorum

283 3295 423 3359 virorum
454 3296 570 3389 iudicio
600 3296 754 3378 optatius,
782 3293 862 3357 nihil
885 3314 958 3358 4444
980 3293 1080 3377 gloria
1099 3293 1235 3358 dulcius.
1277 3290 1329 3357 51.
1352 3294 1603 3370 Quamobrem

282 3388 322 3451 ab
345 3408 383 3452 co
406 3409 471 3453 non
493 3387 588 3453 modo
609 3388 689 3452 nibil
711 3389 838 3462 timere,
860 3388 917 3452 scd
938 3389 1060 3451 maiora
1082 3396 1115 3452 41
1128 3388 1259 3452 meliora
1274 3394 1458 3472 exspectare
1472 3388 1604 3465 debetis,

282 3503 387 3568 neque
417 3483 451 3546 iu
480 3501 537 3557 eo,
568 3482 623 3565 qui
651 3481 691 3545 ad
717 3482 755 3543 1).
777 3482 908 3544 Brutum
936 3481 1102 3545 obsidione
1129 3480 1328 3546 liberandum
1357 3480 1518 3565 4441441444
1547 3482 1603 3557 411,

282 3576 410 3651 timere,
431 3596 472 3638 44
494 3575 646 3641 memoria
667 3580 792 3638 4444441
811 3574 976 3639 domestici
993 3573 1128 3650 doloris,
1150 3594 1233 3659 quae
1253 3575 1326 3659 plus
1339 3577 1424 3658 apud
1438 3594 1512 3639 44444
1531 3586 1643 3660 pos-ro

283 3671 324 3736 411
346 3691 440 3757 quam
462 3669 547 3735 salus
569 3669 711 3733 civitatis.
744 3666 876 3734 Audebo
898 3668 993 3733 etiam
1008 3668 1148 3752 obligare
1163 3666 1257 3734 fidem
1271 3690 1388 3748 meam,
1409 3678 1514 3755 patres
1529 3689 1605 3735 con·

283 3764 408 3847 scripti,
437 3765 526 3828 vobis
547 3764 731 3848 populoque
752 3764 893 3827 11444444
914 3763 1026 3846 reique
1046 3762 1210 3846 publicaer
1241 3762 1326 3849 quod
1347 3763 1503 3848 proiecto,
1531 3784 1604 3829 cum

285 3877 334 3920 me
356 3857 444 3922 nulla
464 3858 513 3922 via
534 3863 678 3940 cogeret,
698 3855 803 3921 144444
817 3874 883 3918 444
897 3855 1047 3919 auderem
1054 3899 1064 3930 ,
1086 3856 1405 3942 pertimesceremque
1418 3857 1453 3923 iu
1466 3859 1605 3924 maxima

284 3970 318 4013 re
339 3951 549 4034 periculosam
566 3950 746 4034 opinionem
761 3949 960 4013 temeritatis:
984 3949 1151 4032 promitto,
1172 3950 1302 4034 recipio,
1324 3951 1477 4035 spondeo,
1497 3961 1604 4037 patres

207 4074 213 4084 ·
284 4045 467 4130 conscripti,
490 4044 524 4109 C.
547 4044 714 4108 Caesarem
736 4043 832 4107 141444
854 4062 980 4128 semper
999 4041 1068 4107 1444
1090 4044 1208 4120 civem,
1229 4044 1332 4128 qualia
1353 4043 1449 4110 bodie
1469 4048 1512 4110 sit
1525 4056 1640 4130 qua-co

283 4137 409 4222 lemque
431 4158 503 4202 eum
524 4137 663 4202 maxime
685 4137 767 4201 44114
788 4156 858 4202 4444
881 4143 913 4201 41
934 4142 1046 4220 optare
1067 4135 1227 4202 debemus.

367 4232 453 4296 xix.
475 4227 527 4294 52.
550 4232 640 4309 Quae
663 4251 734 4296 cum
755 4231 800 4295 ita
822 4230 901 4306 sint,
926 4228 967 4295 dc
989 4229 1122 4296 Caesam
1142 4230 1219 4296 satia
1239 4231 1302 4296 hoo
1323 4239 1463 4317 tempore
1484 4231 1604 4297 dictum

281 4323 415 4389 babcbo.
454 4327 519 4390 Nec
545 4346 619 4390 vcro
650 4326 691 4389 de
718 4326 754 4388 L.
774 4323 980 4408 Egnatuleio,
1006 4324 1179 4388 fortissimo
1208 4331 1242 4389 et
1268 4325 1521 4390 mutuatissimo
1542 4326 1604 4390 4141

283 4419 537 4503 amicissimoque
557 4420 604 4483 rei
626 4419 790 4505 publicae,
812 4416 968 4482 silendum
989 4416 1142 4493 arbitror,
1163 4419 1219 4483 scd
1242 4417 1442 4482 tribuendum
1462 4417 1604 4482 testimo·

283 4514 371 4577 nium
393 4513 516 4577 virtutis
544 4513 708 4598 egregiae,
738 4512 825 4597 quod
853 4512 881 4576 is
908 4511 1067 4594 legionem
1088 4519 1231 4597 quartam
1255 4504 1640 4578 4111444444441441414-44

350 4794 373 4843 1.
391 4790 535 4857 44444111
553 4815 581 4827 -
604 4790 722 4842 Romania
743 4790 841 4844 41414411
856 4794 1012 4859 Naugerius.
1032 4817 1061 4832 -
1084 4805 1201 4844 ronasce
1216 4791 1239 4842 V
1257 4818 1285 4830 -
1306 4793 1332 4843 1.
1349 4792 1601 4844 44444441444441444

284 4866 438 4918 4144444411
458 4865 712 4930 -3.4441411441
731 4892 757 4903 -
777 4865 801 4919 1.
820 4868 941 4920 44144111
961 4865 1374 4932 -8.444111411-144411-
1393 4866 1604 4931 11444414444441

287 4970 314 4981 -
333 4948 368 4994 441
389 4956 442 4994 om.
461 4942 484 5003 i,
511 4941 576 5001 11;
602 4954 659 4992 444444
679 4941 791 4992 4444411444
812 4956 888 4995 ccroc
904 4950 939 4996 est
954 4945 1023 4996 conl.
1041 4945 1158 4996 iiurctus
1174 4945 1201 4993 14
1218 4955 1302 5006 marg.
1320 4939 1434 5006 exempli
1449 4941 1504 5004 sui,
1531 4939 1604 5006 quod

285 5020 370 5067 4444141
391 5017 417 5067 14
438 5015 597 5067 bibliotheca
619 5014 722 5078 collegii
742 5018 864 5080 1144444414
890 5023 917 5070 41
933 5033 958 5071 v.
976 5018 1087 5082 11441414.
1105 5018 1202 5083 04444.
1220 5019 1257 5079 ii,
1277 5030 1304 5083 4.
1322 5017 1442 5068 180441.
1461 5015 1604 5067 41444441

284 5091 677 5156 444441435144411144.
698 5118 726 5129 —
749 5094 788 5143 10.
804 5094 909 5157 44411441
928 5107 946 5144 c
965 5093 1049 5144 1441
1074 5117 1102 5129 -
1129 5093 1171 5144 tt.
1189 5097 1213 5144 41
1227 5091 1327 5154 acer.
1344 5091 1381 5140 V:
1407 5090 1601 5142 4144410-

285 5168 325 5217 11.
342 5167 483 5217 maledicere
498 5167 520 5216 V
538 5192 566 5203 -
585 5165 626 5217 11.
643 5168 732 5230 grauis
747 5165 1605 5231 44114141-46.4411441141-11.4444441411-18.ο4444144444

284 5241 544 5304 4444414414444441ς
563 5241 674 5292 comtum
689 5243 814 5305 scetem
830 5245 851 5306 i3
870 5245 1028 5296 corroborare
1044 5238 1177 5307 supplevit
1192 5241 1322 5302 14044444,
1340 5239 1390 5291 4441
1406 5242 1467 5290 4414
1478 5239 1602 5299 comicum

285 5317 318 5367 41.
337 5315 401 5368 Phil.
419 5318 455 5379 X,
473 5317 504 5381 §S
521 5317 562 5368 10.
580 5317 621 5368 10.
641 5316 675 5368 414
692 5331 767 5382 prov.
786 5333 859 5371 coos.
878 5319 893 5383 1
910 5320 950 5369 10.
971 5343 999 5354 ·-
1017 5318 1058 5368 to.
1076 5318 1114 5367 1144
1128 5316 1195 5367 coito
1209 5320 1238 5366 at
1252 5315 1319 5366 444144
1333 5314 1369 5365 cd
1384 5314 1449 5364 V-
1466 5314 1508 5365 10.
1526 5315 1605 5365 creada

286 5391 759 5455 11-11.44144411144441441-
782 5396 823 5446 11.
842 5389 1032 5458 4441414441*-
1053 5386 1600 5442 13.1441441-4411111114144141-

286 5465 326 5515 10.
344 5464 485 5524 4444414141,
503 5465 552 5517 sed
569 5466 628 5518 debo
645 5480 681 5518 m.
699 5467 715 5519 1
732 5469 758 5521 14
775 5482 844 5530 444.;
866 5480 929 5518 vera
950 5465 1030 5518 lectio
1051 5467 1131 5517 cadcc
1150 5464 1265 5516 41414144.
1284 5491 1313 5502 -
1336 5464 1378 5515 11.
1394 5462 1465 5514 444114
1484 5476 1511 5526 p.
1530 5476 1555 5525 q.
1572 5463 1602 5513 11.

288 5540 437 5601 14414
455 5541 622 5604 4414444411.
636 5553 689 5593 om.
708 5543 717 5592 l
735 5569 763 5581 -
780 5541 1013 5605 1414444411-
1029 5539 1328 5604 444114444444444444444441
1345 5563 1372 5574 -
1390 5538 1506 5588 4444144444
1521 5548 1550 5588 rs
1564 5536 1602 5585 V:

286 5627 315 5663 rc
335 5627 407 5665 mcc.
426 5615 462 5666 10
481 5642 508 5653 -
532 5616 753 5681 1114444444114114
773 5617 808 5676 V;
831 5620 891 5682 post
912 5617 1109 5668 14444.Ε4444114
1130 5613 1263 5680 quaedem
1283 5611 1406 5663 videntur
1426 5610 1602 5672 intercidisse,

287 5686 374 5738 velut:
400 5688 449 5737 44141
465 5702 520 5741 carn
533 5692 609 5754 414444
622 5698 776 5756 perspectam
790 5691 914 5742 1441444444.
934 5717 962 5728 -
981 5691 1022 5742 30.
1039 5692 1096 5755 foro
1112 5689 1136 5739 V
1156 5716 1184 5727 -
1210 5689 1270 5741 1441.
1287 5688 1358 5739 lodic
1374 5691 1409 5738 441
1432 5712 1459 5722 -
1483 5685 1524 5735 31.
1541 5684 1605 5735 astte

288 5762 781 5818 444411444444441140444441411444.
804 5793 828 5804 -
848 5764 1198 5831 33.41414444144144141-
1216 5758 1604 5814 41411441441-3144441-

288 5837 422 5901 m'ss'moqac
435 5852 459 5890 r.
474 5851 502 5902 4.
519 5840 552 5891 1.
