3800 7350
510 1823 851 1910 oudrtotuttit
879 1825 1333 1913 PHILIPPICARUM

658 2043 812 2117 mimi
831 2042 1179 2119 nuonucmun

850 2267 977 2278 ᾳ

340 2439 365 2500 Ι.
388 2433 417 2499 l.
446 2436 512 2498 Etsi
541 2436 669 2498 minime
698 2436 809 2497 decere
831 2433 970 2509 ridetur,
998 2441 1103 2519 patres
1124 2437 1311 2518 conscripti,
1342 2435 1423 2509 lulli,
1457 2435 1575 2516 decipi,

258 2552 362 2597 errare
392 2550 481 2602 eum,
510 2530 559 2592 cui
583 2550 638 2591 vos
667 2529 812 2592 maximis
835 2550 928 2614 saepe
953 2528 1106 2592 derebus
1129 2530 1399 2603 assentiebamini,
1430 2529 1576 2592 consolor

257 2647 306 2690 me
328 2634 449 2697 mmen,
471 2623 620 2707 quoniam
642 2623 803 2685 vobiscum
827 2624 942 2704 pariter
965 2631 996 2685 et
1018 2642 1080 2685 una
1102 2644 1173 2686 cum
1195 2624 1427 2706 sapientissimo
1446 2622 1576 2686 consule

256 2720 368 2787 erravi.
404 2719 481 2780 Nam
505 2737 576 2780 cum
599 2716 661 2778 duo
685 2717 868 2779 consulares
890 2737 977 2798 spem
1000 2716 1152 2779 honestae
1176 2717 1262 2798 pacis
1282 2716 1373 2779 nobis
1388 2716 1576 2789 attulissent,

255 2813 340 2900 quod
373 2818 461 2875 emnt
487 2811 656 2874 familiares
679 2812 719 2872 Μ.
741 2811 888 2883 Antonii,
918 2810 1004 2893 quod
1028 2810 1212 2883 domestici,
1241 2830 1333 2873 nosse
1354 2809 1485 2892 aliquod
1507 2810 1598 2872 eiust

254 2907 385 2980 vulnus,
414 2904 499 2987 quod
530 2904 622 2966 nobis
651 2904 792 2987 ignotum
822 2910 923 2978 esset,
954 2903 1151 2966 ridebantur.
1190 2902 1283 2987 Apud
1315 2903 1448 2966 alterum
1477 2923 1576 2977 uxor,

253 3000 364 3067 liberie
390 2998 470 3063 alter
493 2998 635 3081 quotidie
666 2997 784 3060 litteras
806 2997 947 3072 mittere,
977 2998 1139 3080 accipere,
1169 3005 1278 3080 aperte
1298 2996 1405 3061 lavere
1425 2997 1576 3061 Antonio·

253 3094 284 3160 2.
305 3095 347 3158 lli
377 3092 482 3155 subito
511 3091 629 3154 hortari
651 3090 691 3153 ad
720 3110 845 3173 pacem,
877 3089 965 3174 quod
987 3091 1049 3154 iam
1073 3091 1127 3155 diu
1148 3111 1213 3154 non
1235 3090 1399 3165 iecissent,
1421 3110 1485 3153 nou
1507 3090 1576 3152 sine

254 3207 350 3254 causa
370 3185 567 3251 videbantur.
603 3186 744 3248 Accessit
764 3183 876 3247 consul
897 3183 1049 3246 hortator.
1085 3185 1202 3267 Atqui
1225 3184 1353 3248 consull
1382 3184 1415 3246 Si
1438 3183 1577 3267 pruden-

252 3284 327 3347 tiam
351 3278 548 3364 quaerimus,
571 3279 627 3360 qui
648 3278 776 3340 minime
797 3277 864 3340 falli
886 3285 1010 3360 posset:
1032 3278 1059 3340 si
1078 3279 1242 3352 virtutem,
1264 3279 1316 3361 qui
1333 3276 1450 3340 nullam
1465 3289 1613 3360 pacemto

252 3375 400 3458 probaret
421 3372 480 3433 nisi
504 3371 695 3434 concedente
717 3378 812 3452 atque
834 3372 934 3434 ricto:
957 3371 983 3433 si
1006 3373 1256 3455 magnitudinem
1276 3372 1389 3446 animi,
1412 3373 1466 3454 qui
1487 3390 1577 3455 prae·

253 3469 349 3531 ferret
370 3474 502 3528 mortem
526 3464 680 3527 servituti.
716 3465 780 3526 Vos
802 3472 925 3540 autem,
951 3474 1057 3548 patres
1079 3467 1267 3549 conscripti,
1296 3486 1358 3529 non
1381 3472 1445 3527 tam
1465 3465 1578 3526 imme·

252 3580 356 3625 mores
377 3566 550 3623 vestrorum
574 3559 829 3640 gravissimorum
852 3559 1050 3622 decretorum
1072 3559 1281 3633 videbamini,
1304 3579 1399 3642 quam
1414 3579 1469 3641 spe
1483 3558 1577 3620 allata

253 3653 441 3726 deditionis,
472 3671 566 3736 quam
589 3653 681 3715 amici
711 3672 820 3735 pacem
843 3653 1002 3736 appellare
1025 3652 1168 3727 mallent,
1198 3653 1237 3716 de
1267 3652 1481 3737 imponendis,
1511 3672 1576 3715 uon

251 3746 446 3831 accipiendis
469 3747 590 3829 legibus
613 3749 761 3830 cogitare.
798 3748 936 3810 Auxerat
958 3757 1062 3811 autem
1085 3768 1185 3810 meam
1209 3749 1338 3831 quidem
1360 3769 1458 3834 spem,
1481 3747 1613 3811 credott

250 3844 327 3906 item
350 3850 496 3913 vestram,
520 3842 604 3923 quod
628 3840 755 3904 domum
773 3841 901 3904 Antonii
919 3841 1066 3904 afflictam
1082 3842 1236 3903 maestitia
1252 3843 1432 3915 audiebam,
1457 3843 1576 3906 lamen·

251 3937 310 3999 tari
333 3955 471 3999 uxorem.
506 3935 565 3996 llic
588 3935 681 3997 etiam
703 3934 843 3997 fautores
858 3937 1004 4008 Antonii,
1027 3956 1159 4016 quorum
1183 3935 1214 3996 in
1231 3936 1319 3997 vultu
1334 3936 1476 3998 habitant
1491 3935 1574 3999 oculi

251 4031 328 4102 mei,
351 4029 503 4092 tristiores
525 4028 680 4090 videbam.
717 4026 747 4089 zi.
771 4027 864 4103 Quod
887 4029 914 4090 si
939 4050 1000 4091 non
1024 4030 1067 4091 ita
1089 4037 1155 4101 est,
1178 4048 1264 4091 cura
1281 4030 1394 4092 Pisone
1410 4038 1442 4092 el
1457 4029 1573 4092 Caleno

251 4123 470 4207 potissimum,
494 4143 548 4184 cur
570 4121 630 4183 hoc
652 4131 803 4204 tempore,
826 4141 882 4184 cur
904 4129 967 4184 tam
988 4123 1170 4205 improviso,
1192 4130 1323 4184 curtam
1342 4123 1574 4205 repentepacis

252 4225 301 4279 est
321 4217 403 4279 facta
426 4216 570 4278 mentio‘t
600 4218 698 4298 Negat
720 4217 791 4279 Piso
816 4216 895 4277 scire
918 4235 969 4289 se,
998 4223 1091 4296 negat
1113 4213 1241 4278 audisse
1263 4217 1454 4299 quidquam,
1481 4224 1611 4298 negatio

253 4310 388 4373 Caicum
411 4328 477 4371 rem
499 4308 594 4371 ullam
618 4328 732 4371 noram
755 4309 880 4371 allatam
903 4329 985 4372 esse.
1020 4311 1123 4394 Atque
1146 4310 1177 4372 id
1201 4331 1285 4373 nunc
1307 4319 1437 4394 negant,
1464 4320 1574 4395 postea

255 4422 351 4486 quam
374 4422 433 4466 nos
456 4399 666 4484 pacificatoria
688 4401 846 4484 legatione
867 4403 1044 4486 implicatos
1067 4412 1188 4488 putant
1222 4404 1306 4481 Quid
1329 4425 1404 4488 ergo
1423 4425 1504 4489 opus
1527 4412 1575 4467 est

251 4516 336 4560 novo
364 4496 517 4570 consilio,
545 4495 572 4558 si
602 4495 635 4557 in
664 4515 698 4558 re
726 4495 806 4558 nibil
833 4497 963 4559 omnino
985 4497 1059 4561 nori
1081 4501 1154 4561 est‘t
1197 4500 1237 4560 ll.
1258 4499 1407 4582 Decepti,
1436 4499 1574 4582 decepti,

251 4588 399 4675 inquam,
421 4609 547 4664 sumus,
568 4597 672 4675 patres
694 4589 882 4674 conscripti:
904 4589 1035 4654 Antonii
1057 4598 1106 4656 est
1126 4599 1196 4656 acta
1209 4611 1303 4656 cause
1317 4591 1357 4656 al)
1371 4592 1480 4657 amicis
1495 4590 1574 4668 eius,

315 4938 339 4988 t.
356 4937 420 5000 solli.
438 4936 525 4999 decipi.
543 4935 599 4999 sciti
616 4938 626 4985 t
643 4962 670 4971 -
690 4935 714 4986 2.
733 4936 931 4987 wmtieboenini
947 4939 974 4987 t:
992 4937 1163 4987 assentiamini
1179 4936 1296 5001 abgio
1311 4966 1345 4976 -
1361 4938 1386 4989 ³.
1404 4943 1487 4989 tomen
1503 4952 1573 4990 mea

251 5038 278 5049 -
295 5024 350 5062 unu
365 5023 422 5061 cum
438 5023 522 5063 ome
542 5038 569 5047 -
588 5012 613 5060 o.
630 5011 721 5060 uulnus
737 5012 789 5061 dus
807 5014 865 5062 t-
882 5013 906 5064 6.
924 5013 1059 5062 uideamur
1076 5016 1087 5061 t
1104 5038 1130 5050 -
1150 5013 1174 5063 t.
1192 5014 1281 5063 cotidie
1297 5016 1358 5077 sgt
1376 5041 1403 5050 -
1423 5014 1448 5063 d.
1465 5013 1575 5075 recinet

248 5113 283 5124 -
298 5085 323 5137 9.
341 5090 369 5136 ut
386 5086 440 5148 quin
457 5086 482 5145 i;
500 5091 553 5148 ctq;
571 5087 582 5134 t
599 5111 626 5121 —
647 5087 686 5135 tt.
705 5087 850 5137 concedente
866 5090 891 5137 t:
909 5088 1048 5138 concedenti
1065 5086 1096 5145 b;
1114 5088 1212 5137 cedente
1228 5101 1242 5136 a
1252 5100 1284 5150 33
1302 5088 1408 5139 Antonio
1424 5089 1521 5137 cedente
1537 5089 1573 5138 i0

250 5185 277 5197 -
292 5161 331 5210 ta.
349 5174 400 5211 non
416 5160 468 5211 iom
485 5160 527 5210 ab
540 5160 584 5216 ti3
603 5166 655 5209 tom
671 5174 722 5210 non
738 5174 794 5224 g-
814 5162 854 5212 tc.
872 5175 949 5223 quom
965 5175 1020 5224 sepe
1035 5162 1115 5211 aucto
1130 5167 1166 5212 est
1181 5162 1271 5212 deditio
1288 5163 1314 5212 in
1330 5164 1406 5213 amici
1423 5164 1471 5212 i-
1490 5163 1574 5212 oblato

249 5236 365 5288 Ursinus.
387 5264 414 5273 -
437 5234 477 5286 tt.
497 5237 656 5286 dedicationis
673 5234 690 5285 b
710 5263 737 5272 -
756 5237 882 5298 oppetiere
898 5238 999 5286 incitent
1015 5235 1106 5287 Scala:
1129 5237 1281 5298 appellarem
1298 5238 1373 5288 otieni
1390 5240 1441 5296 ai;
1460 5239 1574 5301 appello·

247 5316 304 5361 rent
320 5312 396 5361 client
412 5311 469 5375 bg;
488 5312 641 5373 appellarent
657 5324 678 5359 c.
697 5311 773 5360 etiem
789 5313 814 5367 i;
832 5313 986 5373 appellarent
1002 5314 1022 5360 0
1040 5325 1100 5362 cum
1116 5314 1198 5375 Noug.
1213 5341 1240 5350 -
1258 5327 1309 5362 non
1326 5316 1359 5365 D:
1381 5328 1431 5364 non
1446 5315 1476 5364 de
1492 5316 1528 5365 to
1541 5339 1571 5352 -

249 5387 289 5437 to.
307 5389 381 5437 credo
400 5393 511 5437 notram
535 5388 625 5436 iterum
649 5391 660 5435 t
682 5411 708 5420 -
737 5387 777 5436 to.
795 5386 930 5435 lamentari
950 5389 1065 5449 oaorem]
1089 5389 1233 5451 «Suspicor
1255 5389 1298 5438 hic
1319 5388 1415 5453 aliquid
1433 5388 1569 5449 excidisse,

248 5462 320 5524 quod
340 5463 379 5512 -sit
404 5476 437 5512 ex
460 5462 555 5512 eodem
577 5474 684 5524 genere.
703 5461 781 5511 nimis
799 5461 940 5525 abruptum
960 5465 1000 5511 est
1016 5463 1080 5520 hoc;
1107 5462 1172 5512 intra
1191 5463 1299 5526 quidem
1316 5465 1386 5514 liberi
1403 5478 1571 5516 commemo-

247 5539 365 5586 rantur.»
383 5538 502 5597 Enurerr,
521 5537 595 5586 culus
612 5537 741 5586 sententia
759 5536 835 5586 nobis
853 5536 1022 5600 probatur-
1040 5539 1080 5588 ti.
1098 5539 1154 5586 dinc
1171 5539 1179 5586 i
1198 5565 1225 5574 —
1244 5539 1283 5588 48.
1297 5545 1332 5589 est
1348 5553 1401 5590 orn.
1416 5543 1426 5590 t
1445 5568 1471 5577 -
1490 5546 1514 5589 et
1531 5543 1567 5592 D:

247 5616 271 5661 et
286 5623 305 5659 o
321 5611 359 5660 to
373 5638 400 5647 -
420 5611 459 5661 ⁴9.
478 5613 604 5674 inprouiso
622 5614 657 5674 gt
673 5640 705 5650 -
722 5613 762 5661 to.
780 5613 850 5675 sacta
866 5618 900 5663 est
918 5615 927 5661 t
946 5639 972 5649 -
991 5618 1065 5676 neqot
1081 5613 1132 5674 ipse
1149 5613 1204 5674 piso
1221 5625 1237 5675 g
1259 5639 1287 5649 -
1310 5626 1336 5662 se
1351 5615 1414 5663 scire
1429 5620 1504 5678 nepot
1520 5629 1571 5664 cu-

247 5686 301 5735 dire
317 5688 349 5735 ul
369 5711 396 5722 -
416 5687 550 5749 quicquum
567 5688 633 5746 mei,
658 5689 686 5736 ul
702 5699 819 5750 semper.
841 5714 867 5723 —
887 5687 1120 5752 inpediuntque
1137 5701 1151 5737 a
1170 5714 1198 5724 -
1222 5689 1353 5750 inplicatos
1373 5702 1389 5751 g
1409 5714 1437 5724 -
1465 5689 1506 5738 23.
1525 5690 1570 5739 de·

246 5761 310 5822 cepti
326 5759 408 5812 semel
426 5760 525 5812 hebent
542 5763 606 5819 ait,
626 5761 684 5812 tort.
703 5764 789 5821 recte,
809 5763 837 5811 ut
854 5763 960 5824 decepti,
980 5764 1083 5826 inquom
1100 5762 1133 5813 ad
1150 5764 1253 5815 initium
1269 5765 1393 5815 orationis
1410 5764 1524 5824 releras3
1543 5777 1568 5813 v.

245 5835 367 5901 Madvigii
385 5837 480 5902 opusc.
500 5838 524 5898 l,
543 5849 569 5904 p.
588 5838 645 5888 tili.
666 5863 692 5875 -
713 5837 754 5889 dl.
773 5842 849 5886 cocto
865 5849 890 5887 u.
