3800 7350
682 1177 758 1248 mr.
779 1179 970 1249 vu-vur.
997 1178 1043 1265 ss
1066 1177 1210 1247 ta-rs.
1550 1180 1608 1246 ror

286 1350 402 1415 virtute
423 1347 523 1415 luisse
545 1356 578 1413 et
598 1349 669 1414 sine
690 1350 850 1426 doctrina,
879 1358 1011 1415 naturae
1032 1352 1134 1435 ipsius
1155 1351 1264 1416 habitu
1285 1373 1384 1438 prope
1407 1354 1535 1429 divino,
1557 1374 1615 1438 per

284 1444 431 1527 seipsos
460 1452 493 1508 et
520 1443 699 1508 moderatos
721 1450 754 1507 et
775 1464 886 1526 graves
907 1445 1065 1510 exstitisse
1087 1444 1199 1508 iateor.
1238 1446 1343 1511 Etiam
1363 1446 1442 1511 illud
1464 1446 1614 1531 adiungo,

282 1538 413 1622 saepius
434 1537 474 1602 ad
496 1535 623 1602 laudem
645 1544 740 1620 atque
762 1538 909 1601 virtutem
931 1546 1076 1603 naturam
1098 1539 1167 1601 sine
1190 1539 1333 1604 doctrina
1349 1560 1445 1624 quam
1467 1541 1537 1604 sine
1558 1560 1615 1604 na·

282 1638 356 1696 tura
376 1630 514 1696 valuisse
536 1630 722 1695 doctrinam.
756 1631 860 1716 Atque
878 1631 963 1695 idem
980 1653 1039 1714 ego
1053 1632 1116 1696 hoc
1130 1632 1305 1709 contendo,
1327 1655 1400 1697 cum
1414 1634 1456 1697 ad
1469 1641 1614 1697 naturam

283 1724 433 1790 eximiam
455 1731 487 1789 et
506 1725 662 1789 illustrem
684 1725 852 1789 accesserit
872 1726 952 1791 ratio
968 1727 1124 1810 quaedam
1147 1725 1420 1812 conformatioque
1440 1727 1638 1804 doctrinae,o

282 1826 351 1884 tum
377 1817 458 1883 illud
480 1819 586 1883 nescio
609 1817 687 1902 quid
711 1818 909 1901 praeclarum
932 1840 968 1883 ac
991 1819 1152 1903 singulare
1174 1819 1276 1884 solere
1298 1823 1469 1902 exsistere:
1498 1816 1550 1884 46.
1572 1841 1615 1885 ex

280 1913 346 1987 boc
368 1932 439 1977 esse
455 1913 541 1977 hunc
561 1931 711 1987 numero,
742 1931 838 1994 quem
851 1919 957 1995 patres
980 1913 1079 1977 nostri
1094 1914 1258 1990 viderunt,
1280 1914 1424 1979 divinum
1442 1914 1614 1991 bominem,

279 2005 481 2083 Africanum
509 2025 551 2069 ex
570 2004 633 2069 boc
657 2004 691 2068 C.
715 2004 873 2079 Laelium,
899 2007 935 2069 L.
957 2007 1104 2083 Furium,
1126 2007 1395 2072 moderatissimos
1415 2006 1561 2073 homines
1583 2015 1616 2073 et

283 2101 590 2174 continentissimos3
613 2118 654 2161 ex
675 2097 735 2162 boc
757 2097 966 2163 fortissimum
987 2102 1090 2164 vuum
1111 2108 1143 2164 et
1164 2102 1229 2166 illis
1250 2101 1447 2185 temporibus
1469 2101 1615 2167 doctissi·
1712 2138 1715 2144 ·

281 2214 389 2271 mum,
409 2195 453 2259 bb
477 2193 629 2258 Catonem
649 2190 741 2255 illum
763 2211 888 2267 senem;
911 2193 968 2277 qui
990 2192 1149 2276 profecto,
1172 2196 1200 2258 si
1220 2194 1303 2258 nihil
1316 2193 1357 2259 ad
1378 2194 1614 2279 percipiendam
1623 2216 1652 2265 to

283 2288 514 2374 colendamque
534 2287 683 2351 virtutem
704 2286 818 2350 litteris
839 2286 1082 2364 adiuvarentur,
1103 2308 1278 2374 numquam
1299 2309 1335 2352 se
1357 2289 1398 2352 ad
1418 2308 1527 2352 aarum
1549 2294 1616 2353 stu·

283 2382 372 2446 dium
400 2380 620 2446 contulissent.
664 2379 757 2455 Quod
784 2379 812 2442 si
842 2399 908 2442 uon
928 2380 981 2444 bic
1003 2388 1107 2446 tantm
1127 2382 1247 2447 fructum
1270 2381 1507 2456 ostenderetur,
1534 2383 1615 2447 etsi

284 2495 326 2541 ex
345 2476 397 2541 bis
418 2474 532 2539 studiis
554 2472 721 2537 delectatio
751 2472 819 2538 sola
842 2480 1019 2557 peteretur,
1048 2482 1172 2551 tamen,
1200 2483 1235 2539 ut
1256 2476 1386 2560 opinor,
1416 2473 1498 2538 banc
1517 2475 1615 2539 animi

281 2567 501 2634 remissionem
527 2565 786 2632 humanissimam
816 2588 852 2631 ac
880 2567 1134 2633 liberalissimam
1163 2569 1356 2633 iudicaretis.
1392 2570 1471 2632 Nam
1492 2574 1614 2633 ceterae

282 2682 389 2747 neque
417 2669 594 2745 temporum
622 2665 696 2725 sunt
716 2682 823 2746 neque
845 2670 983 2727 aetatum
1004 2664 1274 2747 omnium'neque
1296 2662 1456 2737 locorum;
1483 2669 1516 2726 at
1534 2664 1651 2738 baccis

281 2754 389 2821 studia
409 2754 658 2820 adolescentiam
680 2754 785 2829 alunt,
814 2762 1012 2820 senectutem
1034 2756 1210 2832 oblectant,
1238 2756 1394 2822 secundas
1415 2775 1467 2820 res
1488 2762 1614 2831 ornant,

281 2848 425 2913 adversis
445 2847 626 2932 perfugium
646 2868 684 2912 ac
704 2848 851 2913 solatium
871 2850 1039 2932 praebent,
1061 2849 1221 2914 delectant
1234 2850 1335 2925 domi,
1357 2870 1422 2915 non
1437 2850 1615 2933 impediunt

280 2941 379 3017 ioris,
400 2948 590 3027 pernoctant
610 2942 794 3017 nobiscum,
815 2945 1070 3027 peregrinantur,
1092 2944 1292 3010 rusticantur.

366 3036 450 3101 Vlll.
474 3032 524 3099 t7.
548 3035 642 3111 Quod
673 3036 702 3100 si
730 3037 793 3118 ipsi
822 3038 902 3101 haec
930 3057 1036 3121 neque
1063 3037 1218 3119 attingere
1246 3057 1351 3122 neque
1382 3058 1479 3103 seusu
1503 3042 1612 3102 nostro

282 3137 409 3216 gustare
430 3149 617 3214 possemus,
639 3136 744 3193 tamen
767 3150 805 3193 ea
825 3130 933 3195 mirari
956 3129 1160 3207 deberemus,
1182 3131 1276 3195 etiam
1299 3152 1371 3195 cum
1391 3132 1427 3195 in
1440 3131 1513 3195 aliis
1526 3130 1650 3209 vide-22

279 3244 400 3290 remus.
438 3223 519 3299 Quis
541 3230 691 3287 nostrum
713 3231 777 3287 tam
799 3224 906 3287 animo
928 3225 1045 3307 agresti
1067 3242 1104 3287 ac
1126 3224 1205 3287 duro
1226 3223 1301 3301 fuit,
1327 3231 1364 3289 ut
1384 3225 1490 3289 Roscii
1512 3231 1613 3289 morte

282 3339 388 3404 nuper
408 3337 474 3380 non
497 3318 769 3381 commoveretur?
792 3318 848 3402 qui
870 3337 942 3381 cum
958 3325 1042 3381 esset
1063 3336 1163 3381 senex
1179 3326 1336 3394 mortuus,
1357 3324 1465 3383 tamen
1485 3327 1613 3401 propter

281 3413 491 3479 excellentem
520 3418 620 3475 artem
648 3430 686 3473 ac
707 3419 905 3475 venustatem
927 3411 1093 3475 videbatur
1113 3413 1242 3476 omnino
1264 3412 1346 3475 mori
1367 3431 1434 3476 nou
1454 3412 1612 3476 debuisse.

280 3510 366 3591 Ergo
392 3503 448 3569 ille
475 3504 619 3587 corporis
647 3512 736 3568 motu
762 3511 884 3569 tantum
905 3524 1047 3568 amorem
1068 3505 1129 3569 sibi
1151 3506 1337 3570 conciliarat
1356 3524 1377 3569 a
1396 3505 1489 3569 nobis
1511 3505 1613 3569 omni·

280 3603 358 3666 bus:
379 3620 439 3664 nos
461 3598 640 3661 animorum
661 3597 863 3661 incredibiles
884 3606 989 3662 motus
1012 3598 1270 3686 celeritatemque
1290 3600 1491 3685 ingeniorum
1512 3600 1649 3685 aegii-,5

280 3697 414 3780 gemus?
457 3688 507 3754 t8.
538 3692 693 3768 Quotiens
726 3713 787 3776 ego
816 3692 901 3757 bunc
922 3693 1070 3757 Arabiam
1091 3694 1172 3769 vidi,
1206 3694 1345 3772 iudices,
1377 3727 1419 3742 -
1439 3703 1510 3759 utar
1526 3695 1611 3760 enim

280 3796 387 3855 vestra
413 3786 626 3868 benignitate,
655 3788 805 3870 quoniam
834 3807 885 3851 me
916 3789 950 3851 iu
978 3786 1041 3851 hoc
1066 3808 1149 3852 novo
1170 3808 1287 3871 genere
1309 3787 1434 3853 dicendi
1455 3795 1519 3852 tam
1541 3788 1612 3851 dili·

280 3889 393 3968 genter
424 3880 605 3954 attenditis,
627 3912 668 3926 -
697 3880 843 3963 quotiens
872 3900 930 3964 ego
960 3880 1045 3946 bunc
1065 3881 1148 3955 vidi,
1181 3902 1253 3946 cum
1274 3881 1412 3946 litteram
1433 3882 1612 3966 scripsisset

279 3976 417 4052 nullam,
438 3992 588 4055 magnum
610 3992 776 4037 numerum
799 3973 991 4057 optimorum
1005 3995 1153 4039 versuum
1177 3976 1216 4038 de
1237 3976 1277 4040 iis
1299 3975 1379 4058 ipsis
1396 3976 1506 4050 rebus,
1529 3996 1611 4060 quae

281 4076 350 4135 tum
371 4074 557 4153 agerentur,
581 4067 686 4130 dicem
709 4087 750 4130 ex
771 4068 931 4150 temporel
955 4070 1102 4154 quotiens
1123 4074 1307 4133 revocatum
1329 4068 1463 4133 eandem
1480 4088 1548 4133 rem
1563 4069 1649 4146 dig)

282 4183 353 4228 cere
375 4160 574 4227 commutatis
596 4160 702 4225 verbis
724 4168 820 4245 atque
842 4163 1023 4227 sententiis!
1047 4162 1137 4238 Quae
1159 4182 1234 4226 vero
1252 4167 1395 4227 accurate
1410 4163 1611 4246 cogitateque

281 4258 476 4342 scripsisset,
505 4275 543 4320 ea
572 4254 617 4318 sic
638 4254 702 4319 vidi
725 4257 868 4339 probari,
898 4263 935 4319 ut
955 4256 995 4320 ad
1016 4261 1161 4320 veterum
1182 4255 1372 4339 scriptorum
1392 4255 1519 4320 laudem
1539 4275 1613 4339 per·

282 4352 412 4416 veniret.
447 4350 542 4413 Hunc
563 4368 623 4432 ego
645 4367 711 4412 non
733 4349 885 4433 diligam?
908 4370 973 4414 non
994 4349 1151 4415 admirer?
1173 4369 1237 4412 uon
1259 4349 1345 4412 omni
1365 4350 1487 4414 ratione
1502 4349 1613 4415 deien-

346 4527 371 4577 4.
387 4526 464 4590 psius
485 4525 538 4576 aaa
558 4524 675 4575 doctrine
690 4530 714 4576 et
732 4529 841 4576 murae
857 4525 1021 4578 Schuetzius.
1042 4550 1069 4562 -
1094 4529 1204 4575 estmoe
1219 4525 1408 4587 ipsius--stae
1423 4525 1540 4576 moise
1556 4537 1611 4577 om.

281 4603 374 4656 ΕΡ-
392 4600 506 4652 amiato
523 4601 585 4650 G·
603 4599 984 4662 &munumentum
1000 4602 1087 4651 omi>
1106 4598 1171 4651 -i.
1189 4598 1235 4648 hoc
1253 4598 1318 4649 GE:
1336 4610 1390 4649 om.
1409 4599 1500 4650 ceteri.
1521 4626 1549 4637 -
1566 4612 1614 4650 aa·

280 4679 414 4729 trsrcG-
432 4677 457 4728 44.
476 4681 499 4727 et
515 4676 578 4729 GH:
597 4681 674 4738 atque
687 4676 766 4728 ALO
780 4703 806 4712 -
819 4676 1022 4728 tnttotremti-
1036 4675 1189 4725 oratiol’-
1203 4675 1440 4738 cmflnnuttoquea
1453 4700 1480 4711 -
1500 4675 1524 4725 6.
1543 4675 1613 4726 ωὖ-

280 4757 345 4804 atero
359 4750 467 4802 solerel.
481 4778 509 4788 -
527 4751 552 4801 7.
565 4751 639 4813 tuoe]
659 4752 726 4801 utut
742 4748 859 4801 deleant
874 4751 945 4801 tumn
956 4750 1097 4801 substitue.
1116 4752 1167 4800 Pro
1180 4748 1251 4800 Cael.
1265 4762 1289 4799 e.
1303 4749 1333 4799 t't
1347 4749 1371 4814 (5
1383 4750 1437 4812 ³9l²
1455 4751 1498 4800 iix
1513 4751 1558 4801 tec
1567 4763 1614 4816 qe-

280 4840 340 4879 aers
354 4826 410 4878 ilios
424 4826 500 4890 {uisu
515 4825 627 4877 urbiam
638 4826 763 4887 Camillos,
774 4825 911 4888 Fabricios,
926 4826 1022 4876 Custos
1041 4825 1127 4889 Atque
1145 4825 1178 4875 ita
1190 4835 1300 4888 semper
1311 4823 1345 4874 de
1362 4824 1478 4888 antiquis
1496 4826 1523 4875 et
1538 4838 1615 4875 mor-

280 4902 360 4953 tuis.»
375 4902 468 4953 Gerar.
486 4901 539 4952 Sed
550 4900 612 4952 vide
627 4899 760 4952 Halmium
772 4901 807 4953 ad
820 4901 847 4952 h.
859 4900 877 4952 4.
890 4902 916 4952 in
928 4900 972 4951 ed.
985 4901 1055 4965 lips.
1070 4927 1098 4937 -
1117 4901 1141 4952 8.
1160 4899 1344 4963 amonicali
1358 4924 1388 4937 -
1406 4900 1615 4952 nudorum

281 4977 373 5029 GHP:
390 4976 639 5027 modestissimum.
652 5002 678 5012 -
700 4977 741 5027 to.
758 4978 795 5027 Μ.
813 4989 867 5027 orn.
881 4976 970 5026 GEA.
995 4976 1160 5026 Praenomen
1176 4973 1334 5038 absorptum
1350 4987 1367 5025 a
1383 4974 1556 5039 praecedenti
1570 4974 1615 5026 lit-
1686 5020 1690 5028 ,

280 5053 338 5102 tera
363 5049 466 5102 addidit
482 5051 511 5102 C.
530 5051 689 5116 Stephanus.
722 5050 760 5102 ct.
779 5065 805 5117 p.
825 5049 894 5101 Sulla
912 5051 927 5115 5
944 5050 991 5101 23:
1015 5051 1052 5100 Μ.
1069 5049 1107 5099 itti
1124 5049 1212 5100 Catoni
1228 5049 1289 5099 aaut.
1308 5062 1335 5114 p.
1354 5047 1459 5100 Plancio
1483 5049 1498 5113 s
1514 5051 1560 5102 20:
1585 5052 1616 5102 de

279 5126 317 5177 lt.
335 5124 429 5176 Catone
443 5124 495 5178 illo.
516 5125 592 5177 Verr.
611 5125 656 5177 lib.
675 5124 775 5190 1155:
798 5125 839 5176 ce
854 5127 891 5176 ll.
909 5126 971 5176 Ceto
987 5122 1101 5186 Sapiens.
1123 5150 1149 5159 -
1174 5124 1214 5173 44.
1233 5135 1281 5186 que
1303 5135 1358 5173 om.
1376 5125 1455 5174 GEP
1479 5124 1615 5188 (colendam

300 5212 331 5250 ro
348 5197 507 5262 glossemate
525 5199 608 5250 babet
623 5201 827 5260 Mommsenius3
846 5205 921 5262 atque
936 5199 1065 5250 celestino
1076 5199 1226 5263 suspicatur
1236 5195 1375 5260 Halmius.)
1389 5224 1417 5233 -
1436 5199 1616 5251 emmonem

279 5215 387 5327 dellius.
413 5273 467 5325 Sed
483 5273 544 5326 vide
562 5276 733 5326 (tuatonium
750 5274 786 5326 ad
802 5288 841 5325 or.
859 5287 886 5339 p.
905 5275 991 5325 Sestio
1009 5286 1033 5323 c.
1051 5274 1092 5324 64.
1110 5286 1137 5338 p.
1155 5271 1212 5324 244.
1238 5299 1265 5309 -
1289 5271 1330 5323 43.
1348 5273 1429 5324 enims·
1447 5276 1616 5327 meseonem

281 5349 429 5414 Naugerius
444 5350 472 5400 iu
488 5348 532 5400 ed.
551 5350 700 5401 Victoriana
719 5351 760 5414 (ex
777 5351 845 5401 coni.
864 5350 924 5400 Laz.
942 5348 1077 5399 Bonamici
1093 5349 1162 5399 teste
1179 5347 1316 5410 Gruterol:
1337 5348 1578 5402 manuductionem
1594 5354 1615 5402 G

280 5424 374 5483 ΕΡΔ;
392 5423 472 5474 calmi
488 5424 660 5477 oeconomos
676 5436 738 5475 cum
755 5426 866 5476 Grutero
884 5425 904 5475 0
922 5451 949 5459 -
972 5425 1013 5475 45.
1032 5429 1060 5474 ot
1076 5425 1168 5474 GEP:
1187 5437 1242 5474 nm.
1261 5424 1353 5474 ceteri.
1372 5422 1412 5475 ct.
1431 5422 1465 5474 de
1482 5425 1546 5489 imp.
1565 5425 1613 5475 Cn.

281 5499 401 5564 Pompeii
420 5498 436 5563 5
453 5500 494 5550 to.
515 5527 542 5538 -
562 5500 602 5552 46.
621 5500 822 5552 adolescentiaE
843 5526 869 5537 -
889 5499 961 5549 olum
976 5499 1141 5562 Hervagius:
1165 5503 1244 5563 aptast
1261 5498 1310 5549 GE
1321 5499 1385 5560 PA,
1408 5505 1502 5550 aeuum
1518 5495 1616 5549 Guliel-

280 5574 362 5625 mius.
384 5573 424 5624 Cl.
436 5574 509 5625 Brut.
527 5574 542 5639 g
559 5576 616 5626 tac.
639 5603 666 5612 -
685 5576 726 5626 ti.
741 5575 889 5639 mesogiten
905 5573 963 5639 (per
980 5572 1177 5638 compendium)
1196 5576 1217 5623 G
1230 5601 1258 5611 -
1276 5574 1437 5638 inpediente
1450 5601 1478 5612 -
1495 5574 1537 5625 24.
1556 5574 1617 5637 Qttir

281 5648 369 5700 meno
384 5652 438 5698 tum
454 5649 548 5714 afflasti
565 5654 588 5700 et
603 5650 668 5700 duro
684 5648 746 5712 tuit,
763 5653 792 5699 ut
808 5650 879 5701 flocci
895 5654 975 5700 morte
990 5663 1040 5699 nos
1056 5655 1196 5700 moretm
1208 5649 1262 5713 (sic)
1275 5650 1292 5700 S
1306 5677 1334 5687 -
1352 5650 1439 5701 ocimo
1454 5653 1508 5700 tun
1523 5650 1616 5714 agresti

280 5725 328 5776 si.
345 5751 373 5762 -
392 5724 433 5776 25.
451 5724 504 5790 uos]
521 5724 565 5776 hos
581 5725 732 5786 Ernestius3
759 5723 808 5775 sed
824 5724 885 5775 vide
902 5722 1045 5776 Halmium.
1066 5752 1093 5762 -
1115 5725 1307 5790 neglegentiori}
1325 5751 1353 5761 -
1370 5724 1412 5776 26.
1431 5723 1548 5787 Qoottass
1564 5723 1615 5776 Gt

281 5798 418 5866 [ubiquels
437 5801 531 5863 quoties
547 5801 625 5852 libo
643 5827 671 5838 -
689 5800 814 5852 arctim
831 5801 892 5850 E-
910 5799 952 5851 29.
970 5799 1201 5865 4414436444-
1221 5798 1262 5849 30.
1280 5798 1393 5860 quotieas
1407 5811 1453 5866 eqo
1468 5805 1615 5854 mecam

281 5875 351 5926 u·
370 5873 568 5942 essecestra
584 5875 944 5940 (tempestuosarum
963 5901 991 5912 -
1010 5873 1050 5929 33.
1069 5873 1123 5941 ego]
1139 5888 1185 5941 ego
1199 5887 1260 5927 uero
1276 5876 1305 5927 P.
