3800 7350
321 1174 384 1242 atil
749 1183 901 1248 orario
927 1185 981 1250 Illi
1001 1184 1122 1251 Dorio
1144 1186 1221 1250 ΒΗΛ

321 1371 429 1416 nonne
451 1351 682 1435 providendum
704 1353 827 1417 senatui
849 1353 925 1431 fuit,
947 1376 988 1419 ne
1010 1355 1044 1419 iu
1066 1356 1147 1419 banc
1167 1362 1285 1420 tantam
1304 1357 1468 1420 materiem
1482 1355 1648 1420 seditionis

321 1446 382 1510 ista
402 1445 527 1509 iunmta
547 1445 602 1510 lax
623 1445 888 1512 adhaerescereti

406 1540 459 1602 Vl.
482 1534 532 1601 ld.
554 1539 629 1602 Fuit
647 1540 743 1622 igitur
764 1561 859 1606 causa
883 1545 1028 1626 capiendi
1051 1534 1124 1607 novi
1148 1544 1283 1608 consilii.
1320 1544 1431 1607 Videte
1453 1563 1557 1617 nunc,
1579 1542 1649 1606 iue-

322 1634 427 1697 riutne
448 1640 554 1716 partes
569 1652 658 1696 meae
680 1654 782 1717 paene
803 1638 1001 1720 praecipuae.
1036 1638 1138 1714 Quem
1156 1644 1222 1700 tum
1239 1638 1368 1720 Sergius
1382 1637 1436 1699 ille
1451 1645 1534 1710 tuus,
1552 1657 1648 1720 quem

297 1726 460 1801 sbollius,
482 1746 577 1810 quem
599 1735 722 1791 ceterae
745 1738 850 1811 pestes
872 1729 905 1792 in
927 1730 1119 1813 lapidatione
1140 1729 1195 1793 illa
1217 1731 1444 1794 nominabant?
1474 1750 1568 1813 quem
1592 1750 1648 1792 an·

322 1841 436 1885 nonam
459 1828 621 1903 praestare
643 1829 789 1904 oportere
811 1822 981 1886 dicebant-l
1003 1827 1202 1888 nonnemo?
1225 1825 1303 1907 quid
1318 1843 1488 1906 puerorum
1502 1823 1558 1887 illa
1572 1842 1648 1885 con·

321 1915 458 1979 cassatio
490 1917 665 1979 nocturnal
698 1934 763 1977 non
796 1935 815 1979 a
842 1924 873 1979 te
901 1918 975 1999 ipso
1003 1919 1146 1982 instituta
1172 1938 1224 1981 me
1252 1917 1442 1980 frumentum
1465 1918 1648 2000 flagitabat?

322 2009 413 2092 quasi
435 2028 511 2072 vero
532 2027 592 2090 ego
614 2014 670 2072 aut
689 2009 737 2072 roi
754 2006 978 2073 frumentariae
993 2011 1201 2095 praescissem
1216 2018 1271 2074 aut
1284 2031 1500 2094 compressum
1515 2009 1647 2095 aliquod

320 2100 514 2166 frumentum
542 2109 684 2167 tenerem
704 2103 814 2166 autin
835 2104 898 2167 isto
920 2124 1036 2187 genere
1058 2105 1189 2167 omnino
1211 2105 1387 2188 quidquam
1407 2115 1463 2168 aut
1484 2105 1647 2168 curatione

285 2205 377 2259 soant
395 2203 553 2279 potestate
574 2196 754 2259 valuissem.
798 2195 861 2259 Sed
883 2197 979 2261 bomo
1002 2197 1042 2261 ad
1065 2197 1192 2261 caedem
1215 2200 1382 2261 imminens
1404 2218 1508 2261 meum
1531 2216 1647 2260 nomen

321 2289 427 2373 operis
456 2288 612 2364 ediderat,
634 2290 789 2371 imperitis
815 2290 974 2354 iniecerat
1020 2290 1098 2363 Cum
1129 2290 1168 2353 de
1197 2311 1268 2355 mea
1294 2290 1445 2373 dignitate
1473 2289 1646 2373 intemplo

321 2383 408 2447 lovis
421 2381 539 2466 Optimi
561 2384 692 2447 Maximi
713 2392 840 2447 senatus
861 2383 1137 2467 frequentissimus
1158 2404 1223 2447 uuo
1238 2387 1298 2448 isto
1315 2384 1522 2449 dissentiente
1538 2385 1647 2446 decre·

322 2476 436 2551 visset,
458 2477 563 2540 subito
584 2476 640 2539 illo
662 2477 733 2559 ipso
754 2477 807 2539 die
830 2478 1024 2542 carissimam
1045 2497 1204 2541 annonam
1226 2499 1286 2541 nec
1308 2479 1435 2562 opinata
1455 2479 1558 2542 vilitas
1572 2497 1648 2539 con·

322 2579 430 2634 secuta
458 2580 516 2634 est
560 2564 611 2632 lb.
639 2570 736 2633 Erant
763 2571 819 2653 qui
851 2571 928 2633 deos
958 2571 1150 2634 immortales
1171 2603 1214 2618 -—
1235 2572 1268 2633 id
1291 2572 1379 2655 quod
1401 2592 1460 2654 ego
1482 2573 1584 2636 sentio
1605 2603 1648 2618 —

285 2674 313 2722 lt
322 2663 453 2727 numine
474 2684 533 2728 suo
554 2663 692 2727 reditum
713 2684 816 2728 meum
840 2663 984 2728 dicerent
1004 2665 1240 2747 comprobasse.
1262 2667 1331 2727 Non
1347 2665 1427 2728 nulli
1441 2675 1545 2729 autem
1561 2665 1646 2728 illam

321 2778 389 2822 reru
416 2757 456 2822 ad
485 2758 571 2822 illam
593 2759 747 2822 rationem
769 2760 1047 2841 coniecturamque
1068 2758 1276 2831 revocabant,
1306 2758 1378 2840 qui,
1409 2762 1497 2841 quod
1519 2761 1551 2822 in
1573 2778 1646 2821 meo

321 2850 426 2915 reditu
447 2870 521 2934 spes
544 2852 601 2914 otii
623 2858 655 2914 et
676 2852 863 2933 concordiae
885 2853 945 2914 sita
961 2851 1141 2925 videbatur,
1163 2854 1196 2916 in
1211 2852 1351 2915 discessu
1370 2862 1475 2915 autem
1489 2853 1647 2936 quotidia-

321 2965 381 3008 nus
411 2943 576 3009 seditionis
598 2944 708 3020 timor,
736 2946 797 3008 iam
820 2963 922 3028 paene
942 2944 1018 3007 belli
1041 2944 1174 3028 depulso
1196 2952 1283 3009 metu
1304 2953 1527 3008 commutatam
1547 2965 1647 3008 anno·

321 3058 395 3102 nam
417 3058 489 3103 esse
510 3037 675 3102 dicebant:
698 3057 779 3122 quae
801 3037 878 3121 quia
898 3057 1006 3101 rursus
1028 3038 1060 3100 in
1083 3058 1154 3103 meo
1175 3039 1278 3102 reditu
1299 3038 1381 3102 iacta
1402 3046 1470 3102 erat
1487 3039 1606 3111 donor,
1627 3057 1647 3100 a

282 3143 312 3193 tt
321 3152 390 3205 me,
403 3132 501 3196 cuius
518 3130 657 3195 adventu
671 3131 741 3195 iore
755 3131 907 3195 vilitatem
921 3131 999 3194 boni
1013 3132 1073 3195 viri
1087 3132 1282 3207 dictitabant,
1297 3151 1425 3195 annona
1437 3131 1645 3214 flagitabatur.

321 3226 389 3289 Vll.
410 3225 477 3307 Ego
500 3224 639 3310 denique
662 3246 725 3289 non
748 3226 850 3290 solum
871 3226 911 3288 ab
933 3225 1038 3308 operis
1061 3226 1124 3287 tuis
1146 3226 1283 3308 impulsu
1306 3233 1361 3288 tuo
1375 3225 1571 3298 nominabat,
1588 3224 1645 3287 sed

320 3320 415 3383 etiam
445 3319 586 3402 depulsis
607 3339 645 3382 ac
666 3320 824 3402 dissipatis
846 3319 909 3381 tuis
930 3318 1031 3402 copiis
1051 3338 1071 3381 a
1099 3320 1218 3402 populo
1240 3320 1383 3382 liomano
1404 3319 1568 3392 universo,
1590 3318 1645 3401 qui

320 3420 386 3477 tum
408 3414 443 3476 in
465 3412 654 3497 Capitolium
676 3421 883 3485 convenerat,
905 3431 977 3476 cum
998 3410 1054 3473 illo
1076 3411 1129 3475 die
1152 3413 1257 3476 minus
1278 3412 1433 3486 valerem,
1458 3411 1646 3476 nominatim

318 3506 353 3569 iu
373 3513 519 3571 senaim
539 3507 684 3571 vocabar.
727 3501 780 3569 ld.
804 3505 885 3569 Veni
907 3512 1126 3587 exspectatus:
1152 3506 1256 3568 multis
1277 3505 1340 3569 iam
1363 3506 1531 3569 sententiis
1551 3505 1645 3567 dictis

280 3607 450 3684 atropatus
470 3619 541 3663 snm
562 3599 769 3663 sententiam:
798 3599 866 3661 dixi
887 3599 932 3662 rei
955 3598 1099 3683 publicae
1121 3599 1373 3675 saluberrimam,
1399 3599 1477 3662 mibi
1499 3616 1645 3661 necessa-

319 3696 409 3758 riam.
451 3694 620 3758 Petebatur
639 3714 731 3757 ame
752 3693 901 3757 frumenti
924 3693 1032 3776 copia,
1058 3711 1204 3756 annonae
1224 3693 1347 3756 vilitas:
1374 3712 1501 3776 possem
1522 3688 1644 3775 aliquid

319 3789 353 3852 in
375 3810 412 3853 ea
433 3809 468 3851 re
490 3800 601 3862 necne,
623 3789 704 3852 ratio
722 3808 789 3851 non
805 3787 990 3850 habebatur.
1012 3786 1190 3869 Flagitabar
1202 3787 1356 3850 bonorum
1372 3786 1643 3870 expostulatione:

317 3883 534 3966 improborum
556 3882 697 3955 convicia
719 3882 875 3945 sustinere
890 3899 955 3943 non
968 3887 1123 3963 ⁴poteram.
1151 3880 1301 3963 Delegavi
1315 3881 1417 3943 amico
1431 3878 1643 3962 locupletiori,

318 3995 384 4040 non
416 3995 480 4060 quo
504 3975 555 4038 illi
584 3976 629 4038 ita
657 3975 697 4039 de
719 3995 769 4038 mc
791 3977 904 4038 merito
925 3995 1007 4038 onus
1027 3973 1106 4036 illud
1128 3974 1323 4056 imponerem
1344 4005 1387 4022 -
1408 3973 1645 4037 succubuissem

279 4073 402 4135 atenim
423 4071 530 4153 potius
550 4070 619 4153 ipsc
641 4100 701 4143 -,
728 4069 784 4133 sed
807 4070 883 4152 quia
903 4068 1050 4130 videbam
1071 4066 1121 4142 id,
1150 4069 1237 4151 qnod
1267 4088 1390 4142 omnes,
1419 4064 1504 4150 quod
1525 4085 1583 4128 nos
1605 4066 1645 4128 de

319 4164 374 4228 Cn.
398 4163 549 4246 Pompeio
571 4163 806 4247 polliceremur,
835 4164 867 4225 id
889 4161 979 4225 illum
1001 4158 1080 4234 lide,
1110 4161 1257 4236 oonsilio,
1285 4162 1417 4236 virtute,
1448 4161 1645 4233 auctoritate,

317 4258 464 4322 felicitate
495 4256 633 4340 denique
661 4276 719 4319 sua
743 4255 892 4319 facillime
918 4253 1140 4339 perfecturum.
1183 4249 1234 4316 l7.
1264 4256 1374 4337 ltaque
1404 4256 1471 4318 sive
1498 4254 1584 4317 hunc
1612 4253 1644 4316 di

317 4350 511 4415 immortales
532 4350 667 4414 fructum
688 4350 751 4414 mei
773 4349 895 4412 reditus
917 4347 1037 4430 populo
1058 4348 1201 4411 Romano
1224 4348 1382 4421 tribuunt,
1413 4358 1462 4422 ut,
1488 4368 1581 4431 quem
1604 4349 1644 4410 ad

317 4443 445 4508 modum
467 4442 610 4508 discessu
632 4462 704 4506 meo
725 4443 852 4526 lmgum
873 4441 998 4524 inopia,
1028 4440 1145 4515 iamcs,
1167 4442 1313 4514 vastitas,
1334 4442 1464 4516 caedes,
1486 4442 1643 4514 incendia,

279 4540 463 4620 serapione,
486 4537 641 4601 scelerum
656 4537 843 4620 impunitas,
865 4534 958 4617 iuga,
981 4533 1133 4608 formido,
1157 4533 1313 4597 discordia
1327 4534 1456 4610 luisset,
1478 4536 1523 4599 sic
1539 4535 1642 4599 reditu

318 4631 444 4694 ubertas
465 4649 629 4713 agrorum,
649 4629 775 4713 frugum
797 4628 901 4714 copia,
924 4647 996 4711 spes
1019 4627 1091 4702 otii,
1113 4626 1325 4711 tranquillitas
1346 4628 1539 4704 animorum,
1560 4627 1644 4692 iudi·

383 4903 406 4953 4.
424 4915 456 4952 se
472 4913 525 4950 om.
544 4900 638 4951 Gli-
661 4898 745 4963 liam]
762 4912 794 4949 ae
810 4898 932 4951 64444-
948 4895 1229 4948 adnumerato-l.
1245 4900 1387 4959 sensti·
1403 4898 1429 4948 t.
1446 4899 1641 4956 carambin

316 4972 488 5026 caerosP¹-
507 4971 848 5036 i.ipsaP-iartitutol²²:
866 4969 1006 5032 344444444Ρῆ
1024 4970 1252 5023 statutoGldV-
1270 4971 1476 5037 septumo:
1494 4972 1643 5038 mutabunt

316 5049 409 5103 rivo.
433 5047 522 5100 Verba
538 5047 644 5099 distinxi
660 5060 723 5099 cum
740 5047 881 5107 Lumbino;
904 5045 1017 5098 Orellius
1033 5048 1084 5098 sic:
1110 5044 1189 5109 qud?
1209 5058 1347 5108 puerum
1363 5047 1408 5097 itta
1422 5048 1580 5097 enumeratio
1594 5060 1643 5096 eo-

315 5131 420 5186 stam,
440 5137 491 5176 sos
511 5136 529 5173 a
549 5121 789 5186 teipmststitstci
809 5120 1191 5186 Harmoniamfiapitcbast
1211 5145 1239 5157 -
1263 5120 1288 5171 9.
1306 5122 1642 5183 cauponae-itib-

315 5201 411 5251 ialam
427 5197 476 5250 PV
496 5225 523 5235 -
541 5198 582 5247 44.
601 5197 683 5260 operis
699 5209 753 5248 om.
769 5199 790 5247 G
807 5221 834 5232 -
853 5198 967 5259 inperitis
982 5196 1104 5246 iniecerat
1120 5197 1139 5246 P
1157 5219 1184 5229 -
1203 5194 1398 5258 meaddipaitatc
1414 5193 1443 5245 Ρι
1462 5221 1488 5231 -
1508 5197 1548 5245 it.
1567 5196 1643 5245 Prius

313 5275 385 5326 iliata
401 5271 545 5324 delendum
561 5272 666 5322 censuit
676 5270 820 5331 Ernestius,
839 5272 971 5335 posterius
987 5271 1013 5321 iu
1028 5270 1107 5320 dmm
1118 5267 1275 5318 mutandum
1287 5269 1433 5327 Gamerae,
1452 5268 1577 5332 equidem
1589 5282 1641 5333 po·

314 5348 412 5402 sterius
428 5346 583 5398 deleverim.
596 5367 624 5382 ··
643 5346 684 5395 tr.
701 5345 842 5395 miesco
857 5347 920 5405 Ρῦς
938 5343 1121 5395 couidimaov
1134 5369 1161 5381 -
1180 5343 1221 5394 48.
1239 5355 1367 5393 anomia
1382 5353 1433 5392 aas
1448 5343 1515 5393 PG:
1532 5355 1643 5394 auus·

314 5424 486 5481 mltos
503 5419 684 5473 assumil-
702 5420 744 5470 20.
762 5420 935 5481 dicuboatc3
954 5419 1101 5469 mimam
1117 5417 1303 5468 Emeritos—
1321 5417 1363 5467 tt.
1382 5417 1497 5480 mribus
1513 5419 1643 5471 (illv-

314 5495 772 5562 incantamentum
789 5493 1243 5558 eapsctotroG-iomscatcutilscz
1261 5491 1642 5544 multatam-ibam

315 5575 443 5626 omli-
462 5572 504 5623 26.
519 5583 617 5634 possm
631 5569 729 5632 dlqtdd
743 5571 771 5620 io
786 5582 818 5621 aa
834 5582 955 5630 renem,
967 5569 1095 5620 rotlosoa
1107 5566 1460 5629 babebatsrtiaratoniuslll)
1473 5567 1638 5617 etKlotzius:

312 5642 1404 5713 moteridiswmadoaosbabebottuprpossematiqoidisaors
1416 5677 1497 5692 .....
1507 5643 1639 5693 retusos

314 5722 502 5780 moturae
523 5732 620 5784 ponam
641 5719 738 5781 4444944444
757 5721 784 5769 in
805 5732 837 5770 eu
856 5731 904 5768 ra.
920 5719 1048 5783 metio
1064 5732 1115 5768 ooo
1131 5717 1318 5776 debebatwll3
1337 5730 1434 5780 pauno
1453 5718 1592 5781 diosmis
1608 5731 1641 5769 so

315 5793 665 5862 rapenauttcaababebatur
686 5794 720 5855 V;
746 5796 819 5856 cacat
839 5794 1182 5856 possemottostdineore
1202 5793 1325 5858 amm:
1349 5791 1590 5843 sosbobebutsro
1609 5818 1636 5828 -

316 5867 1638 5935 maurmunster-assumemur-32.ctrzstio-aa.rrdttuc:rsaitsmso0.
