3800 7350
699 1187 773 1253 cn.
793 1185 944 1251 rn-rv.
971 1183 1017 1270 §s
1039 1167 1163 1250 4-44,
1503 1182 1586 1249 lter

271 1376 344 1421 meo
372 1356 454 1419 lacto
482 1375 547 1418 non
576 1355 733 1430 dubitem,
763 1357 802 1420 de
825 1356 940 1440 Ligarii
961 1375 1026 1418 non
1048 1355 1181 1420 audeam
1202 1349 1352 1418 confiteri.
1383 1355 1487 1438 Atque
1508 1355 1586 1419 baec

270 1457 437 1536 propterea
458 1448 498 1513 de
520 1470 570 1513 me
592 1449 676 1524 dixi,
697 1457 733 1513 nt
747 1450 824 1513 mibi
839 1451 982 1524 Tubero,
1006 1469 1075 1513 cum
1091 1448 1130 1511 de
1150 1468 1184 1513 se
1199 1448 1308 1512 eadem
1323 1448 1475 1523 dicerem,
1497 1450 1587 1532 igno·

271 1552 389 1609 sceret:
418 1544 509 1607 cuius
538 1562 596 1625 ego
626 1543 800 1607 industriae
829 1544 1012 1627 gloriaeque
1041 1542 1132 1607 faveo
1159 1543 1211 1606 vel
1231 1551 1358 1628 propter
1378 1544 1586 1626 propinquam

270 1638 509 1722 cognationem,
537 1636 587 1698 vel
610 1637 695 1720 quod
718 1638 787 1700 eius
808 1638 937 1720 ingenio
959 1637 1136 1720 studiisque
1157 1635 1312 1711 delector,
1340 1637 1389 1700 vel
1412 1637 1498 1721 quod
1519 1636 1588 1699 lau·

270 1730 343 1796 dem
369 1730 581 1795 adolescentis
609 1731 780 1815 propinqui
810 1731 956 1795 existimo
986 1732 1078 1794 etiam
1104 1729 1144 1794 ad
1166 1750 1270 1793 meum
1292 1730 1428 1814 aliquem
1449 1728 1610 1793 fructume

270 1826 457 1890 redundare.
500 1821 531 1885 9.
553 1823 615 1886 866
637 1823 696 1887 4466
720 1844 855 1907 quaero:
879 1826 952 1908 quis
973 1832 1063 1908 putat
1084 1844 1153 1888 esse
1169 1825 1288 1888 crimen
1300 1823 1399 1888 fuisse
1414 1824 1446 1887 in
1460 1822 1587 1887 Africa?

269 1921 389 2004 Nempe
416 1920 462 1993 is,
490 1917 547 2000 qui
576 1925 608 1980 et
630 1918 753 2002 ipsein
776 1916 887 1981 eadem
909 1917 1012 1981 Africa
1034 1937 1103 1982 esse
1125 1919 1225 1982 voluit
1246 1925 1278 1981 et
1297 1916 1492 2001 prohibitum
1514 1935 1588 1979 sea

269 2013 394 2097 Ligario
417 2012 558 2096 queritur
579 2017 610 2074 et
632 2017 716 2074 certe
738 2018 847 2074 eontra
868 2011 971 2094 ipsum
988 2011 1151 2075 Caesarem
1174 2019 1223 2075 est
1240 2031 1426 2094 congressus
1440 2019 1587 2074 armatus.

271 2106 356 2183 Quid
378 2106 462 2169 enim
484 2113 558 2168 tuus
580 2103 650 2180 ille,
671 2106 813 2179 Tubero,
836 2104 1004 2168 destrictus
1025 2106 1058 2167 in
1079 2104 1148 2168 acie
1171 2104 1350 2182 Pharsalica
1371 2103 1495 2187 gladius
1516 2122 1589 2186 age·

269 2200 343 2264 batt
366 2200 454 2263 cuius
474 2199 557 2262 latus
578 2199 631 2261 ille
653 2218 762 2261 mucro
783 2198 933 2281 petebat?
965 2198 1020 2281 qui
1043 2217 1154 2262 sensus
1176 2206 1244 2262 erat
1263 2216 1420 2262 armonem
1441 2199 1625 2262 4666446446

270 2313 353 2379 quae
373 2300 429 2356 tua
450 2295 560 2355 mensi
583 2291 689 2355 oculi?
711 2295 844 2355 manust
866 2292 962 2355 ardor
983 2293 1103 2355 animi?
1126 2292 1203 2376 quid
1218 2293 1386 2375 cupiebas?
1409 2291 1485 2377 qnid
1500 2299 1589 2375 opta·

270 2386 348 2452 basi
379 2386 481 2449 Nimis
502 2405 617 2468 urgeo;
646 2387 837 2449 commoveri
857 2385 985 2449 videtur
1004 2386 1206 2462 adolescens3
1235 2387 1274 2449 ad
1296 2405 1346 2448 me
1367 2393 1521 2449 revertar:
1546 2385 1589 2447 is·

271 2480 343 2545 dem
363 2480 397 2543 in
419 2479 512 2542 armis
533 2478 589 2541 lui.
631 2479 684 2541 IV.
707 2474 756 2540 tc.
780 2478 864 2553 Quid
886 2487 991 2543 autem
1019 2479 1104 2542 aliud
1128 2481 1264 2563 egimus,
1289 2480 1430 2553 Tubero,
1455 2478 1517 2541 nisi
1544 2484 1588 2552 ut,

270 2576 356 2659 quod
377 2574 430 2637 hic
451 2579 573 2655 potest,
595 2592 653 2635 nos
674 2576 863 2655 possemus?
887 2572 1029 2647 Quorum
1050 2573 1147 2656 igitur
1167 2573 1348 2655 impunitas,
1371 2571 1494 2646 Caesar,
1516 2578 1589 2633 tuae

270 2668 456 2732 clementiae
478 2666 546 2729 laus
568 2674 631 2741 est,
653 2686 762 2729 eorum
784 2666 926 2748 ipsorum
947 2666 988 2730 ad
1010 2665 1226 2730 crudelitatem
1248 2675 1279 2731 te
1293 2666 1379 2730 acuit
1393 2665 1502 2729 oratio.
1534 2665 1626 2727 Atre

270 2782 333 2846 que
364 2761 397 2824 in
425 2760 485 2823 bac
515 2778 607 2823 causa
635 2759 779 2822 nonnihil
800 2758 965 2842 equidem,
994 2759 1137 2834 Tubero,
1166 2760 1260 2823 etiam
1282 2768 1384 2832 tuam,
1412 2755 1469 2820 sed
1490 2756 1588 2820 multo

270 2856 369 2938 magis
390 2853 487 2937 patris
508 2854 555 2916 tui
576 2854 774 2935 prudentiam
796 2853 950 2927 desidero,
972 2852 1059 2937 quod
1074 2853 1169 2916 lromo
1184 2874 1256 2918 cum
1269 2854 1397 2937 ingenio
1412 2858 1481 2914 tnm
1495 2851 1589 2914 etiam

269 2947 411 3010 doctrina
432 2947 608 3021 excellens,
635 2966 734 3030 genus
755 2947 815 3010 hoc
837 2966 950 3010 causae
973 2948 1059 3030 quod
1082 2953 1181 3021 esset,
1207 2967 1273 3010 non
1295 2946 1419 3009 viderit
1460 2946 1537 3007 Nam
1561 2944 1588 3007 si

269 3042 417 3117 vidisset,
440 3040 552 3125 quovis
574 3039 716 3123 profecto
738 3060 833 3125 quarn
855 3040 916 3103 isto
938 3040 1033 3103 modo
1054 3058 1073 3103 a
1094 3048 1126 3103 te
1147 3042 1197 3124 agi
1218 3040 1388 3105 maluisset

352 3134 466 3219 Arguis
496 3134 662 3209 latentem3
691 3153 754 3196 non
784 3141 832 3198 est
859 3133 954 3196 satis:
987 3152 1117 3198 accusas
1144 3155 1232 3209 eum,
1260 3134 1315 3216 qui
1347 3152 1472 3198 causam
1493 3133 1626 3198 babetso

269 3236 339 3304 aut,
363 3237 397 3294 ut
419 3248 478 3312 ego
501 3226 589 3302 dico,
611 3227 774 3290 meliorem
797 3247 891 3310 quam
914 3236 966 3302 tu,
988 3235 1057 3300 aut,
1078 3235 1115 3292 ut
1136 3237 1168 3292 tn
1190 3230 1249 3303 vis,
1270 3247 1387 3312 parem.
1430 3223 1481 3289 ll.
1503 3228 1589 3291 llaec

269 3324 481 3397 admirabilia,
511 3321 567 3384 sed
594 3321 730 3403 prodigii
759 3321 861 3385 simile
890 3329 938 3384 est
968 3321 1054 3404 quod
1083 3321 1194 3386 dicam.
1229 3323 1299 3385 Non
1320 3320 1415 3385 habet
1435 3341 1503 3385 eam
1524 3322 1588 3385 vim

269 3420 330 3482 ista
350 3417 526 3492 accusatio,
554 3425 589 3479 ut
612 3415 650 3490 Q.
673 3414 817 3495 Ligarius
840 3415 1085 3490 condemnetur,
1117 3416 1174 3477 sed
1194 3422 1230 3477 ut
1251 3422 1391 3479 necetur.
1433 3416 1502 3478 Hoc
1524 3415 1589 3499 egit

334 3709 357 3759 4.
376 3706 484 3757 66644646
500 3706 588 3757 6646
606 3706 633 3754 64
649 3703 835 3765 Quintilianus:
862 3704 970 3754 6446446444
985 3704 1066 3754 diem
1082 3701 1150 3752 ΕὈ.
1177 3703 1216 3753 Ci.
1234 3703 1392 3767 Madvigium
1409 3704 1497 3767 06646.
1515 3707 1588 3756 6666.
1681 3707 1685 3715 “

269 3784 313 3833 644.
332 3796 358 3848 p.
377 3782 425 3832 306
442 3794 468 3832 6.
490 3808 517 3818 -
536 3782 565 3831 de
581 3780 677 3844 ligurii
693 3793 744 3829 4466
760 3780 867 3829 6666664
883 3781 996 3843 confiteri
1012 3779 1078 3829 GE:
1096 3780 1125 3829 de
1141 3778 1239 3843 ligarit
1256 3778 1365 3842 (Ligario
1382 3780 1411 3843 C)
1428 3782 1535 3831 6666664
1550 3783 1591 3831 64-

268 3870 325 3909 cere
342 3860 403 3921 (om.
416 3858 474 3918 non)
492 3858 512 3907 C
530 3859 557 3905 et
574 3853 759 3915 Quintilianus;
783 3854 812 3903 de
828 3855 930 3918 ligario
947 3859 1031 3904 664664
1047 3855 1126 3904 66666
1142 3855 1168 3906 S.
1195 3854 1234 3904 Cl.
1253 3853 1409 3917 Madvigium
1426 3854 1443 3907 l.
1462 3855 1479 3907 l.
1499 3883 1526 3892 —
1544 3858 1591 3907 At·

270 3944 364 3994 que--
374 3931 509 3995 ignosceret
525 3930 603 3982 alleri
619 3931 718 3980 Auctor
733 3930 849 3979 incertus
867 3929 893 3978 in
908 3929 1010 3978 Aneed.
1029 3931 1110 3982 Paris.
1129 3930 1172 3981 66.
1190 3931 1278 3980 Eckst.
1296 3944 1323 3995 p.
1336 3931 1361 3991 3,
1375 3929 1415 3982 44.
1430 3957 1458 3970 -
1477 3933 1501 3982 6.
1516 3937 1592 3994 parat

270 4008 336 4057 GE:
352 4011 422 4069 putet
439 4008 458 4057 o
477 4032 505 4042 -
530 4006 557 4055 46
572 4005 660 4067 Africa
676 4002 776 4055 wc:
801 4002 827 4051 46
843 4001 930 4064 Africa
946 4002 1078 4068 4466444644
1093 4001 1152 4056 ΕὈ
1171 4032 1198 4041 -
1222 4005 1247 4055 4.
1265 4009 1289 4055 st
1308 4005 1360 4067 ipss
1375 4017 1429 4056 om.
1448 4006 1468 4057 C
1487 4031 1514 4043 -
1533 4008 1590 4058 Pn'·

269 4082 374 4132 scianus
391 4079 482 4142 livill,
500 4079 542 4142 64,
560 4080 624 4131 4046
646 4079 756 4130 ‹cicero
772 4089 821 4142 pro
839 4077 954 4140 ligario:
976 4081 1090 4139 queritur
1104 4092 1130 4131 66
1145 4079 1309 4142 6664464666,
1331 4078 1408 4130 deest
1422 4093 1498 4134 6666·
1517 4109 1545 4122 -
1564 4082 1589 4146 a]

269 4169 302 4206 66
319 4154 367 4204 GE
385 4180 412 4189 -
437 4152 461 4203 6.
479 4159 568 4204 conda
590 4154 720 4203 66666666
740 4155 775 4203 stt
794 4162 938 4214 6666666464
958 4158 1072 4203 64646464
1093 4152 1236 4203 Diomedes
1255 4166 1282 4218 p.
1300 4152 1358 4215 466,
1376 4153 1417 4203 40.
1436 4181 1464 4191 -
1483 4156 1506 4207 0.
1526 4158 1591 4220 Quid

269 4230 334 4280 66464
346 4256 360 4267 -
368 4253 383 4265 -
394 4228 455 4291 quid
469 4228 573 4291 optutus
583 4228 698 4278 4664664
708 4224 879 4287 Quintilianus
891 4226 960 4289 4444,
978 4224 1003 4287 4,
1015 4227 1062 4285 44;
1080 4223 1160 4277 461466
1170 4227 1328 4278 severinum
1339 4240 1366 4292 p.
1379 4226 1427 4281 344
1438 4230 1481 4282 66.
1495 4231 1589 4297 Cappa

270 4307 368 4356 Auctor
390 4305 506 4355 incertus
529 4305 554 4354 in
577 4302 676 4354 Aneed.
694 4301 775 4352 Paris.
796 4300 838 4350 ed.
856 4301 943 4351 Eolrst.
962 4313 988 4365 p.
1006 4301 1047 4362 43,
1065 4301 1111 4361 44,
1139 4303 1204 4364 Quid
1222 4303 1334 4353 66446--
1345 4315 1475 4355 6446664644
1490 4309 1591 4356 tuom

271 4378 442 4440 Quintilianus
457 4378 522 4438 4444,
541 4378 565 4439 6,
579 4379 623 4438 44;
644 4376 708 4439 Quid
724 4375 789 4425 enim
799 4401 836 4413 -·
846 4375 945 4441 6466464
961 4375 1050 4440 666664
1066 4375 1137 4428 idern
1153 4377 1196 4439 IX,
1208 4378 1234 4437 4,
1247 4378 1262 4426 'l
1274 4379 1301 4428 64
1316 4377 1362 4438 xl,
1375 4377 1400 4439 3,
1412 4378 1475 4439 466;
1492 4382 1592 4431 Auctor

270 4456 387 4506 incertus
403 4455 430 4504 in
446 4451 544 4503 Anecd.
558 4454 638 4504 Paris.
653 4451 696 4502 66.
710 4450 798 4501 Eelrst.
812 4463 838 4515 p.
852 4451 893 4510 44,
907 4450 953 4509 ⁴73
972 4451 1037 4512 Quid
1052 4452 1118 4502 644464
1133 4457 1190 4502 trau
1205 4451 1258 4513 4446,
1278 4451 1384 4514 Tubero,
1401 4453 1429 4503 in
1444 4456 1499 4507 6646
1513 4457 1591 4506 4466-

270 4531 350 4581 sotice
367 4529 537 4589 Quintilianus
554 4529 602 4588 lli,
620 4529 649 4590 4,
668 4527 708 4579 38.
729 4550 756 4563 -
775 4530 832 4576 tuus
847 4525 888 4575 4446
904 4523 997 4575 Tubero
1014 4523 1185 4587 Quintilianus
1198 4525 1322 4589 (quinque
1334 4523 1416 4591 locis),
1434 4528 1590 4581 6646444666

270 4609 298 4655 64
314 4607 412 4656 Auctor
428 4604 543 4654 incertus
560 4603 681 4666 (6466666
698 4601 779 4665 1666);
800 4601 905 4662 Tubero,
923 4607 981 4651 4666
995 4600 1038 4651 4446
1052 4601 1131 4652 660
1149 4627 1177 4639 -
1195 4601 1324 4652 6664446446
1339 4601 1376 4652 C:
1400 4602 1525 4654 6444646446
1541 4605 1589 4655 Gli

270 4684 298 4730 et
314 4682 413 4731 Auctor
427 4679 546 4730 incertus
563 4679 684 4743 (utroque
701 4677 777 4742 loco).
799 4705 825 4714 -
846 4677 969 4740 [66664466
984 4678 1006 4726 6
1022 4678 1050 4727 64
1065 4677 1162 4727 Auctor
1179 4677 1305 4728 incertus.
1326 4700 1353 4714 -
1379 4678 1420 4729 46.
1437 4679 1493 4740 quis
1508 4693 1592 4732 4666446

272 4753 348 4818 (malo
366 4752 497 4818 duplicata
519 4752 605 4804 littera
622 4753 643 4815 r)
670 4753 803 4804 severiani
826 4752 886 4803 cod.
904 4753 1079 4803 Emmeranus
1101 4765 1171 4802 saec.
1189 4752 1231 4803 xl.
1253 4780 1279 4792 -
1306 4752 1541 4807 laureacense
1561 4783 1588 4795 -

270 4831 356 4880 iisdem
371 4830 398 4879 46
415 4829 493 4879 uronis
508 4829 547 4892 ful
563 4826 736 4888 Quintilianus
751 4829 799 4890 lli,
817 4826 842 4887 4,
861 4828 901 4877 99.
920 4853 948 4863 -
967 4829 1044 4877 isdem
1060 4827 1103 4878 13¹:
1120 4827 1206 4877 4466664
1222 4828 1310 4879 64640
1322 4852 1349 4863 -
1369 4826 1409 4878 43,
1424 4830 1536 4891 Quid--
1547 4844 1592 4883 not

266 4917 393 4970 posennus
409 4903 522 4955 afferunt
538 4903 681 4955 Diomedes
698 4917 724 4967 p.
742 4902 801 4964 466,
813 4903 860 4962 44;
878 4900 958 4953 464466
974 4897 1126 4953 numianus
1143 4904 1173 4953 66
1187 4904 1231 4967 Ag.
1243 4907 1303 4953 46444.
1316 4908 1339 4952 64
1350 4902 1409 4954 6466.
1422 4903 1437 4968 s
1448 4904 1494 4965 33;
1514 4907 1592 4967 Quin·

270 4979 373 5031 tilianus
389 4979 420 5040 4,
439 4978 479 5040 43,
497 4980 513 5028 e
531 4980 558 5028 et
575 4976 620 5036 lli,
638 4979 668 5039 2,
687 4978 728 5028 29.
748 5003 775 5013 -
800 4981 883 5026 664646
906 4988 959 5027 om.
978 4976 1129 5028 4466646666
1150 4979 1178 5027 64
1197 4975 1368 5037 Quintilianus
1383 4979 1416 5040 V,
1434 4979 1478 5041 43,
1495 4982 1512 5032 o
1529 4983 1591 5045 (non

271 5054 334 5104 item
351 5053 398 5114 lli,
415 5052 444 5114 4,
462 5052 513 5114 40).
534 5078 560 5087 -
585 5051 664 5115 64466]
687 5055 775 5102 666466
795 5051 865 5100 64466
884 5050 1036 5103 Diomedes.
1055 5078 1082 5088 -
1109 5051 1201 5103 1446666
1220 5064 1274 5103 orn.
1292 5052 1427 5106 Diomedis
1444 5055 1517 5119 666,
1539 5070 1591 5108 non

270 5131 334 5179 item
352 5126 411 5178 cod.
430 5128 530 5178 lionae.
549 5139 620 5177 saec.
638 5127 685 5186 1x,
704 5128 748 5191 qui
766 5129 854 5177 temen
871 5124 954 5177 habet
970 5131 1071 5188 4644666,
1090 5127 1159 5178 64664
1174 5126 1272 5177 Auctor
1287 5126 1412 5178 incertus.
1425 5155 1453 5165 -
1474 5130 1514 5182 44.
1526 5133 1593 5192 qued

270 5205 309 5253 446
321 5207 413 5266 potest,
435 5216 481 5253 664
499 5214 625 5264 pomanus
641 5200 813 5262 Quintilianus
829 5200 877 5262 lli,
895 5198 926 5262 4,
945 5200 1002 5252 sos.
1023 5227 1051 5238 -
1074 5201 1147 5265 qaod]
1165 5199 1225 5263 quid
1241 5201 1277 5259 G3
1296 5201 1342 5250 466
1358 5202 1423 5262 quod
1438 5203 1590 5258 Diomedes.

274 5305 299 5313 -
321 5277 572 5340 Quonrm--orosto
589 5276 701 5327 aderunt
717 5274 861 5328 Diomedes
877 5288 904 5340 p.
923 5273 981 5337 464,
998 5275 1045 5336 263
1064 5274 1234 5336 Quintilianus
1247 5275 1318 5337 4444,
1336 5275 1421 5337 6440,
1439 5280 1538 5330 Auctor
1554 5283 1591 5331 in·

271 5356 361 5403 certus
385 5353 412 5402 46
433 5349 533 5402 Α6666.
556 5353 637 5403 Paris.
660 5351 703 5403 66.
728 5351 814 5402 Eclrst.
837 5363 863 5416 p.
882 5351 923 5410 43,
940 5350 982 5400 26.
1003 5376 1028 5387 -
1057 5351 1184 5414 inpendat
1205 5352 1225 5400 G
1247 5351 1275 5400 et
1295 5351 1395 5401 Auctor
1416 5352 1542 5405 incertus.
1563 5382 1589 5392 -

272 5428 367 5478 666464·
391 5440 444 5478 om.
463 5425 544 5477 idem.
565 5454 591 5464 -
619 5429 659 5478 46.
678 5427 735 5477 taus
753 5431 789 5477 ert
808 5424 950 5477 6466664466
970 5430 1029 5476 4666
1050 5425 1130 5477 idem.
1150 5452 1178 5462 -
1205 5425 1357 5488 teipsam
1373 5426 1407 5474 66
1420 5428 1593 5479 mustacem

272 5501 453 5562 Quintilianus.
474 5527 501 5536 -
520 5501 631 5564 ipsorum
648 5515 701 5554 om.
719 5501 864 5554 Diomedes
881 5503 908 5552 et
923 5501 1021 5551 Auctor
1037 5500 1162 5551 incertus.
1182 5522 1210 5535 -
1229 5497 1399 5550 6666446466
1415 5501 1436 5551 6
1452 5503 1480 5551 64
1494 5504 1593 5552 Auctor

272 5578 397 5628 incertus.
418 5602 446 5614 -
464 5575 533 5626 66644
548 5576 611 5639 Gli,
630 5577 787 5639 Diomedes,
806 5579 904 5629 Auctor
919 5577 1053 5628 incertus:
1073 5581 1146 5627 66664
1162 5574 1364 5640 (interrogative)
1380 5573 1402 5636 0
1418 5576 1446 5625 64
1462 5574 1592 5637 Quintilia-

271 5663 331 5702 nus.
352 5677 379 5688 -
398 5651 439 5703 40.
457 5663 534 5713 quarn
544 5677 581 5689 ·-
591 5653 718 5703 4664646464
734 5652 810 5702 alieri
826 5653 970 5703 Arusianus
986 5650 1096 5701 Messius
1113 5663 1140 5716 p.
1151 5650 1201 5701 444
1216 5649 1258 5701 66.
1271 5648 1391 5700 Lindem.
1405 5673 1433 5686 -
1450 5649 1491 5700 tt.
1510 5650 1593 5701 646664

271 5725 337 5775 E-
362 5725 658 5777 liueeudmirobilioc:
681 5723 1144 5786 iaoenoamodomirediltodli83
1168 5722 1524 5776 466666646644446446440.
1550 5724 1589 5776 64.

271 5799 431 5864 Madvigium
449 5801 538 5865 Opme.
556 5801 628 5853 6666.
647 5801 691 5853 644.
709 5814 736 5866 p.
754 5800 811 5852 303.
826 5827 850 5838 -
871 5800 914 5852 44.
929 5799 1052 5864 prodigiis
1066 5798 1127 5851 E·
1144 5799 1188 5851 46.
1204 5799 1331 5850 mantio
1346 5803 1392 5850 4446
1407 5802 1436 5850 tsi
1450 5798 1511 5852 E·
1529 5813 1590 5851 con·

271 5875 417 5939 6664666466
434 5878 456 5928 6
473 5902 500 5915 -
518 5877 561 5932 466
575 5881 675 5931 6666466
692 5877 722 5928 6.
