<?xml version="1.0" encoding="UTF-8"?>
<!DOCTYPE html PUBLIC "-//W3C//DTD XHTML 1.0 Transitional//EN"
    "http://www.w3.org/TR/xhtml1/DTD/xhtml1-transitional.dtd">
<html xmlns="http://www.w3.org/1999/xhtml" xml:lang="en" lang="en">
 <head>
  <title>
</title>
<meta http-equiv="Content-Type" content="text/html;charset=utf-8" />
  <meta name='ocr-system' content='tesseract 3.04.00' />
  <meta name='ocr-capabilities' content='ocr_page ocr_carea ocr_par ocr_line ocrx_word'/>
</head>
<body>
  <div class='ocr_page' id='page_1' title='image "./operaquaesupers08halmgoog/operaquaesupers08halmgoog_0107.png"; bbox 0 0 3800 7350; ppageno 0'>
   <div class='ocr_carea' id='block_1_1' title="bbox 639 1199 1603 1302">
    <p class='ocr_par' dir='ltr' id='par_1_1' title="bbox 639 1199 1603 1302">
     <span class='ocr_line' id='line_1_1' title="bbox 639 1199 1603 1302; baseline -0.005 -31"><span class='ocrx_word' id='word_1_1' title='bbox 639 1204 712 1302; x_wconf 70' lang='lat' dir='ltr'>cn,</span> <span class='ocrx_word' id='word_1_2' title='bbox 733 1204 955 1270; x_wconf 80' lang='lat' dir='ltr'>xn-xnn.</span> <span class='ocrx_word' id='word_1_3' title='bbox 981 1201 1027 1288; x_wconf 69' lang='lat' dir='ltr'>§s</span> <span class='ocrx_word' id='word_1_4' title='bbox 1049 1199 1239 1269; x_wconf 81' lang='lat' dir='ltr'>toa-too.</span> <span class='ocrx_word' id='word_1_5' title='bbox 1541 1200 1603 1267; x_wconf 80' lang='lat' dir='ltr'>sac</span> 
     </span>
    </p>
   </div>
   <div class='ocr_carea' id='block_1_2' title="bbox 205 1371 1686 2396">
    <p class='ocr_par' dir='ltr' id='par_1_2' title="bbox 281 1371 1686 1741">
     <span class='ocr_line' id='line_1_2' title="bbox 281 1371 1686 1460; baseline -0.001 -23"><span class='ocrx_word' id='word_1_6' title='bbox 281 1372 418 1449; x_wconf 89' lang='lat' dir='ltr'>iudices,</span> <span class='ocrx_word' id='word_1_7' title='bbox 439 1371 502 1436; x_wconf 88' lang='lat' dir='ltr'>hoc</span> <span class='ocrx_word' id='word_1_8' title='bbox 522 1374 640 1438; x_wconf 90' lang='lat' dir='ltr'>iudicio</span> <span class='ocrx_word' id='word_1_9' title='bbox 663 1375 790 1438; x_wconf 86' lang='lat' dir='ltr'>vivendi</span> <span class='ocrx_word' id='word_1_10' title='bbox 810 1382 978 1460; x_wconf 87' lang='lat' dir='ltr'>praecepta</span> <span class='ocrx_word' id='word_1_11' title='bbox 992 1375 1115 1439; x_wconf 85' lang='lat' dir='ltr'>dabitis.</span> <span class='ocrx_word' id='word_1_12' title='bbox 1151 1374 1209 1438; x_wconf 87' lang='lat' dir='ltr'>Cui</span> <span class='ocrx_word' id='word_1_13' title='bbox 1224 1374 1251 1437; x_wconf 91' lang='lat' dir='ltr'>si</span> <span class='ocrx_word' id='word_1_14' title='bbox 1264 1381 1386 1457; x_wconf 85' lang='lat' dir='ltr'>patrem</span> <span class='ocrx_word' id='word_1_15' title='bbox 1401 1374 1604 1448; x_wconf 85' lang='lat' dir='ltr'>conservatis,</span> <span class='ocrx_word' id='word_1_16' title='bbox 1680 1448 1686 1454; x_wconf 21' lang='grc' dir='ltr'>ι</span> 
     </span>
     <span class='ocr_line' id='line_1_3' title="bbox 282 1467 1604 1553; baseline 0 -23"><span class='ocrx_word' id='word_1_17' title='bbox 282 1467 386 1552; x_wconf 84' lang='lat' dir='ltr'>qualis</span> <span class='ocrx_word' id='word_1_18' title='bbox 407 1468 476 1552; x_wconf 90' lang='lat' dir='ltr'>ipss</span> <span class='ocrx_word' id='word_1_19' title='bbox 498 1468 612 1532; x_wconf 83' lang='lat' dir='ltr'>debeat</span> <span class='ocrx_word' id='word_1_20' title='bbox 633 1489 703 1533; x_wconf 90' lang='lat' dir='ltr'>esse</span> <span class='ocrx_word' id='word_1_21' title='bbox 718 1469 810 1544; x_wconf 86' lang='lat' dir='ltr'>ciris,</span> <span class='ocrx_word' id='word_1_22' title='bbox 832 1469 1069 1553; x_wconf 81' lang='lat' dir='ltr'>praescribatis:</span> <span class='ocrx_word' id='word_1_23' title='bbox 1091 1468 1141 1531; x_wconf 91' lang='lat' dir='ltr'>sin</span> <span class='ocrx_word' id='word_1_24' title='bbox 1156 1468 1293 1551; x_wconf 81' lang='lat' dir='ltr'>eripitis,</span> <span class='ocrx_word' id='word_1_25' title='bbox 1315 1468 1488 1531; x_wconf 88' lang='lat' dir='ltr'>ostendetis</span> <span class='ocrx_word' id='word_1_26' title='bbox 1502 1468 1604 1530; x_wconf 89' lang='lat' dir='ltr'>bonas</span> 
     </span>
     <span class='ocr_line' id='line_1_4' title="bbox 281 1558 1603 1646; baseline 0 -24"><span class='ocrx_word' id='word_1_27' title='bbox 281 1561 396 1623; x_wconf 87' lang='lat' dir='ltr'>rationi</span> <span class='ocrx_word' id='word_1_28' title='bbox 426 1569 458 1626; x_wconf 92' lang='lat' dir='ltr'>et</span> <span class='ocrx_word' id='word_1_29' title='bbox 489 1563 647 1627; x_wconf 74' lang='lat' dir='ltr'>constanti</span> <span class='ocrx_word' id='word_1_30' title='bbox 677 1571 710 1626; x_wconf 87' lang='lat' dir='ltr'>ct</span> <span class='ocrx_word' id='word_1_31' title='bbox 738 1563 825 1646; x_wconf 82' lang='lat' dir='ltr'>gravi</span> <span class='ocrx_word' id='word_1_32' title='bbox 854 1564 976 1627; x_wconf 90' lang='lat' dir='ltr'>nullum</span> <span class='ocrx_word' id='word_1_33' title='bbox 998 1584 1017 1626; x_wconf 94' lang='lat' dir='ltr'>a</span> <span class='ocrx_word' id='word_1_34' title='bbox 1038 1562 1129 1626; x_wconf 86' lang='lat' dir='ltr'>vobis</span> <span class='ocrx_word' id='word_1_35' title='bbox 1150 1558 1285 1625; x_wconf 83' lang='lat' dir='ltr'>fructum</span> <span class='ocrx_word' id='word_1_36' title='bbox 1306 1580 1377 1624; x_wconf 91' lang='lat' dir='ltr'>essc</span> <span class='ocrx_word' id='word_1_37' title='bbox 1398 1561 1603 1646; x_wconf 87' lang='lat' dir='ltr'>propositum.</span> 
     </span>
     <span class='ocr_line' id='line_1_5' title="bbox 282 1654 1605 1741; baseline -0.001 -24"><span class='ocrx_word' id='word_1_38' title='bbox 282 1654 345 1730; x_wconf 86' lang='lat' dir='ltr'>Qui</span> <span class='ocrx_word' id='word_1_39' title='bbox 377 1674 452 1731; x_wconf 78' lang='lat' dir='ltr'>vos,</span> <span class='ocrx_word' id='word_1_40' title='bbox 482 1657 634 1741; x_wconf 84' lang='lat' dir='ltr'>quoniam</span> <span class='ocrx_word' id='word_1_41' title='bbox 663 1657 766 1720; x_wconf 91' lang='lat' dir='ltr'>estid</span> <span class='ocrx_word' id='word_1_42' title='bbox 794 1657 921 1733; x_wconf 89' lang='lat' dir='ltr'>aetatis,</span> <span class='ocrx_word' id='word_1_43' title='bbox 953 1664 989 1720; x_wconf 93' lang='lat' dir='ltr'>ut</span> <span class='ocrx_word' id='word_1_44' title='bbox 1016 1677 1143 1720; x_wconf 90' lang='lat' dir='ltr'>sensum</span> <span class='ocrx_word' id='word_1_45' title='bbox 1173 1657 1234 1718; x_wconf 87' lang='lat' dir='ltr'>iam</span> <span class='ocrx_word' id='word_1_46' title='bbox 1262 1656 1422 1739; x_wconf 80' lang='lat' dir='ltr'>percipere</span> <span class='ocrx_word' id='word_1_47' title='bbox 1443 1655 1544 1740; x_wconf 93' lang='lat' dir='ltr'>possit</span> <span class='ocrx_word' id='word_1_48' title='bbox 1564 1673 1605 1717; x_wconf 83' lang='lat' dir='ltr'>ex</span> 
     </span>
    </p>

    <p class='ocr_par' dir='ltr' id='par_1_3' title="bbox 205 1749 1643 2396">
     <span class='ocr_line' id='line_1_6' title="bbox 205 1749 1629 1834; baseline -0.004 -22"><span class='ocrx_word' id='word_1_49' title='bbox 205 1794 210 1804; x_wconf 87' lang='lat'>.</span> <span class='ocrx_word' id='word_1_50' title='bbox 281 1767 423 1813; x_wconf 87' lang='lat' dir='ltr'>macrore</span> <span class='ocrx_word' id='word_1_51' title='bbox 452 1752 569 1834; x_wconf 90' lang='lat' dir='ltr'>patrio,</span> <span class='ocrx_word' id='word_1_52' title='bbox 597 1750 752 1814; x_wconf 79' lang='lat' dir='ltr'>auxilium</span> <span class='ocrx_word' id='word_1_53' title='bbox 782 1750 923 1815; x_wconf 93' lang='lat' dir='ltr'>nondum</span> <span class='ocrx_word' id='word_1_54' title='bbox 950 1752 1033 1834; x_wconf 86' lang='lat' dir='ltr'>patri</span> <span class='ocrx_word' id='word_1_55' title='bbox 1062 1749 1144 1814; x_wconf 84' lang='lat' dir='ltr'>ferre</span> <span class='ocrx_word' id='word_1_56' title='bbox 1172 1750 1289 1834; x_wconf 83' lang='lat' dir='ltr'>possit,</span> <span class='ocrx_word' id='word_1_57' title='bbox 1322 1756 1406 1825; x_wconf 91' lang='lat' dir='ltr'>orat,</span> <span class='ocrx_word' id='word_1_58' title='bbox 1439 1768 1480 1812; x_wconf 89' lang='lat' dir='ltr'>ns</span> <span class='ocrx_word' id='word_1_59' title='bbox 1512 1759 1629 1812; x_wconf 79' lang='lat' dir='ltr'>suumn</span> 
     </span>
     <span class='ocr_line' id='line_1_7' title="bbox 282 1842 1605 1929; baseline 0 -25"><span class='ocrx_word' id='word_1_60' title='bbox 282 1842 400 1907; x_wconf 91' lang='lat' dir='ltr'>luctum</span> <span class='ocrx_word' id='word_1_61' title='bbox 428 1845 528 1928; x_wconf 88' lang='lat' dir='ltr'>patris</span> <span class='ocrx_word' id='word_1_62' title='bbox 556 1844 709 1919; x_wconf 82' lang='lat' dir='ltr'>lacrimis,</span> <span class='ocrx_word' id='word_1_63' title='bbox 734 1845 832 1929; x_wconf 89' lang='lat' dir='ltr'>patris</span> <span class='ocrx_word' id='word_1_64' title='bbox 861 1864 1036 1908; x_wconf 86' lang='lat' dir='ltr'>maerorem</span> <span class='ocrx_word' id='word_1_65' title='bbox 1058 1863 1115 1908; x_wconf 91' lang='lat' dir='ltr'>suo</span> <span class='ocrx_word' id='word_1_66' title='bbox 1138 1844 1214 1908; x_wconf 88' lang='lat' dir='ltr'>lietu</span> <span class='ocrx_word' id='word_1_67' title='bbox 1235 1843 1395 1925; x_wconf 76' lang='lat' dir='ltr'>augeatis3</span> <span class='ocrx_word' id='word_1_68' title='bbox 1425 1843 1482 1925; x_wconf 89' lang='lat' dir='ltr'>qui</span> <span class='ocrx_word' id='word_1_69' title='bbox 1510 1842 1605 1906; x_wconf 87' lang='lat' dir='ltr'>etiam</span> 
     </span>
     <span class='ocr_line' id='line_1_8' title="bbox 281 1933 1606 2022; baseline -0.002 -22"><span class='ocrx_word' id='word_1_70' title='bbox 281 1956 332 2000; x_wconf 87' lang='lat' dir='ltr'>mc</span> <span class='ocrx_word' id='word_1_71' title='bbox 353 1937 504 2013; x_wconf 89' lang='lat' dir='ltr'>intuetur,</span> <span class='ocrx_word' id='word_1_72' title='bbox 526 1958 577 2002; x_wconf 91' lang='lat' dir='ltr'>me</span> <span class='ocrx_word' id='word_1_73' title='bbox 598 1938 688 2002; x_wconf 84' lang='lat' dir='ltr'>vultu</span> <span class='ocrx_word' id='word_1_74' title='bbox 711 1938 857 2022; x_wconf 90' lang='lat' dir='ltr'>appellat,</span> <span class='ocrx_word' id='word_1_75' title='bbox 879 1958 981 2001; x_wconf 88' lang='lat' dir='ltr'>meam</span> <span class='ocrx_word' id='word_1_76' title='bbox 1003 1937 1142 2022; x_wconf 85' lang='lat' dir='ltr'>quodam</span> <span class='ocrx_word' id='word_1_77' title='bbox 1157 1935 1253 1999; x_wconf 94' lang='lat' dir='ltr'>modo</span> <span class='ocrx_word' id='word_1_78' title='bbox 1275 1937 1354 1998; x_wconf 91' lang='lat' dir='ltr'>tlens</span> <span class='ocrx_word' id='word_1_79' title='bbox 1375 1935 1471 1998; x_wconf 87' lang='lat' dir='ltr'>iidem</span> <span class='ocrx_word' id='word_1_80' title='bbox 1493 1933 1606 2017; x_wconf 92' lang='lat' dir='ltr'>implo-</span> 
     </span>
     <span class='ocr_line' id='line_1_9' title="bbox 280 2027 1605 2117; baseline -0.004 -23"><span class='ocrx_word' id='word_1_81' title='bbox 280 2038 329 2094; x_wconf 88' lang='lat' dir='ltr'>rat</span> <span class='ocrx_word' id='word_1_82' title='bbox 356 2052 393 2095; x_wconf 88' lang='lat' dir='ltr'>ac</span> <span class='ocrx_word' id='word_1_83' title='bbox 421 2032 536 2117; x_wconf 87' lang='lat' dir='ltr'>repetit</span> <span class='ocrx_word' id='word_1_84' title='bbox 562 2052 648 2106; x_wconf 87' lang='lat' dir='ltr'>eam,</span> <span class='ocrx_word' id='word_1_85' title='bbox 678 2052 772 2116; x_wconf 88' lang='lat' dir='ltr'>quam</span> <span class='ocrx_word' id='word_1_86' title='bbox 802 2052 860 2115; x_wconf 83' lang='lat' dir='ltr'>ego</span> <span class='ocrx_word' id='word_1_87' title='bbox 888 2032 970 2115; x_wconf 87' lang='lat' dir='ltr'>patri</span> <span class='ocrx_word' id='word_1_88' title='bbox 999 2052 1057 2096; x_wconf 90' lang='lat' dir='ltr'>suo</span> <span class='ocrx_word' id='word_1_89' title='bbox 1086 2031 1246 2115; x_wconf 91' lang='lat' dir='ltr'>quondam</span> <span class='ocrx_word' id='word_1_90' title='bbox 1274 2048 1333 2112; x_wconf 87' lang='lat' dir='ltr'>pro</span> <span class='ocrx_word' id='word_1_91' title='bbox 1362 2027 1463 2092; x_wconf 88' lang='lat' dir='ltr'>salute</span> <span class='ocrx_word' id='word_1_92' title='bbox 1484 2027 1605 2110; x_wconf 80' lang='lat' dir='ltr'>patriae</span> 
     </span>
     <span class='ocr_line' id='line_1_10' title="bbox 280 2120 1605 2210; baseline -0.004 -22"><span class='ocrx_word' id='word_1_93' title='bbox 280 2126 518 2207; x_wconf 82' lang='lat' dir='ltr'>spoponderim,</span> <span class='ocrx_word' id='word_1_94' title='bbox 539 2126 732 2210; x_wconf 77' lang='lat' dir='ltr'>dignitatem.</span> <span class='ocrx_word' id='word_1_95' title='bbox 759 2125 952 2189; x_wconf 82' lang='lat' dir='ltr'>Miseremini</span> <span class='ocrx_word' id='word_1_96' title='bbox 967 2124 1117 2200; x_wconf 81' lang='lat' dir='ltr'>familiae,</span> <span class='ocrx_word' id='word_1_97' title='bbox 1138 2124 1271 2198; x_wconf 89' lang='lat' dir='ltr'>iudices,</span> <span class='ocrx_word' id='word_1_98' title='bbox 1289 2122 1484 2186; x_wconf 86' lang='lat' dir='ltr'>miseremini</span> <span class='ocrx_word' id='word_1_99' title='bbox 1499 2120 1605 2205; x_wconf 87' lang='lat' dir='ltr'>patris,</span> 
     </span>
     <span class='ocr_line' id='line_1_11' title="bbox 281 2215 1643 2299; baseline -0.004 -19"><span class='ocrx_word' id='word_1_100' title='bbox 281 2220 488 2284; x_wconf 88' lang='lat' dir='ltr'>miseremini.</span> <span class='ocrx_word' id='word_1_101' title='bbox 503 2219 578 2283; x_wconf 87' lang='lat' dir='ltr'>filii:</span> <span class='ocrx_word' id='word_1_102' title='bbox 606 2238 725 2283; x_wconf 87' lang='lat' dir='ltr'>nomen</span> <span class='ocrx_word' id='word_1_103' title='bbox 746 2218 956 2283; x_wconf 87' lang='lat' dir='ltr'>clarissimum</span> <span class='ocrx_word' id='word_1_104' title='bbox 981 2227 1013 2283; x_wconf 91' lang='lat' dir='ltr'>et</span> <span class='ocrx_word' id='word_1_105' title='bbox 1032 2218 1238 2285; x_wconf 82' lang='lat' dir='ltr'>fortissimum</span> <span class='ocrx_word' id='word_1_106' title='bbox 1258 2217 1310 2281; x_wconf 84' lang='lat' dir='ltr'>rel</span> <span class='ocrx_word' id='word_1_107' title='bbox 1332 2215 1458 2299; x_wconf 76' lang='lat' dir='ltr'>generis</span> <span class='ocrx_word' id='word_1_108' title='bbox 1480 2215 1530 2279; x_wconf 80' lang='lat' dir='ltr'>vel</span> <span class='ocrx_word' id='word_1_109' title='bbox 1551 2230 1643 2278; x_wconf 84' lang='lat' dir='ltr'>re-so</span> 
     </span>
     <span class='ocr_line' id='line_1_12' title="bbox 281 2312 1178 2396; baseline -0.001 -20"><span class='ocrx_word' id='word_1_110' title='bbox 281 2314 406 2377; x_wconf 81' lang='lat' dir='ltr'>tostatis</span> <span class='ocrx_word' id='word_1_111' title='bbox 427 2315 478 2379; x_wconf 78' lang='lat' dir='ltr'>rel</span> <span class='ocrx_word' id='word_1_112' title='bbox 499 2313 637 2378; x_wconf 91' lang='lat' dir='ltr'>hominis</span> <span class='ocrx_word' id='word_1_113' title='bbox 659 2324 753 2378; x_wconf 78' lang='lat' dir='ltr'>causa</span> <span class='ocrx_word' id='word_1_114' title='bbox 773 2314 820 2377; x_wconf 91' lang='lat' dir='ltr'>rei</span> <span class='ocrx_word' id='word_1_115' title='bbox 842 2312 988 2396; x_wconf 87' lang='lat' dir='ltr'>publicas</span> <span class='ocrx_word' id='word_1_116' title='bbox 1010 2320 1178 2377; x_wconf 83' lang='lat' dir='ltr'>reservate.</span> 
     </span>
    </p>
   </div>
   <div class='ocr_carea' id='block_1_3' title="bbox 562 2562 1333 2625">
    <p class='ocr_par' dir='ltr' id='par_1_4' title="bbox 562 2562 1333 2625">
     <span class='ocr_line' id='line_1_13' title="bbox 562 2562 1333 2625; baseline -0.003 -2"><span class='ocrx_word' id='word_1_117' title='bbox 562 2562 753 2625; x_wconf 70' lang='lat' dir='ltr'>FRAGMENTA</span> <span class='ocrx_word' id='word_1_118' title='bbox 776 2578 818 2623; x_wconf 80' lang='lat' dir='ltr'>All</span> <span class='ocrx_word' id='word_1_119' title='bbox 839 2579 922 2623; x_wconf 74' lang='lat' dir='ltr'>satis</span> <span class='ocrx_word' id='word_1_120' title='bbox 943 2577 1162 2623; x_wconf 76' lang='lat' dir='ltr'>scalrromvs</span> <span class='ocrx_word' id='word_1_121' title='bbox 1184 2578 1333 2623; x_wconf 74' lang='grc' dir='ltr'><strong>ΒΕΙΝΔΤΔ.</strong></span> 
     </span>
    </p>
   </div>
   <div class='ocr_carea' id='block_1_4' title="bbox 279 2686 1646 3904">
    <p class='ocr_par' dir='ltr' id='par_1_5' title="bbox 279 2686 1644 2962">
     <span class='ocr_line' id='line_1_14' title="bbox 368 2686 1607 2778; baseline -0.002 -24"><span class='ocrx_word' id='word_1_122' title='bbox 368 2689 521 2778; x_wconf 86' lang='lat' dir='ltr'>[isidorus</span> <span class='ocrx_word' id='word_1_123' title='bbox 542 2691 664 2774; x_wconf 86' lang='lat' dir='ltr'>Hispal.</span> <span class='ocrx_word' id='word_1_124' title='bbox 687 2690 794 2774; x_wconf 80' lang='lat' dir='ltr'>Origg.</span> <span class='ocrx_word' id='word_1_125' title='bbox 810 2691 850 2765; x_wconf 92' lang='lat' dir='ltr'>ll,</span> <span class='ocrx_word' id='word_1_126' title='bbox 871 2686 923 2766; x_wconf 65' lang='lat' dir='ltr'>dl,</span> <span class='ocrx_word' id='word_1_127' title='bbox 938 2686 997 2753; x_wconf 72' lang='lat'>29:</span> <span class='ocrx_word' id='word_1_128' title='bbox 1018 2691 1205 2755; x_wconf 80' lang='lat' dir='ltr'>Paradoxon</span> <span class='ocrx_word' id='word_1_129' title='bbox 1224 2700 1284 2767; x_wconf 88' lang='lat' dir='ltr'>est,</span> <span class='ocrx_word' id='word_1_130' title='bbox 1307 2710 1376 2753; x_wconf 84' lang='lat' dir='ltr'>cans</span> <span class='ocrx_word' id='word_1_131' title='bbox 1395 2688 1524 2752; x_wconf 78' lang='lat' dir='ltr'>dicimus</span> <span class='ocrx_word' id='word_1_132' title='bbox 1540 2690 1607 2753; x_wconf 91' lang='lat' dir='ltr'>ino-</span> 
     </span>
     <span class='ocr_line' id='line_1_15' title="bbox 279 2784 1607 2868; baseline -0.002 -19"><span class='ocrx_word' id='word_1_133' title='bbox 279 2787 417 2868; x_wconf 81' lang='lat' dir='ltr'>pinatum</span> <span class='ocrx_word' id='word_1_134' title='bbox 437 2786 554 2867; x_wconf 79' lang='lat' dir='ltr'>attqctd</span> <span class='ocrx_word' id='word_1_135' title='bbox 574 2786 732 2859; x_wconf 87' lang='lat' dir='ltr'>occidisse,</span> <span class='ocrx_word' id='word_1_136' title='bbox 754 2795 787 2847; x_wconf 83' lang='lat' dir='ltr'>at</span> <span class='ocrx_word' id='word_1_137' title='bbox 811 2804 871 2867; x_wconf 84' lang='lat' dir='ltr'>pro</span> <span class='ocrx_word' id='word_1_138' title='bbox 892 2786 999 2847; x_wconf 78' lang='lat' dir='ltr'>llacco</span> <span class='ocrx_word' id='word_1_139' title='bbox 1021 2785 1142 2848; x_wconf 85' lang='lat' dir='ltr'>Cicero:</span> <span class='ocrx_word' id='word_1_140' title='bbox 1175 2785 1265 2848; x_wconf 90' lang='lat' dir='ltr'>cuius</span> <span class='ocrx_word' id='word_1_141' title='bbox 1287 2784 1389 2848; x_wconf 87' lang='lat' dir='ltr'>laudis</span> <span class='ocrx_word' id='word_1_142' title='bbox 1410 2785 1607 2867; x_wconf 87' lang='lat' dir='ltr'>praedicator</span> 
     </span>
     <span class='ocr_line' id='line_1_16' title="bbox 283 2877 1644 2962; baseline 0.004 -20"><span class='ocrx_word' id='word_1_143' title='bbox 283 2900 352 2943; x_wconf 87' lang='lat' dir='ltr'>csse</span> <span class='ocrx_word' id='word_1_144' title='bbox 374 2880 532 2955; x_wconf 85' lang='lat' dir='ltr'>debuerit,</span> <span class='ocrx_word' id='word_1_145' title='bbox 555 2879 622 2943; x_wconf 91' lang='lat' dir='ltr'>eius</span> <span class='ocrx_word' id='word_1_146' title='bbox 644 2879 777 2962; x_wconf 90' lang='lat' dir='ltr'>periculi</span> <span class='ocrx_word' id='word_1_147' title='bbox 799 2879 1034 2962; x_wconf 88' lang='lat' dir='ltr'>deprecatorem</span> <span class='ocrx_word' id='word_1_148' title='bbox 1057 2898 1126 2942; x_wconf 89' lang='lat' dir='ltr'>esse</span> <span class='ocrx_word' id='word_1_149' title='bbox 1148 2877 1276 2943; x_wconf 83' lang='lat' dir='ltr'>iactum.</span> <span class='ocrx_word' id='word_1_150' title='bbox 1615 2901 1644 2947; x_wconf 82' lang='lat' dir='ltr'>so</span> 
     </span>
    </p>

    <p class='ocr_par' dir='ltr' id='par_1_6' title="bbox 282 2969 1646 3434">
     <span class='ocr_line' id='line_1_17' title="bbox 366 2969 1608 3056; baseline -0.002 -19"><span class='ocrx_word' id='word_1_151' title='bbox 366 2974 467 3038; x_wconf 92' lang='lat' dir='ltr'>lulius</span> <span class='ocrx_word' id='word_1_152' title='bbox 493 2974 604 3037; x_wconf 84' lang='lat' dir='ltr'>Victor</span> <span class='ocrx_word' id='word_1_153' title='bbox 624 2975 683 3037; x_wconf 85' lang='lat' dir='ltr'>XV</span> <span class='ocrx_word' id='word_1_154' title='bbox 704 2995 736 3056; x_wconf 92' lang='lat' dir='ltr'>p.</span> <span class='ocrx_word' id='word_1_155' title='bbox 759 2969 821 3035; x_wconf 67' lang='lat'>243</span> <span class='ocrx_word' id='word_1_156' title='bbox 843 2973 893 3035; x_wconf 91' lang='lat' dir='ltr'>ed.</span> <span class='ocrx_word' id='word_1_157' title='bbox 915 2980 1059 3036; x_wconf 84' lang='lat' dir='ltr'>nostrae:</span> <span class='ocrx_word' id='word_1_158' title='bbox 1088 2974 1170 3036; x_wconf 77' lang='lat' dir='ltr'>licet</span> <span class='ocrx_word' id='word_1_159' title='bbox 1199 2974 1289 3036; x_wconf 86' lang='lat' dir='ltr'>etiam</span> <span class='ocrx_word' id='word_1_160' title='bbox 1311 2971 1498 3055; x_wconf 70' lang='lat' dir='ltr'>principales</span> <span class='ocrx_word' id='word_1_161' title='bbox 1517 2992 1608 3055; x_wconf 81' lang='lat' dir='ltr'>pnoe-</span> 
     </span>
     <span class='ocr_line' id='line_1_18' title="bbox 282 3066 1608 3150; baseline -0.002 -19"><span class='ocrx_word' id='word_1_162' title='bbox 282 3070 390 3132; x_wconf 87' lang='lat' dir='ltr'>stiones</span> <span class='ocrx_word' id='word_1_163' title='bbox 410 3070 444 3131; x_wconf 92' lang='lat' dir='ltr'>in</span> <span class='ocrx_word' id='word_1_164' title='bbox 459 3068 613 3150; x_wconf 87' lang='lat' dir='ltr'>principio</span> <span class='ocrx_word' id='word_1_165' title='bbox 629 3086 840 3150; x_wconf 78' lang='lat' dir='ltr'>praecerpere,</span> <span class='ocrx_word' id='word_1_166' title='bbox 870 3066 919 3129; x_wconf 87' lang='lat' dir='ltr'>sed</span> <span class='ocrx_word' id='word_1_167' title='bbox 942 3085 1112 3147; x_wconf 80' lang='lat' dir='ltr'>praecursu</span> <span class='ocrx_word' id='word_1_168' title='bbox 1132 3068 1196 3130; x_wconf 88' lang='lat' dir='ltr'>solo</span> <span class='ocrx_word' id='word_1_169' title='bbox 1217 3076 1304 3148; x_wconf 75' lang='lat' dir='ltr'>atque</span> <span class='ocrx_word' id='word_1_170' title='bbox 1325 3076 1423 3139; x_wconf 86' lang='lat' dir='ltr'>tacta,</span> <span class='ocrx_word' id='word_1_171' title='bbox 1451 3076 1484 3128; x_wconf 84' lang='lat' dir='ltr'>at</span> <span class='ocrx_word' id='word_1_172' title='bbox 1504 3067 1540 3129; x_wconf 89' lang='lat' dir='ltr'>de</span> <span class='ocrx_word' id='word_1_173' title='bbox 1559 3068 1608 3129; x_wconf 80' lang='lat' dir='ltr'>iis</span> 
     </span>
     <span class='ocr_line' id='line_1_19' title="bbox 282 3158 1607 3246; baseline -0.004 -20"><span class='ocrx_word' id='word_1_174' title='bbox 282 3164 387 3246; x_wconf 78' lang='lat' dir='ltr'>paneri</span> <span class='ocrx_word' id='word_1_175' title='bbox 405 3163 558 3235; x_wconf 72' lang='lat' dir='ltr'>nidenan,</span> <span class='ocrx_word' id='word_1_176' title='bbox 581 3162 726 3245; x_wconf 70' lang='lat' dir='ltr'>promodo</span> <span class='ocrx_word' id='word_1_177' title='bbox 744 3181 803 3243; x_wconf 88' lang='lat' dir='ltr'>pro</span> <span class='ocrx_word' id='word_1_178' title='bbox 824 3162 932 3224; x_wconf 82' lang='lat' dir='ltr'>Flacco</span> <span class='ocrx_word' id='word_1_179' title='bbox 954 3168 981 3222; x_wconf 91' lang='lat' dir='ltr'>et</span> <span class='ocrx_word' id='word_1_180' title='bbox 996 3178 1057 3242; x_wconf 85' lang='lat' dir='ltr'>pro</span> <span class='ocrx_word' id='word_1_181' title='bbox 1078 3161 1200 3223; x_wconf 80' lang='lat' dir='ltr'>Fonteio</span> <span class='ocrx_word' id='word_1_182' title='bbox 1220 3161 1344 3224; x_wconf 75' lang='lat' dir='ltr'>Monens</span> <span class='ocrx_word' id='word_1_183' title='bbox 1367 3158 1503 3222; x_wconf 81' lang='lat' dir='ltr'>Tulliae:</span> <span class='ocrx_word' id='word_1_184' title='bbox 1526 3158 1607 3223; x_wconf 88' lang='lat' dir='ltr'>nihil</span> 
     </span>
     <span class='ocr_line' id='line_1_20' title="bbox 283 3253 1607 3340; baseline -0.002 -21"><span class='ocrx_word' id='word_1_185' title='bbox 283 3257 332 3340; x_wconf 78' lang='lat' dir='ltr'>agi</span> <span class='ocrx_word' id='word_1_186' title='bbox 352 3256 409 3321; x_wconf 92' lang='lat' dir='ltr'>illo</span> <span class='ocrx_word' id='word_1_187' title='bbox 429 3256 548 3321; x_wconf 91' lang='lat' dir='ltr'>iudicio</span> <span class='ocrx_word' id='word_1_188' title='bbox 577 3256 639 3320; x_wconf 91' lang='lat' dir='ltr'>nisi</span> <span class='ocrx_word' id='word_1_189' title='bbox 666 3264 702 3320; x_wconf 93' lang='lat' dir='ltr'>ut</span> <span class='ocrx_word' id='word_1_190' title='bbox 729 3256 929 3339; x_wconf 76' lang='lat' dir='ltr'>magistratus</span> <span class='ocrx_word' id='word_1_191' title='bbox 951 3254 985 3317; x_wconf 90' lang='lat' dir='ltr'>in</span> <span class='ocrx_word' id='word_1_192' title='bbox 1013 3254 1186 3336; x_wconf 82' lang='lat' dir='ltr'>provinciis</span> <span class='ocrx_word' id='word_1_193' title='bbox 1207 3273 1273 3317; x_wconf 93' lang='lat' dir='ltr'>non</span> <span class='ocrx_word' id='word_1_194' title='bbox 1295 3253 1432 3319; x_wconf 89' lang='lat' dir='ltr'>audeant</span> <span class='ocrx_word' id='word_1_195' title='bbox 1452 3254 1607 3337; x_wconf 87' lang='lat' dir='ltr'>imperare</span> 
     </span>
     <span class='ocr_line' id='line_1_21' title="bbox 283 3342 1646 3434; baseline -0.003 -20"><span class='ocrx_word' id='word_1_196' title='bbox 283 3350 394 3425; x_wconf 87' lang='lat' dir='ltr'>sociis,</span> <span class='ocrx_word' id='word_1_197' title='bbox 416 3350 502 3434; x_wconf 92' lang='lat' dir='ltr'>quod</span> <span class='ocrx_word' id='word_1_198' title='bbox 525 3369 566 3412; x_wconf 86' lang='lat' dir='ltr'>ex</span> <span class='ocrx_word' id='word_1_199' title='bbox 586 3371 648 3414; x_wconf 91' lang='lat' dir='ltr'>usu</span> <span class='ocrx_word' id='word_1_200' title='bbox 668 3350 714 3414; x_wconf 91' lang='lat' dir='ltr'>rei</span> <span class='ocrx_word' id='word_1_201' title='bbox 735 3349 881 3434; x_wconf 82' lang='lat' dir='ltr'>publicas</span> <span class='ocrx_word' id='word_1_202' title='bbox 902 3342 966 3430; x_wconf 80' lang='lat' dir='ltr'>sit]</span> <span class='ocrx_word' id='word_1_203' title='bbox 1616 3372 1646 3419; x_wconf 65' lang='grc' dir='ltr'><strong>ω</strong></span> 
     </span>
    </p>

    <p class='ocr_par' dir='ltr' id='par_1_7' title="bbox 282 3438 1608 3622">
     <span class='ocr_line' id='line_1_22' title="bbox 365 3438 1608 3526; baseline -0.002 -19"><span class='ocrx_word' id='word_1_204' title='bbox 365 3444 541 3507; x_wconf 82' lang='lat' dir='ltr'>Arusianus</span> <span class='ocrx_word' id='word_1_205' title='bbox 568 3444 704 3507; x_wconf 82' lang='lat' dir='ltr'>Messius</span> <span class='ocrx_word' id='word_1_206' title='bbox 726 3465 755 3507; x_wconf 84' lang='lat' dir='ltr'>v.</span> <span class='ocrx_word' id='word_1_207' title='bbox 777 3444 940 3506; x_wconf 83' lang='lat' dir='ltr'>Beneaolus</span> <span class='ocrx_word' id='word_1_208' title='bbox 960 3442 1008 3505; x_wconf 90' lang='lat' dir='ltr'>illi</span> <span class='ocrx_word' id='word_1_209' title='bbox 1029 3464 1059 3526; x_wconf 85' lang='lat' dir='ltr'>p.</span> <span class='ocrx_word' id='word_1_210' title='bbox 1082 3438 1145 3504; x_wconf 76' lang='lat' dir='ltr'>2t8</span> <span class='ocrx_word' id='word_1_211' title='bbox 1167 3444 1217 3506; x_wconf 85' lang='lat' dir='ltr'>ed.</span> <span class='ocrx_word' id='word_1_212' title='bbox 1238 3443 1401 3508; x_wconf 77' lang='lat' dir='ltr'>Lindemt</span> <span class='ocrx_word' id='word_1_213' title='bbox 1428 3444 1531 3508; x_wconf 86' lang='lat' dir='ltr'>Cicero</span> <span class='ocrx_word' id='word_1_214' title='bbox 1548 3462 1608 3525; x_wconf 84' lang='lat' dir='ltr'>pro</span> 
     </span>
     <span class='ocr_line' id='line_1_23' title="bbox 282 3535 1608 3622; baseline -0.003 -20"><span class='ocrx_word' id='word_1_215' title='bbox 282 3538 406 3602; x_wconf 82' lang='lat' dir='ltr'>Flacco:</span> <span class='ocrx_word' id='word_1_216' title='bbox 437 3538 541 3614; x_wconf 88' lang='lat' dir='ltr'>Quam</span> <span class='ocrx_word' id='word_1_217' title='bbox 562 3537 751 3601; x_wconf 81' lang='lat' dir='ltr'>benevolum</span> <span class='ocrx_word' id='word_1_218' title='bbox 772 3537 857 3601; x_wconf 86' lang='lat' dir='ltr'>hunc</span> <span class='ocrx_word' id='word_1_219' title='bbox 877 3535 998 3622; x_wconf 92' lang='lat' dir='ltr'>populo</span> <span class='ocrx_word' id='word_1_220' title='bbox 1019 3537 1178 3611; x_wconf 83' lang='lat' dir='ltr'>Romano,</span> <span class='ocrx_word' id='word_1_221' title='bbox 1206 3557 1301 3621; x_wconf 90' lang='lat' dir='ltr'>quam</span> <span class='ocrx_word' id='word_1_222' title='bbox 1321 3536 1448 3602; x_wconf 86' lang='lat' dir='ltr'>fidelem</span> <span class='ocrx_word' id='word_1_223' title='bbox 1469 3538 1608 3621; x_wconf 76' lang='lat' dir='ltr'>putatis?</span> 
     </span>
    </p>

    <p class='ocr_par' dir='ltr' id='par_1_8' title="bbox 283 3625 1644 3904">
     <span class='ocr_line' id='line_1_24' title="bbox 366 3625 1607 3718; baseline -0.004 -21"><span class='ocrx_word' id='word_1_224' title='bbox 366 3632 579 3718; x_wconf 78' lang='lat' dir='ltr'>Hieronymus</span> <span class='ocrx_word' id='word_1_225' title='bbox 601 3633 761 3697; x_wconf 83' lang='lat' dir='ltr'>Commeat.</span> <span class='ocrx_word' id='word_1_226' title='bbox 783 3631 823 3696; x_wconf 92' lang='lat' dir='ltr'>od</span> <span class='ocrx_word' id='word_1_227' title='bbox 845 3631 945 3696; x_wconf 86' lang='lat' dir='ltr'>Galat.</span> <span class='ocrx_word' id='word_1_228' title='bbox 969 3631 999 3707; x_wconf 92' lang='lat' dir='ltr'>l,</span> <span class='ocrx_word' id='word_1_229' title='bbox 1020 3625 1041 3693; x_wconf 88' lang='grc'><strong>3</strong></span> <span class='ocrx_word' id='word_1_230' title='bbox 1064 3638 1096 3696; x_wconf 90' lang='lat' dir='ltr'>ct</span> <span class='ocrx_word' id='word_1_231' title='bbox 1117 3649 1166 3716; x_wconf 91' lang='lat' dir='ltr'>ep.</span> <span class='ocrx_word' id='word_1_232' title='bbox 1184 3630 1232 3708; x_wconf 86' lang='lat' dir='ltr'>X,</span> <span class='ocrx_word' id='word_1_233' title='bbox 1253 3627 1273 3694; x_wconf 88' lang='grc'><strong>3</strong></span> <span class='ocrx_word' id='word_1_234' title='bbox 1296 3630 1383 3715; x_wconf 85' lang='lat' dir='ltr'>(Opp.</span> <span class='ocrx_word' id='word_1_235' title='bbox 1405 3630 1457 3706; x_wconf 84' lang='lat' dir='ltr'>IV,</span> <span class='ocrx_word' id='word_1_236' title='bbox 1479 3626 1499 3693; x_wconf 80' lang='lat'><strong>2</strong></span> <span class='ocrx_word' id='word_1_237' title='bbox 1519 3652 1550 3714; x_wconf 89' lang='lat' dir='ltr'>p.</span> <span class='ocrx_word' id='word_1_238' title='bbox 1567 3625 1607 3692; x_wconf 84' lang='lat' dir='ltr'>to</span> 
     </span>
     <span class='ocr_line' id='line_1_25' title="bbox 284 3725 1609 3810; baseline -0.002 -20"><span class='ocrx_word' id='word_1_239' title='bbox 284 3725 333 3789; x_wconf 88' lang='lat' dir='ltr'>ed.</span> <span class='ocrx_word' id='word_1_240' title='bbox 355 3725 500 3810; x_wconf 86' lang='lat' dir='ltr'>Bcnod.):</span> <span class='ocrx_word' id='word_1_241' title='bbox 526 3727 691 3790; x_wconf 82' lang='lat' dir='ltr'>doctissimi</span> <span class='ocrx_word' id='word_1_242' title='bbox 711 3728 818 3809; x_wconf 80' lang='lat' dir='ltr'>pnipae</span> <span class='ocrx_word' id='word_1_243' title='bbox 841 3726 1042 3800; x_wconf 79' lang='lat' dir='ltr'>Graecorum,</span> <span class='ocrx_word' id='word_1_244' title='bbox 1067 3726 1103 3788; x_wconf 93' lang='lat' dir='ltr'>de</span> <span class='ocrx_word' id='word_1_245' title='bbox 1122 3725 1229 3808; x_wconf 78' lang='lat' dir='ltr'>quidne</span> <span class='ocrx_word' id='word_1_246' title='bbox 1243 3745 1305 3809; x_wconf 86' lang='lat' dir='ltr'>pro</span> <span class='ocrx_word' id='word_1_247' title='bbox 1324 3727 1431 3791; x_wconf 83' lang='lat' dir='ltr'>Flacco</span> <span class='ocrx_word' id='word_1_248' title='bbox 1451 3744 1542 3808; x_wconf 79' lang='lat' dir='ltr'>operas</span> <span class='ocrx_word' id='word_1_249' title='bbox 1562 3726 1609 3788; x_wconf 85' lang='lat' dir='ltr'>ln·</span> 
     </span>
     <span class='ocr_line' id='line_1_26' title="bbox 283 3819 1644 3904; baseline 0.005 -20"><span class='ocrx_word' id='word_1_250' title='bbox 283 3821 412 3884; x_wconf 78' lang='lat' dir='ltr'>atlantes</span> <span class='ocrx_word' id='word_1_251' title='bbox 434 3822 550 3884; x_wconf 80' lang='lat' dir='ltr'>Tstllins</span> <span class='ocrx_word' id='word_1_252' title='bbox 569 3822 633 3884; x_wconf 86' lang='lat' dir='ltr'>ait:</span> <span class='ocrx_word' id='word_1_253' title='bbox 654 3821 795 3904; x_wconf 76' lang='lat' dir='ltr'>ingenito</span> <span class='ocrx_word' id='word_1_254' title='bbox 815 3820 926 3885; x_wconf 82' lang='lat' dir='ltr'>levitas</span> <span class='ocrx_word' id='word_1_255' title='bbox 948 3825 982 3884; x_wconf 87' lang='lat' dir='ltr'>ct</span> <span class='ocrx_word' id='word_1_256' title='bbox 1003 3819 1126 3884; x_wconf 89' lang='lat' dir='ltr'>erudita</span> <span class='ocrx_word' id='word_1_257' title='bbox 1147 3821 1280 3886; x_wconf 83' lang='lat' dir='ltr'>sanitas.</span> <span class='ocrx_word' id='word_1_258' title='bbox 1614 3841 1644 3891; x_wconf 75' lang='lat' dir='ltr'>ss</span> 
     </span>
    </p>
   </div>
   <div class='ocr_carea' id='block_1_5' title="bbox 282 4081 1610 4599">
    <p class='ocr_par' dir='ltr' id='par_1_9' title="bbox 282 4081 1610 4599">
     <span class='ocr_line' id='line_1_27' title="bbox 347 4081 1607 4149; baseline -0.003 -15"><span class='ocrx_word' id='word_1_259' title='bbox 347 4085 373 4136; x_wconf 77' lang='lat'>2.</span> <span class='ocrx_word' id='word_1_260' title='bbox 390 4085 412 4135; x_wconf 85' lang='lat' dir='ltr'>st</span> <span class='ocrx_word' id='word_1_261' title='bbox 427 4084 536 4148; x_wconf 50' lang='lat' dir='ltr'>&amp;pistis</span> <span class='ocrx_word' id='word_1_262' title='bbox 550 4097 591 4149; x_wconf 88' lang='lat' dir='ltr'>pr.</span> <span class='ocrx_word' id='word_1_263' title='bbox 609 4085 626 4134; x_wconf 89' lang='lat' dir='ltr'>S</span> <span class='ocrx_word' id='word_1_264' title='bbox 650 4111 679 4121; x_wconf 91' lang='lat'>-</span> <span class='ocrx_word' id='word_1_265' title='bbox 705 4083 830 4134; x_wconf 81' lang='lat' dir='ltr'>ostenditis</span> <span class='ocrx_word' id='word_1_266' title='bbox 846 4082 892 4134; x_wconf 78' lang='lat' dir='ltr'>Sl·</span> <span class='ocrx_word' id='word_1_267' title='bbox 910 4109 938 4120; x_wconf 90' lang='lat'>-</span> <span class='ocrx_word' id='word_1_268' title='bbox 963 4083 989 4133; x_wconf 83' lang='grc'>7.</span> <span class='ocrx_word' id='word_1_269' title='bbox 1007 4083 1170 4147; x_wconf 73' lang='lat' dir='ltr'>inploratons</span> <span class='ocrx_word' id='word_1_270' title='bbox 1184 4082 1273 4146; x_wconf 80' lang='lat' dir='ltr'>repetit</span> <span class='ocrx_word' id='word_1_271' title='bbox 1288 4081 1364 4133; x_wconf 82' lang='lat' dir='ltr'>Sl&#39;lt</span> <span class='ocrx_word' id='word_1_272' title='bbox 1383 4108 1410 4119; x_wconf 94' lang='lat'><em>-</em></span> <span class='ocrx_word' id='word_1_273' title='bbox 1436 4083 1461 4133; x_wconf 87' lang='grc'>9.</span> <span class='ocrx_word' id='word_1_274' title='bbox 1476 4081 1559 4145; x_wconf 76' lang='lat' dir='ltr'>pateis</span> <span class='ocrx_word' id='word_1_275' title='bbox 1573 4081 1607 4131; x_wconf 80' lang='lat' dir='ltr'>s:</span> 
     </span>
     <span class='ocr_line' id='line_1_28' title="bbox 282 4154 1608 4223; baseline -0.004 -13"><span class='ocrx_word' id='word_1_276' title='bbox 282 4157 409 4222; x_wconf 71' lang='lat' dir='ltr'>sortissint</span> <span class='ocrx_word' id='word_1_277' title='bbox 430 4160 514 4223; x_wconf 86' lang='lat' dir='ltr'>patris</span> <span class='ocrx_word' id='word_1_278' title='bbox 538 4160 629 4210; x_wconf 85' lang='lat' dir='ltr'>ceteri.</span> <span class='ocrx_word' id='word_1_279' title='bbox 655 4185 683 4196; x_wconf 90' lang='lat'><em>-</em></span> <span class='ocrx_word' id='word_1_280' title='bbox 710 4157 958 4210; x_wconf 74' lang='lat' dir='ltr'>tt.·1o0mttonc</span> <span class='ocrx_word' id='word_1_281' title='bbox 980 4171 1030 4223; x_wconf 88' lang='lat' dir='ltr'>pro</span> <span class='ocrx_word' id='word_1_282' title='bbox 1052 4157 1145 4209; x_wconf 83' lang='lat' dir='ltr'>Flacco</span> <span class='ocrx_word' id='word_1_283' title='bbox 1168 4171 1221 4210; x_wconf 94' lang='lat' dir='ltr'>non</span> <span class='ocrx_word' id='word_1_284' title='bbox 1237 4158 1369 4222; x_wconf 88' lang='lat' dir='ltr'>reperitur</span> <span class='ocrx_word' id='word_1_285' title='bbox 1384 4156 1429 4207; x_wconf 88' lang='lat' dir='ltr'>hic</span> <span class='ocrx_word' id='word_1_286' title='bbox 1445 4154 1535 4217; x_wconf 87' lang='lat' dir='ltr'>locus,</span> <span class='ocrx_word' id='word_1_287' title='bbox 1557 4155 1608 4205; x_wconf 87' lang='lat' dir='ltr'>nisi</span> 
     </span>
     <span class='ocr_line' id='line_1_29' title="bbox 283 4232 1610 4298; baseline -0.002 -13"><span class='ocrx_word' id='word_1_288' title='bbox 283 4235 438 4285; x_wconf 86' lang='lat' dir='ltr'>memoriter</span> <span class='ocrx_word' id='word_1_289' title='bbox 457 4247 520 4286; x_wconf 90' lang='lat' dir='ltr'>enm</span> <span class='ocrx_word' id='word_1_290' title='bbox 541 4233 697 4295; x_wconf 86' lang='lat' dir='ltr'>laudaverit,</span> <span class='ocrx_word' id='word_1_291' title='bbox 720 4235 764 4298; x_wconf 85' lang='lat' dir='ltr'>qui</span> <span class='ocrx_word' id='word_1_292' title='bbox 786 4232 881 4297; x_wconf 79' lang='lat' dir='ltr'>legitur</span> <span class='ocrx_word' id='word_1_293' title='bbox 900 4232 935 4282; x_wconf 85' lang='lat' dir='ltr'>ab</span> <span class='ocrx_word' id='word_1_294' title='bbox 958 4233 1030 4283; x_wconf 86' lang='lat' dir='ltr'>initio</span> <span class='ocrx_word' id='word_1_295' title='bbox 1052 4235 1190 4285; x_wconf 87' lang='lat' dir='ltr'>orationis:</span> <span class='ocrx_word' id='word_1_296' title='bbox 1216 4232 1363 4297; x_wconf 66' lang='lat' dir='ltr'>wodan,</span> <span class='ocrx_word' id='word_1_297' title='bbox 1384 4233 1488 4294; x_wconf 71' lang='lat' dir='ltr'>iudica,</span> <span class='ocrx_word' id='word_1_298' title='bbox 1508 4232 1610 4282; x_wconf 72' lang='lat' dir='ltr'>imonis</span> 
     </span>
     <span class='ocr_line' id='line_1_30' title="bbox 282 4307 1605 4372; baseline -0.002 -14"><span class='ocrx_word' id='word_1_299' title='bbox 282 4311 364 4372; x_wconf 83' lang='lat' dir='ltr'>potius</span> <span class='ocrx_word' id='word_1_300' title='bbox 383 4310 412 4360; x_wconf 79' lang='lat' dir='ltr'>l.</span> <span class='ocrx_word' id='word_1_301' title='bbox 430 4311 513 4361; x_wconf 80' lang='lat' dir='ltr'>Flacci</span> <span class='ocrx_word' id='word_1_302' title='bbox 531 4323 571 4362; x_wconf 83' lang='lat' dir='ltr'>nse</span> <span class='ocrx_word' id='word_1_303' title='bbox 591 4311 731 4360; x_wconf 67' lang='lat' dir='ltr'>adiutam</span> <span class='ocrx_word' id='word_1_304' title='bbox 749 4309 864 4372; x_wconf 70' lang='lat' dir='ltr'>tutamen</span> <span class='ocrx_word' id='word_1_305' title='bbox 884 4320 962 4369; x_wconf 78' lang='lat' dir='ltr'>qnam</span> <span class='ocrx_word' id='word_1_306' title='bbox 982 4309 1143 4360; x_wconf 69' lang='lat' dir='ltr'>miseriarum</span> <span class='ocrx_word' id='word_1_307' title='bbox 1159 4310 1368 4372; x_wconf 64' lang='lat' dir='ltr'>domm.»</span> <span class='ocrx_word' id='word_1_308' title='bbox 1386 4308 1413 4359; x_wconf 74' lang='lat'>1³.</span> <span class='ocrx_word' id='word_1_309' title='bbox 1431 4307 1463 4361; x_wconf 85' lang='lat' dir='ltr'>V.</span> <span class='ocrx_word' id='word_1_310' title='bbox 1482 4308 1558 4358; x_wconf 87' lang='grc' dir='ltr'><strong>οπο.</strong></span> <span class='ocrx_word' id='word_1_311' title='bbox 1578 4333 1605 4344; x_wconf 89' lang='grc'><strong>-</strong></span> 
     </span>
     <span class='ocr_line' id='line_1_31' title="bbox 283 4382 1607 4449; baseline -0.003 -14"><span class='ocrx_word' id='word_1_312' title='bbox 283 4384 324 4435; x_wconf 75' lang='lat'>2⁰.</span> <span class='ocrx_word' id='word_1_313' title='bbox 343 4385 436 4435; x_wconf 76' lang='lat' dir='ltr'>«llaec</span> <span class='ocrx_word' id='word_1_314' title='bbox 456 4383 540 4436; x_wconf 81' lang='lat' dir='ltr'>verba</span> <span class='ocrx_word' id='word_1_315' title='bbox 562 4383 716 4436; x_wconf 87' lang='lat' dir='ltr'>collocanda</span> <span class='ocrx_word' id='word_1_316' title='bbox 737 4382 861 4434; x_wconf 83' lang='lat' dir='ltr'>videntur</span> <span class='ocrx_word' id='word_1_317' title='bbox 881 4383 952 4433; x_wconf 88' lang='lat' dir='ltr'>circa</span> <span class='ocrx_word' id='word_1_318' title='bbox 975 4383 1077 4435; x_wconf 87' lang='lat' dir='ltr'>initium</span> <span class='ocrx_word' id='word_1_319' title='bbox 1092 4383 1205 4435; x_wconf 86' lang='lat' dir='ltr'>laconas</span> <span class='ocrx_word' id='word_1_320' title='bbox 1221 4385 1315 4449; x_wconf 84' lang='lat' dir='ltr'>capitis</span> <span class='ocrx_word' id='word_1_321' title='bbox 1331 4383 1457 4445; x_wconf 87' lang='lat' dir='ltr'>secundi,</span> <span class='ocrx_word' id='word_1_322' title='bbox 1479 4383 1607 4435; x_wconf 86' lang='lat' dir='ltr'>Cicerone</span> 
     </span>
     <span class='ocr_line' id='line_1_32' title="bbox 285 4458 1609 4524; baseline -0.002 -15"><span class='ocrx_word' id='word_1_323' title='bbox 285 4461 341 4524; x_wconf 86' lang='lat' dir='ltr'>ipso</span> <span class='ocrx_word' id='word_1_324' title='bbox 358 4460 458 4523; x_wconf 89' lang='lat' dir='ltr'>tndtce,</span> <span class='ocrx_word' id='word_1_325' title='bbox 476 4459 523 4511; x_wconf 86' lang='lat' dir='ltr'>ubi</span> <span class='ocrx_word' id='word_1_326' title='bbox 540 4461 577 4511; x_wconf 85' lang='lat' dir='ltr'>ait</span> <span class='ocrx_word' id='word_1_327' title='bbox 594 4459 617 4524; x_wconf 70' lang='lat' dir='ltr'>(fl</span> <span class='ocrx_word' id='word_1_328' title='bbox 634 4459 673 4523; x_wconf 75' lang='lat' dir='ltr'>il:</span> <span class='ocrx_word' id='word_1_329' title='bbox 691 4460 740 4510; x_wconf 85' lang='lat' dir='ltr'>nisi</span> <span class='ocrx_word' id='word_1_330' title='bbox 754 4460 831 4523; x_wconf 74' lang='lat' dir='ltr'>torta,</span> <span class='ocrx_word' id='word_1_331' title='bbox 849 4471 914 4521; x_wconf 80' lang='lat' dir='ltr'>onae</span> <span class='ocrx_word' id='word_1_332' title='bbox 929 4472 970 4510; x_wconf 84' lang='lat' dir='ltr'>res</span> <span class='ocrx_word' id='word_1_333' title='bbox 984 4460 1030 4510; x_wconf 83' lang='lat' dir='ltr'>noc</span> <span class='ocrx_word' id='word_1_334' title='bbox 1046 4459 1138 4510; x_wconf 81' lang='lat' dir='ltr'>indicio</span> <span class='ocrx_word' id='word_1_335' title='bbox 1154 4465 1272 4519; x_wconf 72' lang='lat' dir='ltr'>matre,</span> <span class='ocrx_word' id='word_1_336' title='bbox 1290 4459 1351 4522; x_wconf 78' lang='lat' dir='ltr'>qnid</span> <span class='ocrx_word' id='word_1_337' title='bbox 1366 4464 1475 4523; x_wconf 63' lang='grc' dir='ltr'>φαεν,</span> <span class='ocrx_word' id='word_1_338' title='bbox 1491 4458 1533 4508; x_wconf 85' lang='lat' dir='ltr'>eat</span> <span class='ocrx_word' id='word_1_339' title='bbox 1548 4470 1609 4508; x_wconf 59' lang='lat' dir='ltr'>aaa</span> 
     </span>
     <span class='ocr_line' id='line_1_33' title="bbox 284 4531 1557 4599; baseline -0.002 -15"><span class='ocrx_word' id='word_1_340' title='bbox 284 4547 326 4584; x_wconf 89' lang='lat' dir='ltr'>soe</span> <span class='ocrx_word' id='word_1_341' title='bbox 340 4535 504 4599; x_wconf 71' lang='lat' dir='ltr'>fsndmnento</span> <span class='ocrx_word' id='word_1_342' title='bbox 519 4537 659 4598; x_wconf 62' lang='lat' dir='ltr'>mmor,</span> <span class='ocrx_word' id='word_1_343' title='bbox 676 4535 780 4598; x_wconf 82' lang='lat' dir='ltr'>indices,</span> <span class='ocrx_word' id='word_1_344' title='bbox 798 4548 849 4585; x_wconf 93' lang='lat' dir='ltr'>non</span> <span class='ocrx_word' id='word_1_345' title='bbox 863 4534 976 4585; x_wconf 68' lang='lat' dir='ltr'>oldai.»</span> <span class='ocrx_word' id='word_1_346' title='bbox 993 4536 1053 4587; x_wconf 78' lang='lat' dir='ltr'>ltu.</span> <span class='ocrx_word' id='word_1_347' title='bbox 1074 4562 1101 4572; x_wconf 91' lang='lat'><em>-</em></span> <span class='ocrx_word' id='word_1_348' title='bbox 1119 4535 1160 4586; x_wconf 79' lang='lat'>22.</span> <span class='ocrx_word' id='word_1_349' title='bbox 1178 4534 1318 4586; x_wconf 70' lang='lat' dir='ltr'>hennom</span> <span class='ocrx_word' id='word_1_350' title='bbox 1332 4535 1446 4598; x_wconf 86' lang='lat' dir='ltr'>uterque</span> <span class='ocrx_word' id='word_1_351' title='bbox 1464 4531 1557 4584; x_wconf 83' lang='lat' dir='ltr'>codex.</span> 
     </span>
    </p>
   </div>
   <div class='ocr_carea' id='block_1_6' title="bbox 0 0 1904 7348">
    <p class='ocr_par' dir='ltr' id='par_1_10' title="bbox 0 0 1904 7348">
     <span class='ocr_line' id='line_1_34' title="bbox 0 0 1904 7348; baseline 0 0"><span class='ocrx_word' id='word_1_352' title='bbox 0 0 1904 7348; x_wconf 95' lang='lat' dir='ltr'> </span> 
     </span>
    </p>
   </div>
  </div>
 </body>
</html>
