3800 7350
324 1191 408 1259 4266
756 1192 908 1258 ORATIO
930 1193 1156 1259 PHILIPPICA
1178 1196 1217 1258 II.

325 1361 526 1429 sericordiam
547 1362 712 1443 captabas:
740 1361 876 1445 supplex
897 1372 928 1425 te
950 1362 990 1426 ad
1013 1362 1110 1446 pedes
1132 1363 1310 1426 abiiciebas.
1351 1360 1436 1437 Quid
1458 1366 1599 1444 petens?
1624 1367 1663 1422 ut

326 1458 482 1522 servires?
504 1455 574 1520 Tibi
596 1456 650 1518 uni
673 1461 815 1538 peteres,
845 1455 901 1537 qui
922 1456 967 1519 ita
987 1476 1006 1520 a
1028 1477 1127 1539 puero
1149 1457 1290 1531 vixeras,
1312 1465 1347 1519 ut
1369 1457 1475 1520 omnia
1496 1462 1663 1539 paterere,

325 1558 364 1614 ut
391 1550 483 1613 facile
512 1548 663 1613 servires:
693 1549 826 1613 anobis
852 1550 1035 1633 populoque
1056 1552 1198 1615 Romano
1221 1552 1402 1615 mandatum
1425 1551 1458 1614 id
1481 1557 1567 1615 certe
1589 1568 1663 1612 non

324 1643 474 1707 habebas.
514 1643 541 1706 0
569 1644 760 1727 praeclaram
789 1642 875 1707 illam
898 1644 1110 1728 eloquentiam
1133 1653 1234 1720 tuam,
1257 1665 1329 1708 cum
1352 1666 1386 1708 es
1407 1645 1511 1709 nudus
1534 1642 1663 1707 contio-

304 1736 435 1801 cnatusl
459 1736 543 1812 Quid
564 1737 626 1800 boc
641 1738 786 1820 turpius‘l
809 1736 888 1820 quid
902 1736 1050 1800 foedius?
1072 1738 1149 1819 quid
1164 1739 1325 1823 suppliciis
1342 1739 1488 1803 omnibus
1502 1737 1662 1821 dignius?

326 1832 408 1893 Num
437 1836 619 1913 exspectas,
649 1830 723 1894 dum
755 1838 786 1893 te
814 1829 949 1893 stimulis
970 1829 1149 1895 fodiamus?
1180 1832 1259 1896 baec
1282 1840 1327 1908 te,
1361 1833 1388 1896 si
1410 1831 1508 1896 ullam
1530 1838 1661 1915 partem

325 1922 425 1987 babes
447 1943 577 1999 sensus,
598 1923 731 1998 lacerat,
752 1923 831 1987 baec
853 1930 998 1987 omentat
1015 1927 1126 1989 oratio.
1159 1926 1280 1990 Vereor
1300 1947 1340 1990 ne
1362 1928 1546 1991 imminuam
1568 1944 1661 1988 sum-

326 2037 449 2082 morum
463 2018 600 2081 virorum
622 2017 771 2100 gloriam
794 2017 896 2081 dicam
918 2025 1023 2081 tamen
1039 2018 1148 2083 doloro
1163 2027 1349 2085 commotus.
1383 2019 1469 2096 Quid
1490 2018 1660 2103 indignius

327 2131 423 2194 quam
453 2111 559 2175 rivere
582 2131 653 2174 eum
676 2110 730 2193 qui
761 2110 949 2194 imposuerit
971 2109 1131 2188 diadema,
1160 2134 1232 2177 cum
1260 2133 1370 2177 omnes
1399 2112 1556 2176 fateantur
1585 2109 1660 2173 iure

290 2205 528 2270 cointerfectum
550 2224 620 2268 esse
642 2204 698 2287 qui
720 2204 891 2267 abiecerit?
925 2201 976 2266 87.
998 2205 1039 2268 at
1060 2206 1154 2268 etiam
1176 2206 1313 2271 adscribi
1335 2207 1427 2270 iussit
1447 2207 1480 2269 in
1501 2204 1592 2268 fastis
1616 2202 1659 2266 ad

329 2297 530 2381 Lupercalia:
554 2299 586 2362 C.
604 2297 788 2372 Caesari,
810 2297 1013 2362 dictatori
1035 2308 1251 2382 perpetuo,
1273 2299 1659 2363 bidntoniumcon-

329 2393 458 2456 sulem
486 2391 634 2476 populi
665 2392 782 2455 iussu
816 2412 979 2474 regnum
1008 2392 1228 2469 detulisse,
1260 2394 1470 2457 Caesarem
1498 2394 1559 2458 uti
1590 2411 1659 2455 no-

328 2486 465 2550 luisse.
501 2486 566 2549 Iam
588 2486 651 2548 iam
672 2485 802 2549 minime
825 2486 923 2548 miror
945 2494 976 2548 te
999 2488 1096 2550 otium
1120 2488 1319 2569 perturbare;
1342 2507 1406 2550 non
1428 2487 1521 2551 modo
1542 2485 1659 2550 urbem

330 2580 454 2656 odisse,
475 2578 531 2643 sed
554 2580 645 2643 etiam
667 2578 786 2655 lucem,
809 2600 881 2642 cum
903 2579 1126 2662 perditissimis
1148 2581 1323 2644 latronibus
1338 2601 1402 2646 non
1418 2581 1520 2644 solum
1536 2579 1576 2643 de
1591 2578 1658 2653 die,

293 2675 387 2738 rtscd
409 2675 504 2738 etiam
524 2674 558 2737 in
579 2673 663 2737 diem
685 2674 802 2737 virere.
836 2674 894 2737 Ubi
917 2674 1002 2737 enim
1024 2681 1058 2737 tu
1081 2676 1114 2738 in
1132 2695 1209 2757 pace
1225 2676 1400 2739 consistes?
1423 2675 1479 2758 qui
1493 2672 1582 2738 locus
1596 2672 1659 2734 tibi

329 2768 364 2832 in
384 2766 507 2851 legibus
530 2773 562 2830 et
582 2767 616 2830 in
638 2767 762 2831 iudiciis
785 2788 855 2832 esse
878 2774 997 2850 potest,
1028 2787 1110 2851 quae
1133 2777 1183 2843 tu,
1207 2777 1359 2852 quantum
1382 2768 1415 2832 in
1437 2777 1468 2831 te
1488 2766 1566 2842 fuit,
1599 2766 1659 2828 do-

330 2860 454 2924 minatu
474 2861 560 2943 regio
583 2860 763 2925 sustulisti?
785 2860 904 2925 Ideone
925 2861 961 2923 L.
981 2862 1173 2944 Tarquinius
1196 2869 1344 2938 exactus,
1367 2862 1420 2946 Sp.
1438 2862 1577 2936 Cassius,
1600 2861 1658 2943 Sp.

329 2954 481 3030 Maelius,
502 2954 544 3018 Μ.
566 2953 703 3018 Manlius
725 2955 845 3030 necati,
866 2964 902 3019 ut
924 2955 1030 3017 multis
1052 2963 1126 3037 post
1146 2956 1280 3020 sacculis
1301 2957 1377 3020 abl.
1392 2957 1543 3032 Antonio,
1567 2953 1657 3038 quod

287 3111 289 3117 .
329 3046 376 3113 ias
398 3068 462 3112 non
484 3056 548 3123 est,
570 3068 628 3111 rex
649 3048 765 3112 Romae
788 3048 1053 3113 constitueretur?

292 3159 323 3209 2⁰
414 3141 545 3206 XXXV.
568 3138 619 3204 88.
642 3142 705 3205 Sed
726 3141 765 3205 ad
788 3142 928 3227 auspicia
944 3143 1129 3218 redeamus,
1151 3143 1190 3207 de
1206 3144 1320 3228 quibus
1335 3143 1445 3209 Idibus
1459 3143 1580 3208 Martiis
1594 3141 1658 3206 iuit

329 3236 365 3300 in
386 3242 499 3300 senatu
515 3234 629 3300 Caeam
642 3244 778 3300 acturus.
812 3237 955 3312 Quaero:
977 3244 1043 3300 tum
1063 3244 1096 3300 tu
1113 3237 1189 3320 quid
1206 3239 1347 3320 egisses?
1374 3236 1549 3302 Audiebam
1565 3237 1658 3321 equi·

331 3330 404 3393 dem
426 3337 458 3394 tc
480 3336 624 3414 paratum
646 3330 789 3406 venisse,
811 3329 897 3414 quod
918 3350 969 3393 me
991 3330 1031 3393 dc
1051 3332 1209 3395 ementitis
1224 3331 1392 3414 auspiciis,
1415 3331 1530 3415 quibus
1548 3339 1657 3395 tamen

330 3443 443 3505 parere
464 3443 595 3488 necesse
617 3432 699 3499 erat,
723 3431 852 3507 putares
873 3443 943 3486 esse
966 3423 1131 3488 dicturum.
1165 3424 1298 3489 Sustulit
1313 3425 1404 3488 illum
1419 3426 1502 3489 diem
1517 3425 1659 3488 Fortuna

332 3518 380 3581 rei
402 3517 557 3602 publicae.
596 3520 677 3582 Num
706 3518 801 3581 etiam
823 3524 913 3580 tunm
936 3515 975 3580 de
997 3518 1148 3600 auspiciis
1170 3517 1323 3581 iudicium
1345 3518 1491 3582 interitus
1513 3518 1657 3583 Caesaris

293 3611 482 3678 absustuliti
506 3611 569 3675 Sed
590 3610 685 3675 incidi
708 3612 741 3674 in
763 3610 797 3673 id
819 3617 959 3693 tempus,
981 3610 1068 3696 quod
1089 3611 1128 3674 iis
1149 3611 1260 3687 rebus,
1282 3612 1314 3674 in
1330 3632 1409 3695 quas
1431 3612 1573 3695 ingressa
1588 3620 1658 3677 erat

331 3707 450 3781 oratio,
472 3706 736 3790 praevertendum
759 3712 816 3769 est.
856 3705 945 3781 Quae
967 3713 1021 3769 tua
1042 3705 1134 3788 furgat
1158 3725 1239 3790 quac
1260 3704 1394 3769 formido
1415 3706 1577 3790 praeclaro
1599 3707 1657 3771 illo

330 3798 401 3863 diei
431 3819 513 3884 quac
540 3808 669 3885 propter
691 3799 917 3864 conscientiam
939 3800 1093 3863 scelerum
1116 3798 1292 3884 desperatio
1317 3800 1415 3864 vitae!
1445 3819 1514 3863 cum
1537 3819 1579 3863 ex
1599 3801 1657 3865 illa

329 3891 405 3977 iuga
432 3889 587 3959 beneficio
615 3916 740 3970 eorum,
775 3895 830 3979 qui
855 3901 905 3967 te,
937 3893 964 3956 si
986 3913 1082 3957 sanus
1104 3913 1206 3968 esses,
1240 3893 1361 3957 salvum
1383 3912 1454 3958 esse
1476 3894 1656 3972 voluerunt,

396 4173 421 4223 4.
438 4184 518 4236 cipes
533 4172 570 4233 V;
588 4171 715 4235 suppetisse
732 4174 741 4221 t
759 4198 786 4207 -
806 4169 928 4222 obiciebm
944 4168 995 4219 bt:
1014 4169 1117 4221 siciebas
1133 4170 1168 4229 V;
1187 4169 1306 4221 obiciebat
1322 4183 1377 4234 αις
1396 4170 1430 4222 ct.
1448 4185 1475 4238 p.
1494 4173 1568 4234 4027,
1584 4172 1610 4224 3.
1626 4198 1655 4211 -

328 4251 357 4297 ut
372 4247 476 4298 scrosru
491 4247 514 4296 V
531 4272 559 4284 -
582 4247 607 4297 2.
623 4251 735 4309 peterem
750 4247 774 4295 V
793 4273 819 4284 -
841 4247 960 4296 cinereus
975 4245 998 4294 V
1017 4273 1044 4282 -
1068 4246 1093 4297 3.
1110 4245 1206 4310 socilies
1222 4259 1340 4308 unsepres
1355 4260 1373 4295 a
1388 4248 1462 4297 acob
1477 4247 1500 4295 V
1518 4275 1545 4284 -
1564 4245 1590 4298 4.
1607 4247 1658 4297 ba·

330 4321 388 4374 beor
403 4328 415 4374 t
433 4351 460 4361 -
478 4336 535 4373 cum
551 4335 613 4373 euos
629 4323 640 4372 t
657 4349 684 4357 —
703 4322 862 4372 concionatus
878 4322 938 4372 0-
957 4323 983 4374 3.
1000 4320 1096 4384 taedias
1113 4334 1142 4384 g,
1159 4321 1283 4384 [cedidisse
1299 4323 1324 4382 t;
1342 4323 1403 4382 quid
1417 4323 1513 4386 foedius
1529 4334 1585 4373 om.
1597 4335 1614 4373 a
1625 4348 1653 4358 -

330 4396 771 4461 bsodiomusvzsodicmbo-
797 4396 1024 4456 rumusculi,
1048 4409 1131 4447 amuis
1151 4395 1296 4446 bobest-
1319 4399 1494 4448 macov-
1514 4399 1658 4449 tmmsuam

329 4475 380 4533 at3
404 4473 535 4522 immicum
550 4471 573 4520 V
591 4499 619 4509 -
643 4469 667 4521 8.
687 4470 751 4534 Quid
766 4470 892 4535 iudicatur
908 4485 985 4534 quom
1000 4471 1086 4520 uicere
1101 4472 1136 4520 V:
1160 4483 1242 4521 nouus
1257 4471 1373 4536 indiqsus
1389 4474 1506 4537 (indiquis
1521 4473 1544 4536 a)
1562 4473 1657 4523 44444444

329 4549 438 4611 (latuere
455 4548 476 4611 t)
500 4547 522 4597 I)
540 4560 573 4598 ex
589 4558 671 4596 sonus
685 4546 838 4610 iodipuuout
853 4547 953 4607 uiuere,
978 4549 1007 4596 ut
1023 4545 1136 4598 videtur.
1166 4545 1241 4597 coni.
1260 4549 1336 4611 epist.
1354 4546 1389 4598 ad
1405 4550 1456 4599 Ati.
1474 4548 1540 4610 xvi,
1559 4549 1601 4607 44,
1619 4547 1655 4597 2;

330 4623 394 4673 rusa
413 4623 488 4675 mmm
502 4621 570 4673 moto
587 4622 633 4686 (sc.
651 4620 799 4685 corriperet:
825 4621 1087 4686 indiscissimom
1106 4624 1149 4670 est
1170 4621 1249 4671 tusc
1270 4622 1392 4685 cicere,
1417 4636 1494 4686 cumn
1516 4624 1595 4687 quid
1610 4622 1657 4672 is-

330 4697 474 4765 diqoius?
492 4724 520 4734 -
545 4698 569 4749 9.
587 4697 724 4761 seposuerit
740 4695 776 4757 V;
800 4696 945 4759 inpetus-at
962 4709 992 4756 ας
1015 4695 1160 4758 imposueris
1176 4708 1192 4759 g
1209 4722 1237 4731 -
1255 4695 1389 4759 taceantur
1403 4698 1425 4747 V
1438 4698 1502 4762 (iure
1515 4699 1564 4763 lot.
1581 4696 1606 4760 a)
1625 4722 1653 4732 -

331 4774 570 4824 444444444-
598 4769 754 4833 meridiam
780 4770 934 4821 4044444-
957 4772 1065 4822 tusdtv
1085 4799 1111 4807 -
1138 4772 1393 4822 tt.li.om.V-
1418 4773 1653 4824 sacasani-

329 4847 367 4897 uts'
382 4847 510 4899 utiutuisse
525 4849 548 4897 V
568 4874 594 4884 -
614 4847 655 4898 43.
672 4847 725 4896 inm
740 4845 806 4896 eoin
822 4860 839 4911 g
857 4874 884 4882 -
904 4849 986 4899 cciuru
1002 4848 1024 4896 V
1043 4874 1070 4883 -
1095 4846 1134 4898 44.
1152 4860 1203 4897 oco
1218 4847 1438 4900 sotum--uioers
1454 4847 1531 4899 affert
1545 4847 1656 4898 Arusia-

330 4933 380 4972 nus
397 4934 424 4986 p.
442 4922 491 4972 226
508 4923 536 4973 l..
557 4949 584 4959 -
604 4922 634 4973 dc
649 4919 739 4972 om.V
756 4945 784 4956 -
803 4922 843 4973 444.
863 4922 897 4971 cd
912 4922 1187 4974 dionisusianus.-
1203 4923 1407 4974 4043434444-
1427 4925 1467 4975 46.
1484 4923 1573 4974 iudicis
1587 4922 1653 4971 V—

329 4995 441 5060 ioterfutt
457 4995 568 5048 muisis
583 4998 607 5047 V
625 5024 653 5034 -
671 4997 711 5047 47.
729 5001 833 5046 moetus
849 4997 933 5048 Vbi:
956 5013 1033 5062 requio
1050 4999 1137 5061 pubes
1153 5003 1257 5050 caoctus
1273 5010 1314 5062 ug
1332 5025 1359 5036 -
1383 4999 1490 5061 34444444
1506 4997 1575 5061 (ante
1592 4995 1657 5048 cm-

328 5070 387 5135 aas)
405 5073 432 5121 t:
447 5073 538 5134 purius
548 5073 584 5132 V;
603 5073 638 5122 rio
654 5069 687 5132 b;
705 5071 792 5133 sparti
808 5072 903 5124 Ocum
920 5075 1047 5125 Lambino
1060 5073 1212 5137 (Madvigius
1229 5074 1327 5125 errauit
1339 5072 1373 5124 de
1385 5074 1515 5139 scriptura
1524 5070 1654 5132 Vaticani,

330 5144 364 5196 de
382 5157 435 5210 quo
450 5145 504 5196 iam
521 5146 643 5196 Garatoni
659 5157 754 5196 verum
771 5144 880 5209 docuit).
893 5175 920 5184 -
939 5150 1046 5212 ερυήω
1061 5149 1189 5200 Schuetz:
1210 5161 1264 5198 om.
1280 5147 1372 5198 VDO.
1396 5148 1438 5198 Sic
1454 5147 1563 5212 propter
1579 5144 1656 5195 simi-

329 5217 382 5271 lem
399 5218 488 5272 locum
505 5220 521 5286 s
538 5221 586 5273 444
606 5221 694 5286 potrus
715 5221 909 5273 restituendum
930 5224 1080 5287 putavimus
1097 5235 1177 5287 quam
1200 5225 1230 5273 ut
1246 5221 1428 5274 scriberemus
1444 5220 1531 5284 Spurii
1547 5219 1654 5278 wasia,

328 5294 476 5346 44444443.-
496 5297 536 5347 48.
553 5296 643 5348 Metius
658 5295 727 5355 Vl);
746 5309 815 5347 corr.
834 5299 967 5348 Garatoni.
982 5325 1010 5335 -
1027 5298 1146 5348 manitius
1162 5299 1225 5347 V·
1243 5303 1272 5348 ut
1287 5298 1372 5348 mittis
1384 5302 1440 5361 post
1455 5293 1547 5346 succidi
1563 5306 1656 5344 musc-

329 5369 397 5420 osso
413 5370 436 5418 V
455 5397 482 5405 -
505 5371 546 5421 2ο.
565 5371 594 5421 dc
611 5369 699 5433 qulbus
720 5370 802 5420 ldibsu
817 5372 929 5436 scripsi:
954 5372 1036 5422 Idibsu
1052 5385 1105 5424 om.
1124 5373 1159 5433 νς
1183 5374 1214 5424 ds
1230 5372 1319 5435 quibus
1333 5371 1407 5422 rebus
1423 5369 1502 5420 idibus
1518 5369 1584 5431 Do,
1611 5367 1655 5418 hic

330 5445 430 5508 puncto
446 5446 506 5494 ante
524 5445 554 5496 de
569 5444 656 5508 oscus
672 5445 767 5509 posito.
788 5472 816 5483 -
833 5446 923 5496 mortis
939 5448 989 5510 μς
1007 5447 1096 5496 metm
1112 5447 1132 5496 V
1152 5472 1179 5483 -
1198 5447 1239 5498 24.
1258 5446 1378 5506 ccth;
1397 5450 1518 5496 coctam
1533 5457 1563 5508 μ
1581 5448 1657 5494 octe-

329 5530 388 5579 rau,
406 5530 500 5582 quaero
517 5518 551 5579 ⁰3
574 5519 601 5570 at
616 5532 642 5569 v.
661 5519 782 5584 Madvigii
799 5520 896 5586 opusc.
915 5521 950 5583 ll,
969 5533 996 5585 p.
1014 5520 1062 5571 224
1080 5524 1135 5572 not.
1153 5522 1179 5573 2.
1199 5546 1226 5560 -
1249 5520 1362 5585 cquidou
1377 5520 1414 5570 V:
1440 5519 1539 5583 44444444
1554 5518 1607 5569 Do
1624 5544 1652 5556 -

329 5591 371 5644 22.
387 5592 563 5657 porumv-
581 5593 742 5655 mmtitisV3
761 5596 964 5647 4444444444-
984 5596 1171 5659 sumsisti·
1189 5596 1231 5648 23.
1247 5596 1440 5661 fortunacv-
1460 5595 1502 5647 24.
1519 5592 1656 5658 rspons-

330 5667 450 5720 cach:
468 5669 657 5734 pomatium.
670 5669 806 5734 clegit)
819 5697 844 5710 -
859 5673 935 5723 etiem
951 5670 1037 5722 treuV
1050 5698 1078 5708 -
1096 5671 1215 5722 indidem
1231 5673 1281 5721 t-
1300 5671 1342 5722 23.
1355 5670 1403 5721 biis
1417 5669 1452 5731 b;
1469 5671 1507 5720 liis
1523 5667 1657 5734 aglrebur

329 5742 362 5793 iis
377 5743 395 5806 tl
410 5769 438 5781 ·-
456 5749 557 5809 estg-
575 5746 616 5797 26.
631 5747 886 5809 prmuercucmuv:
901 5746 1144 5811 procurmdreub
1157 5773 1184 5782 -
1204 5746 1285 5798 ertV:
1303 5745 1325 5796 st
1341 5746 1353 5797 t
1369 5745 1411 5810 (ci.
1425 5744 1497 5812 adp.
1510 5741 1653 5806 4236,20);

330 5817 513 5945 mosqitabg
531 5821 912 5884 -prosotorovmmn-
931 5821 1107 5875 44444444)-
1125 5821 1167 5875 27.
1185 5820 1424 5875 cmciouticmv-
1443 5816 1658 5875 memb

335 5914 364 5928 -
417 5928 424 5944 .
441 5905 517 5947 rmus
531 5907 583 5950 esse
597 5896 629 5948 V.
