3800 7350
692 1197 764 1262 cn.
785 1194 940 1261 x-xn
967 1192 1012 1278 ss
1034 1190 1179 1258 ar-ss.
1507 1177 1584 1248 tros

279 1370 334 1432 sad
356 1368 527 1431 olfactum
559 1377 607 1430 est
627 1398 668 1413 -
689 1385 748 1429 nee
773 1367 945 1449 imperante
967 1384 1025 1427 nac
1047 1363 1164 1426 sciente
1185 1383 1244 1426 nec
1264 1368 1430 1445 praesente
1452 1357 1591 1430 domino,

279 1462 365 1544 qssod
387 1480 462 1523 suos
484 1461 619 1543 quisque
641 1479 747 1523 serras
769 1460 802 1520 in
826 1458 880 1521 tali
902 1458 1060 1521 sefacere
1083 1456 1241 1519 voluisset.
1283 1456 1337 1518 xl.
1359 1451 1410 1517 30.
1431 1454 1526 1525 Haec,
1547 1451 1590 1513 si·

279 1555 341 1616 cuti
364 1554 514 1634 exposui,
543 1554 586 1616 ita
608 1560 695 1635 gesta
717 1562 807 1625 sunt,
829 1552 967 1616 iudices:
996 1549 1162 1613 insidiator
1183 1557 1348 1632 superatus
1369 1556 1435 1622 est,
1455 1548 1487 1610 vi
1508 1545 1591 1608 victa

278 1648 325 1708 uis
347 1646 397 1708 vel
419 1647 523 1728 potius
545 1666 693 1730 oppressa
715 1646 828 1709 virtute
850 1646 982 1709 audacia
1003 1652 1061 1706 est.
1093 1642 1178 1705 Nihil
1199 1642 1286 1716 dico,
1309 1643 1384 1725 quid
1400 1662 1449 1705 res
1467 1638 1593 1723 publica

280 1748 448 1804 consecuta
477 1741 533 1814 sit,
559 1739 654 1812 nibil,
684 1739 758 1822 quid
783 1760 852 1814 vos,
875 1739 972 1812 nibil,
1001 1738 1078 1821 quid
1104 1756 1214 1800 omnes
1236 1736 1331 1799 boni:
1363 1734 1440 1798 nibil
1463 1752 1538 1796 sane
1559 1729 1616 1792 its

279 1834 378 1918 prosit
399 1833 525 1906 Miloni,
547 1833 602 1916 qui
623 1832 684 1895 boc
705 1832 768 1895 lato
792 1841 883 1895 natus
905 1841 970 1905 est,
993 1840 1027 1895 ut
1047 1851 1087 1894 ne
1110 1850 1143 1894 se
1159 1831 1287 1912 quidem
1307 1849 1432 1892 servare
1446 1824 1594 1910 potuerit,

280 1927 358 2009 quin
389 1947 452 1989 una
484 1947 549 1989 rem
581 1926 737 2008 publicam
768 1945 887 2010 vosque
909 1932 1056 1989 servaret.
1102 1925 1143 1987 Si.
1164 1921 1195 1987 id
1218 1924 1287 1987 iure
1307 1922 1376 1985 fieri
1397 1941 1462 1984 non
1483 1917 1594 2003 potuit,

280 2020 357 2082 nibil
378 2020 495 2093 babeo,
527 2018 612 2103 quod
635 2018 819 2081 defendam:
851 2021 900 2083 sin
921 2022 983 2084 boc
1005 2029 1037 2083 et
1058 2018 1136 2082 ratio
1158 2018 1257 2081 doctis
1279 2024 1311 2081 et
1332 2014 1502 2079 necessitas
1522 2009 1594 2072 bar·

279 2115 362 2177 baris
391 2122 422 2176 et
443 2133 510 2176 mos
532 2112 679 2195 gentibus
701 2121 733 2175 et
757 2112 831 2175 ieris
854 2113 948 2177 etiam
970 2113 1072 2175 beluis
1095 2118 1205 2175 natura
1225 2113 1294 2194 ipsa
1316 2106 1535 2193 praescripsit,
1559 2109 1595 2165 ut

280 2227 404 2269 omnem
426 2226 550 2289 semper
571 2208 650 2279 vim,
680 2225 891 2288 quacumque·
906 2227 966 2288 ope
996 2215 1141 2288 possent,
1170 2226 1188 2268 a
1211 2223 1359 2287 corpore,
1387 2200 1548 2282 acupile,
1575 2209 1633 2257 ⁸⁴⁰

282 2300 343 2362 rita
364 2320 421 2363 sua
442 2300 676 2383 propulsarent,
699 2318 763 2360 non
786 2300 916 2381 potestis
937 2300 998 2362 boc
1012 2299 1134 2363 lacinus
1149 2298 1326 2380 improbum
1344 2296 1494 2367 iudicare,
1516 2292 1594 2374 quin

280 2395 370 2457 simul
398 2394 557 2465 iudicetis,
588 2392 747 2465 omnibus,
777 2391 832 2474 qui
861 2393 893 2455 in
922 2392 1058 2455 latrones
1090 2391 1272 2464 inciderint,
1301 2398 1357 2454 aut
1377 2389 1502 2453 illorum
1522 2384 1594 2448 telis

280 2497 334 2554 aut
356 2488 467 2551 vestris
489 2487 653 2548 sententiis
675 2505 744 2547 esse
770 2485 975 2567 pereundum.
1018 2482 1068 2547 3l.
1093 2486 1186 2561 Quod
1209 2485 1235 2547 si
1258 2485 1302 2547 ita
1324 2488 1481 2566 putasset,
1510 2486 1594 2542 certe

281 2580 448 2666 optabilius
469 2578 579 2643 Miloni
600 2579 661 2641 luit
681 2578 756 2640 dare
778 2578 917 2660 iugulum
940 2581 973 2641 P.
997 2578 1123 2652 Clodio,
1147 2598 1211 2641 non
1233 2578 1330 2641 semel
1351 2576 1390 2640 ab
1411 2575 1467 2637 illo
1489 2590 1594 2654 neque

281 2687 345 2739 tuns
368 2674 501 2756 primum
523 2673 671 2755 petitum,
703 2689 798 2754 quam
819 2672 952 2754 iugulari
974 2693 992 2735 a
1015 2671 1118 2747 vobis,
1151 2672 1226 2755 quia
1248 2692 1282 2734 se
1304 2691 1368 2733 non
1389 2667 1595 2752 iugulandum
1605 2678 1632 2724 ta

280 2770 326 2833 illi
346 2767 533 2831 tradidisset.
567 2765 622 2828 Sin
644 2765 705 2827 hoc
727 2785 819 2828 nemo
841 2774 978 2829 vestrum
999 2766 1043 2828 ita
1064 2766 1169 2839 sentit,
1193 2783 1257 2827 non
1273 2764 1352 2827 illud
1374 2764 1436 2825 iam
1458 2763 1490 2825 in
1513 2758 1596 2823 iudi·

281 2864 363 2925 cium
382 2860 482 2931 venit,
505 2858 668 2921 occisusne
690 2858 746 2931 sit,
768 2859 853 2941 quod
868 2858 1010 2933 fatemur,
1032 2859 1088 2921 sed
1109 2859 1178 2922 iure
1193 2878 1233 2921 an
1249 2857 1373 2932 iniuria,
1388 2855 1473 2938 quod
1489 2851 1595 2917 multis

282 2958 314 3020 in
345 2954 448 3017 causis
477 2971 570 3035 saepe
599 2952 775 3034 quaesitum
807 2960 864 3014 est.
906 2952 1039 3016 Insidias
1061 2953 1156 3016 iactas
1178 2972 1248 3015 esse
1270 2958 1403 3023 constat,
1430 2957 1462 3011 et
1482 2947 1514 3010 id
1537 2952 1595 3018 est,

282 3046 368 3132 quod
390 3052 516 3108 senatus
538 3052 647 3107 contra
669 3065 735 3108 rem
758 3045 913 3128 publicam
935 3045 1052 3109 iactum
1074 3045 1239 3109 iudicarit:
1260 3046 1301 3108 ab
1322 3052 1393 3107 utro
1408 3042 1508 3106 laetae
1523 3041 1596 3111 sint,

281 3146 432 3205 incertum
459 3146 515 3201 est.
558 3141 604 3200 lie
631 3139 693 3202 boc
721 3138 817 3220 igitur
845 3138 940 3202 latum
969 3148 1017 3201 est
1046 3147 1080 3201 ut
1101 3147 1314 3221 quaereretur.
1349 3138 1394 3200 lta
1416 3143 1448 3199 et
1468 3142 1634 3197 senatusso

281 3257 363 3309 rem,
391 3253 455 3295 non
483 3233 642 3294 bominem
673 3232 810 3304 notarit,
838 3239 871 3294 et
891 3234 1057 3316 Pompeius
1079 3232 1119 3294 da
1141 3233 1225 3306 iure,
1247 3251 1312 3293 non
1334 3231 1373 3292 de
1395 3228 1478 3291 lacto
1500 3245 1597 3310 quae·

281 3332 413 3394 ationem
436 3326 517 3390 tulit.
561 3325 629 3386 llll.
652 3327 731 3387 Num
762 3325 838 3407 quid
860 3326 957 3408 igitur
978 3326 1063 3389 aliud
1086 3325 1118 3387 iu
1141 3325 1291 3388 iudicium
1314 3324 1415 3396 venit,
1445 3320 1506 3382 nisi
1527 3326 1598 3380 uter

282 3423 344 3485 utri
370 3420 501 3483 insidias
530 3418 661 3481 iecerit?
693 3418 835 3481 Proiecto
864 3418 961 3481 nibil:
992 3419 1018 3481 si
1045 3418 1096 3483 bic
1117 3420 1185 3494 illi,
1214 3426 1251 3483 ut
1271 3440 1312 3483 nc
1333 3420 1374 3483 sit
1394 3419 1540 3500 impune;
1568 3414 1595 3475 si

281 3516 334 3580 ille
355 3514 445 3587 huic,
467 3519 504 3575 ut
525 3532 582 3574 nos
605 3511 723 3573 scelere
745 3511 913 3574 solvamur.
1027 3566 1033 3581 ,

365 3604 416 3668 32.
439 3604 585 3681 Quonam
607 3604 703 3687 igitur
723 3611 815 3688 pacto
837 3604 964 3687 probari
986 3614 1090 3690 potest
1110 3608 1241 3671 insidias
1263 3606 1374 3670 Miloni
1393 3604 1506 3667 iecisse
1528 3600 1634 3663 Clo-ss

283 3705 391 3766 diurni
422 3701 504 3762 Satis
535 3709 582 3762 est
610 3701 643 3763 in
669 3699 723 3761 illa
745 3698 874 3781 quidem
896 3706 959 3762 tam
982 3700 1107 3775 audaci,
1136 3710 1198 3765 tam
1221 3701 1340 3766 nefaria
1360 3700 1453 3763 belua
1474 3698 1598 3762 docere,

282 3815 424 3878 maguam
448 3793 476 3855 ei
500 3811 643 3863 causam,
666 3811 811 3873 magnam
826 3811 912 3875 spem
928 3793 961 3855 in
977 3792 1104 3856 Milonis
1122 3803 1221 3859 morte
1237 3795 1447 3878 propositam,
1469 3810 1597 3874 magnas

284 3889 434 3952 utilitates
456 3885 565 3948 luisse.
599 3887 710 3967 ltaque
732 3884 811 3947 illud
827 3884 1010 3948 Cassianum
1036 3889 1104 3951 seui
1125 3888 1208 3951 bono
1230 3889 1342 3951 tuerit»
1365 3889 1398 3950 in
1419 3888 1469 3951 bis
1489 3906 1598 3970 perso·

283 3985 331 4045 nis
353 3981 472 4052 valeat,
494 3978 552 4040 etsi
575 3978 650 4040 boni
671 3978 758 4040 nullo
772 3978 983 4042 emolumento
1005 3981 1210 4062 impelluntur
1230 3984 1261 4044 in
1283 3981 1439 4055 fraudem,
1461 3979 1595 4063 improbi

283 4095 375 4159 saepe
405 4092 512 4156 parvo.
558 4073 654 4154 Atqui
683 4070 800 4132 Milone
827 4070 991 4135 interiecto
1016 4073 1145 4136 Clodius
1165 4074 1244 4137 baec
1265 4074 1503 4157 assequebatur,
1532 4086 1634 4135 44444
1740 4139 1745 4149 ,

284 4168 377 4231 modo
398 4175 433 4229 ut
454 4171 581 4249 praetor
602 4173 687 4226 esset
707 4184 771 4226 non
794 4185 832 4228 eo
854 4167 1003 4241 consule,
1025 4187 1088 4250 quo
1110 4168 1237 4231 sceleris
1258 4167 1337 4231 nibil
1358 4167 1460 4231 iacere
1482 4174 1598 4250 posset,

283 4262 339 4324 sed
367 4260 461 4324 etiam
493 4265 526 4322 ut
557 4258 595 4322 iis
618 4258 800 4325 consulibus
830 4266 955 4343 praetor
976 4267 1075 4335 esset,
1103 4261 1217 4346 quibus
1238 4261 1265 4324 si
1286 4281 1351 4324 non
1371 4259 1598 4332 adiuvantibus,

349 4683 372 4730 4.
391 4681 441 4728 Nec
457 4679 594 4740 imperante
609 4678 707 4727 domino
722 4691 767 4728 444
781 4679 869 4727 4444444
886 4678 904 4727 Β
922 4677 947 4726 44
965 4675 1074 4727 scholio.
1086 4704 1113 4713 -
1132 4691 1176 4728 444
1191 4679 1329 4741 imperante
1345 4680 1407 4729 PB:
1425 4692 1502 4742 sequa
1517 4681 1597 4742 inspa-

284 4761 356 4805 rante
370 4755 463 4805 l'Eso
477 4781 504 4791 -
522 4767 566 4803 sse
581 4755 670 4802 sciente
686 4753 774 4803 PEB:
796 4766 874 4814 44444
889 4752 979 4803 mirata
994 4753 1098 4802 ’480-
1117 4766 1160 4802 444
1174 4759 1303 4816 praesenta
1317 4755 1410 4804 PTE:
1428 4767 1506 4817 saque
1518 4769 1598 4818 pras-

283 4835 347 4881 44444
364 4831 406 4879 SO
418 4855 445 4865 -
463 4829 487 4878 2.
501 4829 560 4877 isaac
572 4828 727 4876 --oudaclo
742 4831 776 4876 444
789 4826 870 4877 babet
886 4825 1061 4887 Quintilianus
1078 4829 1119 4888 444,
1131 4827 1155 4886 4,
1168 4829 1196 4885 23
1215 4829 1324 4879 bacen
1335 4830 1426 4879 iudicas
1442 4830 1476 4885 B;
1493 4829 1598 4880 boec·-

283 4907 308 4954 44
323 4904 390 4953 victa
404 4903 442 4952 vis
456 4907 491 4952 444
507 4901 585 4954 lulius
598 4903 686 4952 Victor
696 4917 722 4966 p.
732 4902 789 4961 238,
803 4904 841 4952 49.
858 4929 884 4939 -
903 4903 976 4952 4444444
987 4902 1049 4952 TE:
1067 4903 1129 4952 sicut
1141 4905 1176 4963 (Pl
1187 4905 1244 4963 SO;
1263 4905 1286 4953 si
1300 4905 1358 4954 4444
1369 4906 1398 4954 44
1408 4902 1486 4955 lulius
1499 4904 1596 4955 Victor.

287 5005 312 5016 -
326 4981 353 5028 is
369 4991 397 5029 re
413 4975 551 5027 4444441444
567 4976 665 5026 Victor.
681 5003 707 5012 -
726 4975 749 5026 3.
768 4981 802 5025 ert
818 4976 922 5036 PTES.
940 4976 1122 5038 Quintilianus,
1140 4977 1219 5029 lulius
1229 4980 1329 5029 Victor:
1347 4992 1401 5030 om.
1414 4979 1435 5029 0
1449 5006 1474 5014 -
1492 4980 1519 5029 oi
1532 4980 1599 5029 44444

283 5080 319 5091 --
329 5053 439 5102 nasucio
454 5057 489 5101 est
505 5050 621 5100 bsbetli
640 5077 666 5085 -
686 5048 709 5101 l.
729 5051 834 5099 audatia
850 5047 863 5100 d
881 5053 940 5112 quid
957 5066 1022 5115 resp.
1040 5057 1169 5102 4444444444
1185 5054 1217 5102 sit
1231 5054 1306 5104 444444
1321 5054 1540 5116 decreturum
1554 5067 1600 5102 uas

283 5125 605 5191 raatdqmot‘-
627 5125 649 5173 ti.
668 5125 949 5185 soctoT-lettt.
969 5128 1600 5193 ouinloulT-iursflertrtospotuitPtfiari

283 5206 337 5252 turs
353 5215 402 5250 nors
415 5205 495 5263 posset
511 5200 573 5261 TE;
591 5201 646 5249 iure
658 5202 719 5259 (om.
731 5201 793 5262 4444)
811 5214 860 5250 nors
872 5208 956 5264 posset
968 5204 1020 5253 80.
1040 5203 1078 5253 Cl.
1092 5203 1250 5267 Madvigium
1263 5204 1350 5268 04444.
1363 5206 1436 5255 acad.
1449 5205 1459 5255 l
1471 5218 1498 5270 p.
1513 5205 1555 5255 464
1571 5216 1597 5254 4.

286 5305 311 5312 -
326 5278 350 5327 8.
363 5276 436 5340 quod]
451 5277 511 5338 qaid
526 5279 587 5327 P-
606 5275 808 5326 stctlocatrto
825 5276 884 5326 P-
903 5277 928 5326 9.
946 5277 1022 5327 ctiam
1037 5277 1113 5327 444444
1129 5280 1162 5328 P:
1181 5290 1235 5328 om.
1251 5279 1354 5330 TESO
1368 5307 1395 5317 -
1412 5284 1440 5329 ut
1455 5292 1599 5328 ermen·-

266 5387 269 5393 ·
283 5368 300 5402 4
316 5365 420 5415 corpore
436 5352 529 5402 incerti
545 5353 593 5400 art.
612 5363 722 5414 gramm.
741 5350 834 5414 tragus.
852 5364 878 5416 p.
897 5352 929 5402 99
946 5351 988 5402 ed.
1008 5351 1081 5403 Endl.
1101 5378 1128 5387 -
1149 5354 1189 5402 45.
1207 5366 1258 5402 nors
1273 5353 1439 5417 inputandms
1454 5354 1492 5403 4444
1508 5354 1597 5404 ΡΤΕ;

283 5428 319 5476 4444
340 5441 389 5476 non
411 5425 575 5490 4444444444
591 5427 637 5474 SO
655 5449 682 5460 -
711 5425 750 5474 46.
768 5427 790 5475 si
811 5426 856 5475 boo
878 5428 896 5477 P
914 5452 941 5461 -
962 5428 1001 5476 47.
1019 5441 1069 5477 sos
1090 5426 1276 5478 44444--44444
1291 5430 1323 5478 P:
1347 5429 1530 5479 444444--44444
1550 5441 1600 5478 sas

284 5502 433 5552 Taso·
453 5500 663 5563 l8.saepePE:
682 5500 1013 5564 imn83lomscsps'l'-
1034 5503 1277 5554 testaceorum
1292 5507 1348 5552 4444
1364 5505 1384 5554 P
1401 5529 1429 5539 -
1451 5505 1492 5554 2⁰.
1510 5502 1600 5553 44444

284 5578 361 5639 igitar
376 5576 455 5626 444444
470 5581 504 5626 444
521 5577 607 5626 om.T
626 5602 653 5612 -
671 5575 712 5625 22.
731 5590 791 5625 sam
808 5577 1010 5639 qaid--sccerit
1027 5576 1108 5627 habet
1123 5578 1143 5627 B
1157 5603 1184 5613 -
1203 5577 1243 5627 99.
1262 5577 1389 5641 44444444
1408 5603 1435 5613 -
1452 5582 1481 5626 at
1496 5579 1528 5627 P:
1546 5582 1599 5626 4444

284 5650 386 5701 Taso
400 5674 427 5686 -
445 5651 486 5702 44.
504 5663 613 5702 norom.
627 5653 645 5700 P
658 5674 685 5686 -
699 5651 965 5703 tasass--cocers
980 5649 1091 5703 habetb
1104 5677 1131 5688 ·-
1150 5652 1177 5702 is
1192 5652 1348 5714 4444444444
1362 5652 1483 5704 PTEB:
1501 5652 1600 5714 4444444

285 5725 310 5773 44
327 5725 372 5773 itta
387 5726 473 5775 so—
493 5730 546 5776 tam
562 5727 653 5775 444444
670 5730 722 5775 tom
738 5727 862 5777 omli·-
881 5726 952 5776 belua
968 5727 1090 5778 PTEB:
1109 5725 1190 5777 444444
1205 5727 1249 5777 SO
1269 5752 1296 5762 -
1314 5727 1355 5778 28.
1373 5726 1600 5788 144444--444444

284 5798 366 5849 habet
380 5801 401 5850 Α
415 5825 441 5834 -
460 5801 501 5850 cai
517 5800 578 5851 4444
593 5800 678 5864 suerit]
694 5800 812 5850 iudicium
823 5803 844 5851 Α
856 5827 882 5837 -
901 5801 941 5851 49.
953 5800 1019 5852 44444
1036 5800 1095 5851 cod.
1108 5803 1204 5853 ascen.
1216 5800 1340 5852 Ambros-
1350 5825 1377 5836 —
1397 5800 1437 5851 39.
1455 5799 1516 5850 boso
1530 5800 1592 5851 TE:

284 5875 329 5925 loc
345 5874 391 5927 So
404 5901 431 5912 -
450 5874 490 5925 et.
507 5876 590 5938 [44444
605 5875 666 5927 still
682 5875 702 5930 li
719 5872 799 5929 solus.
814 5901 841 5912 —
860 5875 901 5926 44.
918 5880 947 5927 at
962 5875 993 5926 444
1009 5875 1154 5930 Manutius:
1173 5881 1202 5928 st
1216 5875 1255 5929 444
1269 5875 1352 5931 TES.
