3800 7350
327 1191 408 1263 llll
714 1202 865 1269 ORATIO
886 1205 964 1270 PRO
988 1205 1048 1270 CN.
1070 1207 1243 1272 PLANCIO

324 1388 399 1432 num
421 1377 454 1433 et
473 1370 744 1453 gravissimorum,
772 1374 865 1437 edere
896 1373 1042 1436 debuisti.
1084 1376 1125 1438 At
1146 1373 1330 1438 Voltiniam:
1360 1375 1449 1439 lubet
1475 1376 1559 1439 enim
1582 1376 1638 1439 tibi

326 1464 433 1526 nescio
462 1464 539 1547 quid
569 1465 661 1528 etiam
692 1465 731 1529 de
761 1468 814 1529 illa
844 1468 925 1530 tribu
955 1468 1129 1531 criminari:
1158 1469 1239 1531 banc
1260 1470 1356 1550 igitur
1376 1470 1474 1551 ipsam
1497 1492 1553 1534 cur
1573 1492 1638 1534 non

326 1556 473 1619 edidistif
504 1556 588 1633 Quid
612 1559 738 1622 Plancio
761 1581 829 1622 curn
852 1561 1024 1623 Lemonia?
1054 1563 1132 1644 quid
1155 1582 1225 1624 cum
1247 1562 1438 1626 Oufentina?
1467 1566 1543 1648 quid
1565 1586 1639 1628 cum

327 1649 544 1712 Clustumina?
573 1672 644 1714 nam
671 1653 839 1727 Maeciam,
868 1674 930 1716 non
959 1674 1040 1737 quae
1069 1655 1241 1729 iudicaret,
1268 1655 1323 1717 sed
1345 1676 1427 1738 quae
1448 1658 1641 1731 reiiceretur,

302 1756 395 1805 sessa
416 1742 555 1805 voluisti.
597 1741 647 1806 39.
669 1746 825 1809 Dubitatis
847 1746 958 1829 igitur,
980 1748 1116 1821 iudices,
1139 1748 1216 1830 quin
1237 1768 1294 1810 vos
1315 1750 1356 1811 M.
1380 1750 1559 1814 Laterensis
1581 1771 1641 1814 suo

325 1835 442 1908 iudicio
464 1855 527 1898 nou
550 1837 589 1899 ad
613 1839 798 1901 senteutiam
822 1840 920 1922 legis,
939 1841 996 1902 sed
1018 1841 1057 1903 ad
1079 1860 1168 1903 suam
1189 1861 1277 1923 spem
1299 1842 1438 1924 aliquam
1461 1842 1641 1905 decivitate

324 1927 495 2011 delegerit?
514 1928 662 1994 dubitatis
682 1932 760 2013 quin
774 1952 826 1994 eas
845 1934 954 2007 tribus,
967 1935 1000 1996 in
1013 1934 1128 2016 quibus
1142 1954 1270 2016 magnas
1283 1933 1535 1998 necessitudines
1546 1935 1643 1997 babet

324 2022 485 2098 Plancius,
501 2045 572 2086 cum
593 2024 647 2086 ille
670 2045 733 2095 non
756 2025 900 2099 ediderit,
922 2026 1070 2090 iudicarit
1091 2023 1202 2089 officiis
1224 2027 1263 2089 ab
1285 2028 1346 2090 boc
1363 2028 1554 2102 observatas,
1576 2048 1642 2092 non

324 2114 489 2197 largitione
511 2121 693 2200 corruptas?
716 2117 800 2194 Quid
822 2120 905 2181 enim
927 2127 1032 2202 potest
1053 2119 1174 2195 dicere,
1197 2141 1253 2183 cur
1276 2121 1336 2183 ista
1358 2121 1454 2184 editio
1476 2141 1539 2184 non
1556 2141 1642 2183 sum·

286 2222 314 2269 4ο
323 2229 405 2272 mam
426 2211 540 2274 babeat
561 2211 770 2285 acerbitatem,
792 2222 911 2275 remota
931 2213 1053 2276 ratione
1075 2213 1139 2285 illa,
1162 2234 1256 2296 quam
1277 2216 1310 2277 in
1325 2215 1527 2277 decernendo
1540 2215 1643 2277 secuti

323 2308 453 2368 sumus‘l
495 2301 545 2367 40.
567 2308 614 2368 Tu
643 2305 761 2388 deligas
784 2325 823 2368 ex
846 2306 930 2368 omui
960 2305 1078 2389 populo
1102 2315 1156 2371 aut
1177 2309 1294 2373 amicos
1322 2317 1395 2370 tuos
1419 2315 1474 2371 aut
1494 2307 1641 2370 inimicos

322 2417 410 2459 meos
431 2406 485 2460 aut
507 2398 643 2481 denique
659 2418 723 2473 eos,
745 2419 826 2482 quos
841 2399 1063 2473 inexorabiles,
1087 2420 1168 2483 quos
1182 2402 1383 2476 inhumanos,
1400 2421 1479 2484 quos
1495 2402 1642 2464 crudeles

323 2492 504 2554 existimes?
532 2499 567 2554 tu
589 2514 638 2554 me
660 2493 784 2575 ignaro,
813 2512 871 2555 nec
893 2492 1059 2575 opinante,
1081 2494 1180 2555 inscio
1203 2502 1293 2557 notes
1316 2504 1347 2557 et
1369 2502 1439 2556 tuos
1461 2501 1493 2557 et
1514 2502 1641 2557 tuorum

322 2586 493 2648 amicorum
507 2586 720 2659 necessarios,
741 2585 939 2668 veliniquos
960 2584 1011 2647 vel
1033 2606 1120 2648 meos
1141 2586 1191 2649 vel
1214 2587 1307 2649 etiam
1330 2586 1530 2649 defensorum
1553 2608 1643 2650 meo·

285 2690 405 2755 rtrum,
428 2682 602 2763 eodemque
623 2680 790 2762 adiungas,
812 2698 891 2762 quos
914 2684 1027 2740 natura
1048 2686 1141 2761 putes
1163 2699 1291 2763 asperos
1311 2688 1406 2762 atque
1421 2682 1566 2743 omnibus
1580 2682 1643 2743 ini·

322 2777 426 2854 quos‘l
448 2774 561 2837 deinde
583 2769 724 2835 effundas
746 2778 892 2853 repente,
914 2777 1044 2842 utente
1066 2792 1247 2835 consessum
1270 2793 1411 2836 meorum
1433 2773 1573 2837 iudicum
1595 2774 1644 2836 vi·
1714 2780 1719 2784 '

322 2866 428 2941 deam,
455 2888 548 2950 quam
578 2866 732 2950 potuerim
755 2866 809 2947 qui
831 2872 937 2927 esseut
958 2863 1055 2926 futuri
1079 2866 1250 2947 suspicari,
1280 2865 1365 2948 apud
1388 2886 1505 2949 eosque
1527 2886 1579 2929 me
1600 2887 1643 2929 ne

322 2960 464 3042 quinque
487 2959 613 3044 quidem
635 2960 777 3031 reiectis,
800 2959 885 3041 quod
907 2959 940 3019 in
963 2958 1107 3040 proximo
1129 2977 1183 3019 reo
1200 2958 1239 3019 de
1254 2958 1377 3020 consilii
1393 2961 1550 3023 sententia
1565 2981 1643 3023 con-

321 3055 462 3117 stitutum
485 3064 548 3129 est,
570 3073 661 3136 cogas
683 3072 810 3115 causam
832 3051 872 3115 de
893 3052 1027 3114 fortunis
1049 3050 1194 3113 omnibus
1215 3050 1344 3114 diceret
1386 3047 1438 3113 ll.
1459 3055 1530 3115 Non
1546 3054 1642 3128 enim,

283 3148 347 3210 rosi
369 3156 424 3211 aut
445 3150 589 3212 Plancius
611 3148 656 3209 ita
676 3146 775 3219 vixit,
806 3154 843 3208 ut
870 3143 1045 3208 offenderet
1066 3144 1169 3206 sciens
1191 3145 1366 3218 neminem,
1394 3151 1450 3207 aut
1470 3153 1504 3208 tu
1525 3145 1569 3208 ita
1592 3166 1643 3209 er-

319 3243 410 3316 rasti,
431 3249 467 3305 ut
488 3263 542 3305 eos
565 3240 675 3304 ederes
696 3237 895 3321 imprudens,
922 3246 958 3300 ut
980 3257 1037 3299 uos
1059 3237 1156 3299 invito
1179 3246 1210 3299 te
1231 3245 1337 3299 tamen
1359 3237 1399 3300 ad
1420 3238 1551 3312 iudices,
1573 3259 1641 3301 non

320 3334 363 3396 ad
393 3333 554 3398 carnifices
585 3333 779 3407 veniremus,
811 3332 930 3395 idcirco
963 3332 1024 3392 ista
1057 3330 1153 3392 editio
1184 3350 1240 3414 per
1273 3350 1307 3392 se
1339 3351 1404 3393 non
1437 3332 1548 3394 acerba
1581 3341 1641 3394 cst.

319 3428 417 3491 xvu.
437 3432 486 3492 An
508 3448 582 3492 vero
605 3447 705 3510 nuper
726 3426 891 3489 clarissimi
913 3426 997 3488 cives
1018 3444 1133 3486 nomen
1149 3424 1265 3487 editicii
1280 3423 1395 3486 iudicis
1410 3444 1474 3487 non
1489 3424 1641 3499 tulerunt,

320 3542 390 3584 cum
419 3542 460 3584 ex
482 3542 564 3585 cxxv
593 3520 770 3594 iudicibus,
798 3519 994 3603 principibus
1016 3518 1171 3601 equestris
1194 3517 1330 3591 ordinis,
1358 3516 1499 3600 quinque
1521 3525 1553 3581 et
1574 3538 1641 3581 axx

281 3628 391 3680 atreus
421 3616 579 3691 reliceret,
613 3615 839 3699 quinquaginta
868 3611 1014 3686 referret,
1048 3612 1217 3694 omniaque
1249 3610 1354 3692 potius
1376 3612 1640 3693 permiscuerunt,

318 3729 414 3792 quam
444 3711 473 3773 ei
501 3710 564 3793 legi
586 3709 823 3792 conditionique
853 3717 1015 3790 parerent:
1046 3727 1106 3770 nos
1128 3726 1233 3788 neque
1256 3725 1296 3768 ex
1319 3704 1449 3768 delectis
1471 3705 1640 3778 iudicibus,

318 3801 374 3865 sed
402 3824 444 3866 ex
472 3805 559 3867 omni
589 3803 722 3887 populo,
752 3823 856 3884 neque
879 3802 981 3865 editos
1003 3800 1043 3864 ad
1064 3798 1286 3874 reiiciendum,
1317 3799 1373 3861 sed
1394 3799 1433 3862 ab
1455 3805 1641 3862 accusatore

318 3898 504 3960 constitutos
524 3898 646 3961 iudices
667 3897 711 3960 ita
730 3895 883 3971 feremus,
905 3903 941 3958 ut
962 3895 1121 3957 neminem
1139 3892 1345 3955 reiiciamust
1381 3888 1431 3953 42.
1453 3893 1564 3974 Neque
1580 3910 1640 3971 ego

316 4010 401 4052 nunc
422 3989 503 4072 legis
523 3991 720 4074 iniquitatem
736 4010 866 4071 queror,
888 3987 944 4051 sed
966 3987 1082 4051 factum
1104 3996 1192 4050 tuum
1218 4008 1238 4050 a
1259 3979 1414 4050 sententia
1436 3986 1515 4068 legis
1537 3985 1639 4047 doceo

279 4084 504 4165 todiscrepare,
526 4091 558 4147 ct
579 4083 657 4146 illud
680 4084 827 4147 acerbum
848 4081 1013 4154 iudicium,
1036 4081 1073 4153 si,
1095 4102 1190 4163 quem
1212 4081 1251 4143 ad
1275 4080 1401 4142 modum
1423 4086 1550 4142 senatus
1565 4099 1640 4141 cen·

317 4176 379 4238 suit
401 4176 601 4260 populusque
624 4177 730 4251 iussit,
752 4177 795 4239 ita
816 4175 962 4249 fecisses,
984 4185 1020 4238 ut
1040 4174 1114 4238 huic
1137 4182 1169 4237 et
1190 4194 1279 4237 suam
1302 4181 1334 4236 et
1355 4174 1394 4236 ab
1414 4173 1475 4236 boc
1490 4173 1640 4235 observa·

316 4276 364 4331 tas
386 4269 482 4332 tribus
505 4269 631 4344 ederes,
654 4290 717 4333 non
738 4270 832 4333 modo
855 4288 919 4331 non
942 4288 1112 4351 quererer,
1135 4268 1191 4330 sed
1205 4266 1290 4330 bunc
1308 4267 1348 4329 iis
1362 4266 1518 4329 iudicibus
1533 4265 1638 4339 editis,

318 4363 372 4445 qui
401 4362 497 4427 iidem
526 4371 622 4427 testes
645 4383 714 4427 esse
735 4370 882 4445 possent,
913 4362 1091 4424 absolutum
1114 4369 1273 4443 putarem,
1303 4380 1407 4442 neque
1430 4381 1515 4423 nunc
1536 4359 1637 4422 multo

317 4475 406 4519 secus
434 4458 591 4521 existimo.
625 4457 702 4520 (lum
732 4457 814 4519 enim
842 4455 899 4518 bas
923 4455 1023 4517 tribus
1046 4455 1190 4528 edidisti,
1221 4454 1339 4536 ignotis
1361 4461 1392 4517 te
1413 4453 1570 4516 iudicibus
1591 4455 1638 4516 uti

279 4548 409 4614 etmalle
431 4570 524 4631 quam
547 4551 629 4613 notis
652 4548 849 4613 indicavisti:
872 4547 980 4630 fugisti
996 4548 1183 4611 sententiam
1199 4547 1287 4629 legis,
1303 4547 1495 4629 aequitatem
1510 4566 1636 4609 omnem

316 4640 467 4716 reiecisti,
489 4643 522 4704 in
544 4643 681 4706 tenebris
703 4662 796 4725 quam
819 4643 852 4704 in
873 4641 943 4705 luce
966 4661 1091 4703 causam
1106 4641 1224 4703 versari
1241 4639 1389 4703 maluisti.
1432 4635 1484 4702 43.
1499 4640 1638 4703 Voltinia

318 4734 416 4798 tribus
435 4736 474 4798 ab
496 4736 557 4799 boc
577 4742 738 4818 corrupta:
768 4737 946 4799 Teretinam
968 4735 1122 4799 habuerat
1136 4736 1289 4799 venalem.
1320 4734 1405 4811 Quid
1421 4733 1539 4797 diceret
1553 4732 1637 4817 apud

381 5053 404 5102 t.
422 5051 555 5101 4444444444
570 5052 590 5101 Τ
607 5077 634 5086 -
653 5049 718 5100 lubet
734 5051 767 5100 T:
786 5050 842 5101 44444
858 5052 907 5102 EO
920 5078 948 5089 -
967 5051 1041 5115 enim]
1058 5056 1081 5101 44
1096 5050 1161 5099 mim
1177 5050 1211 5108 T;
1230 5048 1263 5100 cf.
1282 5062 1342 5113 pag.
1356 5050 1430 5111 ttt3,
1442 5050 1484 5101 28.
1499 5075 1526 5084 -
1546 5049 1569 5100 3.
1583 5050 1635 5099 04-

312 5131 409 5195 44444444
425 5142 491 5179 nos:
511 5129 625 5191 4444444444
642 5129 692 5179 CO
710 5155 737 5166 -
756 5127 780 5179 4.
798 5126 947 5178 ctustumioo
963 5126 1029 5175 TE:
1049 5125 1209 5176 0444444444
1224 5124 1253 5173 0.
1278 5123 1317 5173 Cf.
1336 5137 1362 5188 p.
1380 5125 1453 5183 4042,
1467 5123 1507 5174 tl.
1521 5149 1548 5158 —
1567 5125 1636 5174 blae-

313 5208 380 5256 cium
396 5205 433 5256 E:
451 5206 527 5256 ettam
543 5205 562 5254 Τ
581 5232 608 5241 -
626 5205 762 5255 reiceretur
777 5206 797 5255 T
815 5231 844 5242 -
862 5203 886 5253 9.
905 5201 997 5251 seditio
1013 5202 1073 5250 Τ-
1094 5202 1132 5249 44.
1150 5200 1241 5262 dtttpas
1256 5200 1315 5248 T-
1336 5199 1382 5248 te:
1393 5199 1555 5249 inexorabilis
1570 5200 1590 5249 T
1604 5225 1632 5236 -

228 5287 232 5294 '
313 5272 419 5331 c'rudetis
438 5281 502 5330 T-
521 5279 560 5329 43.
579 5278 663 5342 inscio]
685 5279 824 5337 tustscoT3
850 5278 877 5327 io
892 5277 956 5326 sicco
972 5276 992 5326 E
1008 5301 1035 5312 -
1057 5274 1096 5325 44.
1114 5275 1254 5323 amicos-rem
1269 5273 1335 5323 TE:
1360 5285 1413 5322 om.
1435 5275 1455 5322 0
1474 5299 1501 5309 -
1524 5274 1564 5322 444
1583 5273 1635 5324 444-

315 5369 375 5418 quos
399 5355 463 5404 TE:
488 5353 527 5404 ost
543 5353 638 5402 omittit
656 5354 676 5402 0
697 5378 726 5389 -
754 5352 793 5401 tt.
817 5355 880 5413 aput
902 5350 957 5414 (sic)
977 5352 1104 5400 ·-dtcers
1118 5347 1238 5398 habett
1261 5375 1287 5385 -
1305 5347 1401 5411 eosque]
1418 5360 1459 5397 eos
1476 5348 1519 5409 qui
1537 5348 1585 5398 TE
1604 5375 1631 5385 -

315 5432 355 5480 49.
374 5432 404 5480 de
422 5429 531 5492 fortunis
549 5426 660 5476 omnum
679 5438 732 5476 om.
757 5427 778 5476 Α
802 5452 828 5462 -
855 5425 912 5474 Non
931 5423 1146 5474 euim-·acerbo
1167 5429 1202 5473 est
1221 5421 1339 5473 babett
1359 5448 1385 5458 -
1410 5423 1452 5472 24.
1476 5424 1576 5472 caderes
1598 5425 1631 5484 T;

314 5507 413 5556 edsreos
428 5507 449 5556 Α
467 5531 494 5540 -
513 5503 647 5566 tspmmos
662 5501 712 5552 ΑΕ
732 5527 758 5537 -
777 5501 817 5550 22.
836 5499 932 5550 aedicto
947 5498 968 5548 T
985 5524 1010 5534 -
1029 5499 1069 5549 23.
1088 5500 1125 5549 ,44
1140 5497 1368 5550 osro--rutooot
1383 5497 1465 5547 babet
1481 5500 1501 5548 Λ
1521 5524 1548 5534 -
1567 5501 1634 5548 4444

314 5580 357 5630 tici
373 5581 406 5639 Τ;
424 5579 505 5630 editici
522 5579 559 5635 E;
578 5576 702 5627 4444444444
718 5577 739 5626 Α
758 5601 784 5609 -
803 5573 845 5625 24.
863 5573 1075 5636 4444444444Τ-
1094 5573 1133 5622 25.
1151 5586 1207 5624 reos
1223 5572 1243 5622 E
1261 5597 1288 5606 -
1305 5572 1407 5621 reiceret
1423 5573 1442 5620 T
1462 5599 1488 5608 -
1507 5572 1634 5634 qulnqua-

314 5656 385 5720 ptoto
402 5655 466 5705 TE:
485 5654 541 5702 to
561 5679 587 5689 -
607 5650 697 5700 Omnis
712 5650 857 5712 quoeT-
876 5649 919 5698 24.
937 5647 1197 5709 4444444444444Τ-
1216 5645 1389 5696 44444444Τ-
1408 5646 1450 5695 tl.
1468 5646 1634 5697 osdttorT—

314 5728 531 5780 rssciendumTE
549 5753 575 5762 -
599 5727 641 5776 28.
659 5726 793 5775 resciamus
809 5725 856 5775 TE
876 5749 903 5760 -
925 5724 966 5774 29.
985 5724 1136 5774 dscsoT-
1156 5722 1196 5773 32.
1214 5720 1394 5772 ocderssT-
1413 5722 1584 5782 quererT-
1603 5723 1635 5771 its

315 5806 349 5855 T:
367 5804 474 5853 bisE-
492 5801 650 5852 4444444Τ-
668 5799 709 5849 33.
727 5800 792 5848 44444
808 5798 957 5849 erosas:
975 5802 1045 5848 testes
1060 5797 1204 5847 lidemo-
1223 5797 1264 5847 34.
1282 5796 1424 5846 iudicavisti
1440 5796 1529 5846 ΤΕ·-
1548 5795 1635 5848 ane·

315 5880 423 5930 retinam
442 5878 506 5930 TE:
526 5876 681 5932 4444444444
696 5875 717 5927 0
735 5900 762 5909 —
780 5875 850 5937 opud
864 5872 1015 5924 uoltluteuats
1030 5876 1076 5922 444
1091 5872 1161 5934 opud
1175 5868 1439 5922 uolttutmubtrs‘buts's
1454 5871 1484 5921 T.
