3800 7350
324 1183 388 1254 800
740 1192 891 1261 ORATIO
913 1194 994 1263 PRO
1015 1197 1051 1266 l..
1072 1196 1230 1265 muco

325 1386 362 1431 ac
388 1368 544 1429 vetustate
574 1358 761 1438 defendant,
791 1385 885 1449 quem
912 1366 993 1431 baec
1022 1369 1196 1433 communis
1218 1375 1370 1457 nostrum
1383 1371 1526 1434 omnium
1546 1370 1652 1455 patria

324 1468 454 1546 propter
470 1463 628 1522 recentem
642 1459 756 1521 summi
769 1456 914 1524 beneficii
929 1460 1115 1525 memoriam
1130 1462 1297 1547 complexa
1311 1468 1431 1538 teneat,
1453 1461 1539 1527 bunc
1552 1463 1651 1527 etiam

322 1556 351 1620 si
371 1560 439 1620 tota
459 1552 533 1617 Asia
553 1552 699 1635 deposcit
718 1553 759 1617 ad
780 1554 988 1638 supplicium,
1009 1554 1195 1631 defendam,
1217 1556 1373 1621 resistam.
1411 1556 1520 1632 Quiut
1541 1557 1568 1620 ai
1593 1576 1650 1620 ne·

323 1672 386 1736 que
406 1654 472 1713 tota
492 1664 599 1730 neque
621 1645 741 1728 optima
760 1666 865 1732 neque
885 1650 1067 1734 incorrupta
1089 1669 1195 1733 neque
1217 1670 1276 1713 sua
1297 1658 1410 1734 sponte
1431 1670 1491 1714 nec
1505 1650 1575 1715 iure
1588 1669 1649 1715 nec

298 1752 407 1808 amore
433 1762 494 1806 nec
522 1759 597 1805 vere
624 1759 684 1803 nec
704 1740 853 1824 religiose
874 1761 934 1806 nec
955 1744 1095 1825 integre,
1125 1745 1153 1807 si
1174 1744 1326 1827 impulsa,
1355 1745 1383 1808 si
1409 1744 1594 1820 sollicitata,
1620 1744 1649 1809 si

319 1838 491 1911 concitata,
513 1834 541 1898 si
561 1840 686 1909 coacta,
708 1834 736 1896 si
756 1834 870 1917 impie,
893 1835 922 1898 si
944 1843 1080 1911 temere,
1103 1837 1131 1900 si
1154 1837 1285 1921 cupide,
1308 1837 1336 1901 si
1360 1838 1579 1902 inconstanter
1591 1857 1650 1904 no·

318 1952 393 1996 men
421 1950 513 1995 suum
541 1928 627 1992 misit
654 1927 687 1990 in
711 1926 773 1991 boc
800 1927 954 1993 iudicium
981 1949 1039 2014 per
1067 1930 1288 2013 egentissimos
1310 1938 1423 2006 testes,
1453 1931 1522 2013 ipsa
1542 1939 1649 1997 autem

317 2026 398 2091 nibil
419 2024 509 2109 queri
522 2041 597 2085 vcra
618 2021 658 2085 de
671 2020 796 2085 iniuriis
811 2030 932 2106 potest,
955 2030 1120 2098 tamenne,
1142 2023 1283 2098 iudices,
1305 2022 1386 2088 baec
1400 2023 1440 2088 ad
1458 2024 1554 2089 breve
1569 2032 1649 2089 tem·

318 2141 377 2204 pus
399 2118 506 2183 audita
526 2114 692 2199 longinqui
713 2115 864 2199 temporis
885 2116 1084 2199 cognitarum
1106 2136 1212 2180 rerum
1234 2117 1331 2181 tidem
1352 2116 1573 2201 derogabant?

280 2226 310 2272 tc
402 2210 531 2275 Tenebo
552 2210 646 2292 igitur
666 2207 751 2272 hamc
772 2208 915 2272 ordinem
936 2208 1103 2285 defensor,
1136 2230 1233 2295 quem
1253 2209 1334 2293 fugit
1355 2211 1518 2285 inimicus,
1541 2219 1576 2275 ot
1594 2230 1648 2275 ac·

318 2313 495 2371 cusatorem
515 2302 636 2386 urgebo
657 2309 752 2385 atque
773 2304 924 2386 insequar
946 2311 978 2366 et
998 2303 1081 2367 ultro
1098 2304 1219 2368 crimen
1235 2305 1275 2367 ab
1291 2304 1473 2370 adversario
1487 2304 1647 2388 flagitabo.

318 2401 404 2478 Quid
426 2407 490 2475 cst,
511 2396 621 2460 Laelii
648 2396 809 2480 Numquid
832 2414 869 2458 ea
891 2396 1084 2461 d..d..ea
1107 2397 1301 2462 ..imnol
1331 2399 1387 2482 qui
1410 2399 1558 2483 equidem
1580 2419 1647 2462 non

315 2495 348 2557 in
369 2494 479 2557 umbra
501 2510 606 2576 neque
627 2491 660 2553 in
681 2489 768 2552 illius
790 2490 902 2553 aetatis
925 2490 1102 2574 disciplinis
1120 2494 1306 2575 artibusque
1321 2500 1467 2557 versatus
1483 2501 1541 2557 ast.
1572 2494 1647 2557 Ete-

315 2590 381 2652 nim
411 2606 488 2671 pucr
512 2606 582 2649 cum
610 2592 699 2667 patre
729 2583 860 2647 consule
881 2584 922 2646 ad
942 2585 1063 2649 bellum
1085 2593 1134 2650 cst
1154 2585 1326 2669 profectus.
1371 2587 1528 2651 Nimirum
1550 2588 1648 2651 etiam

279 2684 376 2747 ttboc
396 2683 466 2766 ipso
487 2679 615 2744 nomine
636 2677 759 2761 aliquid
781 2677 907 2742 ..iesus
930 2675 1012 2715 ‘⁸‘

572 2820 766 2883 Fnsosrnrrra
788 2838 808 2881 a
832 2819 1032 2884 Scaonmsrs
1053 2822 1203 2886 Bosmrst
1226 2843 1377 2887 servare.

399 2945 461 3009 Sed
484 2944 511 3008 si
533 2963 637 3028 neque
659 2941 752 3006 Asiae
775 2941 917 3005 luxuries
939 2941 1190 3008 infirmissimum
1214 2950 1338 3027 tempus
1353 2944 1465 3009 aetatis
1483 2946 1581 3027 potuit
1595 2965 1647 3008 co-

315 3044 426 3125 loptotc
447 3055 638 3119 corrumpere
660 3035 678 3070 *
692 3033 710 3071 *
725 3036 743 3070 *

397 3137 448 3198 Ex
468 3133 530 3196 hoc
550 3130 661 3194 aetatis
683 3132 781 3213 gradu
804 3151 838 3195 se
860 3132 900 3195 ad
923 3133 1097 3196 exercitum
1121 3132 1155 3196 C.
1177 3133 1282 3197 Flacci
1305 3133 1410 3216 patrui
1433 3132 1577 3196 contulit.

275 3248 306 3297 ao
398 3229 557 3291 Tribunus
587 3223 730 3288 militaris
759 3244 831 3289 cum
860 3227 894 3289 P.
918 3226 1053 3289 Servilio
1081 3227 1267 3309 gravissimo
1296 3232 1328 3290 et
1355 3227 1555 3291 sanctissimo
1576 3226 1646 3291 cive

337 3324 486 3389 rofectus.

314 3347 336 3409 p
399 3417 542 3493 Quorum
565 3412 766 3497 amplissimis
788 3414 915 3478 iudiciis
938 3406 1068 3479 ornatus
1091 3422 1242 3499 quaestor
1262 3414 1363 3480 lactus
1385 3424 1442 3481 est.

397 3514 438 3575 ld.
453 3510 586 3584 Pisone,
609 3507 663 3590 qui
680 3528 856 3591 cognomen
872 3507 1079 3591 frugalitatis,
1098 3508 1161 3571 nisi
1175 3510 1359 3592 accepisset,
1373 3509 1442 3594 ipse
1456 3507 1644 3594 peperisset.

396 3604 484 3669 Idem
504 3623 622 3667 novum
643 3601 763 3665 bellum
785 3603 926 3686 suscepit
946 3611 1042 3687 atque
1065 3601 1212 3666 confecit.

274 3718 319 3770 so
395 3703 467 3765 Non
488 3698 583 3762 Asiae
603 3697 754 3772 testibus,
778 3696 835 3760 sed
856 3697 1092 3783 accusatoribus
1116 3696 1395 3761 contubernalibus
1410 3695 1543 3761 traditus
1559 3694 1577 3729 *
1592 3697 1608 3729 s
1624 3696 1643 3726 ⁴*

395 3851 449 3914 111.
472 3847 502 3912 6.
523 3848 616 3912 llrsnc
644 3845 740 3929 igitur
761 3846 879 3920 virum,
909 3845 1014 3922 Laeli,
1045 3846 1163 3930 quibus
1187 3846 1313 3910 tandem
1335 3846 1430 3911 rebus
1452 3849 1643 3931 oppugnas?

311 3946 382 4011 Fuit
408 3946 442 4007 P.
465 3941 601 4007 Servilio
629 3941 821 4023 imperatore
848 3940 882 4002 in
906 3939 1014 4003 Cilicia
1035 3941 1181 4004 tribunus
1205 3941 1358 4004 militum:
1388 3961 1427 4004 ca
1446 3960 1498 4004 res
1520 3941 1642 4004 siletur.

310 4039 382 4103 Fuit
402 4040 445 4102 M.
466 4037 573 4100 Pisoni
595 4040 747 4119 quaestor
767 4035 800 4097 in
822 4033 993 4117 Hispania:
1015 4055 1078 4098 vox
1099 4034 1139 4097 dc
1163 4042 1333 4119 quaestura
1354 4035 1451 4099 missa
1472 4034 1560 4098 nulla
1582 4043 1641 4098 est.

310 4133 432 4198 Bellum
456 4132 604 4195 Cretense
627 4148 668 4191 cx
690 4147 803 4211 magna
830 4134 920 4210 parte
942 4128 1041 4210 gessit
1061 4137 1157 4212 atquc
1179 4147 1243 4191 una
1265 4149 1338 4192 cum
1360 4149 1482 4192 summo
1505 4128 1642 4210 impora-
1729 4152 1734 4159 ·

271 4239 377 4296 totore
400 4225 569 4290 sustinuit:
592 4230 679 4287 muta
700 4228 749 4285 cst
768 4220 863 4285 huius
884 4222 1036 4305 temporis
1049 4222 1219 4285 accusatio.
1251 4223 1421 4286 Praeturae
1436 4222 1514 4285 iuris
1530 4219 1641 4294 dictio,

309 4342 360 4386 res
388 4320 474 4384 varia
502 4327 535 4381 ct
554 4316 724 4401 multiplex
746 4315 785 4379 ad
807 4315 1006 4400 suspiciones
1028 4324 1060 4379 et
1079 4309 1272 4390 simultates,
1302 4335 1367 4379 non
1389 4315 1563 4398 attingitur.
1600 4313 1642 4376 tu

308 4434 384 4482 raro
406 4414 440 4476 in
462 4431 586 4477 summo
609 4417 640 4474 ct
661 4409 931 4492 periculosissimo
953 4409 999 4472 rei
1019 4407 1165 4492 publicae
1181 4416 1322 4492 tempore
1338 4409 1433 4473 etiam
1447 4408 1487 4470 ab
1501 4406 1641 4470 inimicis

309 4508 420 4574 eadem
447 4512 594 4591 practura
623 4504 780 4568 laudatur.
824 4504 866 4565 At
894 4521 913 4566 a
942 4501 1076 4565 testibus
1106 4501 1251 4565 laeditur.
1294 4505 1375 4566 Ante
1404 4522 1501 4587 quam
1529 4501 1642 4565 dicoa

309 4601 440 4687 quibus,
463 4618 526 4682 qua
548 4620 624 4681 spe,
646 4617 709 4682 qua
730 4599 777 4671 vi,
800 4617 863 4679 qua
888 4616 922 4659 re
944 4595 1127 4670 concitatis,
1151 4615 1215 4679 qua
1236 4596 1380 4672 levitate,
1403 4616 1469 4681 qua
1490 4600 1640 4679 egestate,

269 4717 299 4764 aa
310 4716 373 4781 qua
394 4693 544 4778 perfidia,
567 4712 631 4775 qua
652 4691 785 4756 audacia
805 4690 972 4773 praeditis,
995 4689 1096 4752 dicam
1111 4688 1151 4751 de
1166 4708 1282 4771 genere
1297 4691 1446 4754 universo
1462 4697 1494 4752 ct
1510 4688 1549 4752 de
1564 4707 1641 4751 con·

309 4791 432 4854 ditione
455 4788 595 4852 omnium
617 4794 771 4849 nostrum.
808 4786 870 4847 Per
890 4784 967 4846 deos
988 4782 1199 4846 immortalest
1222 4781 1361 4858 iudices,
1383 4802 1440 4846 vos
1464 4801 1529 4865 quo
1544 4778 1639 4843 modo

307 4886 352 4962 is,
382 4885 436 4970 qui
460 4901 544 4947 anno
567 4887 639 4944 ante
660 4880 780 4942 Romae
802 4879 852 4941 ius
874 4878 1016 4952 dixerat,
1046 4895 1130 4939 anno
1151 4882 1224 4960 post
1245 4875 1279 4938 in
1300 4876 1445 4940 Asinius
1467 4874 1598 4949 dixerit,
1621 4892 1640 4937 a

371 5080 397 5132 l.
415 5091 494 5142 oeque
509 5077 605 5140 optim
620 5087 699 5137 aequa
714 5075 863 5136 imcrrupto
879 5075 1034 5136 Peyronus:
1061 5083 1140 5133 oeque
1156 5071 1354 5133 optassemus
1369 5070 1527 5133 lacernatos
1543 5069 1563 5120 C
1581 5068 1639 5130 (sed

305 5171 366 5209 rex
382 5167 451 5205 voce
468 5153 573 5216 cottam
588 5152 720 5215 expuncta
741 5152 783 5200 cst
806 5151 833 5199 et
853 5150 992 5211 Peyronus
1009 5147 1035 5196 in
1053 5149 1189 5210 postrema
1206 5159 1272 5197 voce
1290 5143 1421 5209 syllabam
1438 5158 1465 5195 oa
1481 5157 1534 5195 nou
1550 5142 1638 5206 vidit);

304 5245 383 5296 acqua
399 5230 490 5293 optime
505 5239 585 5288 saque
600 5225 744 5286 incorrupte
761 5224 853 5275 Maius.
874 5249 902 5260 -
928 5223 954 5273 5.
971 5221 1072 5284 torpeus
1089 5223 1108 5272 C
1128 5248 1156 5257 —
1179 5222 1204 5271 6.
1225 5222 1300 5284 lewis
1316 5219 1443 5272 orellius:
1469 5220 1549 5282 tarpio
1569 5219 1589 5269 C
1608 5245 1637 5255 -

306 5309 330 5359 8.
349 5306 438 5370 quaeri
455 5305 475 5355 C
490 5327 518 5340 —
538 5302 578 5352 ta.
597 5301 719 5362 numquid
735 5312 766 5349 eo
778 5335 785 5348 .
798 5337 804 5348 .
816 5335 822 5347 .
835 5336 841 5347 .
854 5310 912 5347 voe
925 5334 930 5347 .
943 5333 949 5345 .
962 5334 968 5346 .
981 5294 1060 5345 dieb?
1077 5297 1119 5358 qao·
1136 5296 1220 5347 Maius
1238 5299 1383 5358 (umquam
1396 5308 1411 5345 e
1423 5294 1540 5357 codice);
1557 5294 1639 5343 Naan-

305 5384 366 5448 qoid
381 5379 573 5431 odotucastioos
587 5377 616 5426 l..
634 5376 719 5426 Flacci
734 5373 849 5425 ootortt?
865 5373 909 5435 qut
926 5384 989 5423 cum
1006 5372 1099 5420 Beiero
1117 5371 1138 5420 0
1157 5397 1184 5406 -
1207 5371 1328 5434 equum]
1350 5370 1449 5432 pamm
1466 5382 1528 5420 cum
1544 5368 1639 5418 Beiero

305 5459 335 5510 0.
357 5455 396 5508 Cl.
414 5455 502 5518 Reisig
518 5454 574 5504 lot.
587 5451 717 5512 Sprocltw.
737 5463 763 5514 p.
776 5449 834 5500 262.
846 5476 880 5485 —
897 5448 938 5496 ⁴5.
957 5445 1056 5507 αὶὶᾳιιω
1066 5446 1127 5507 quio
1140 5445 1452 5508 sarpieosedua'poterot,
1470 5441 1640 5492 maresuan

305 5544 367 5583 cum
384 5531 478 5582 Betero
495 5528 516 5578 0
534 5553 562 5564 -
586 5526 627 5575 ⁴7.
645 5524 777 5575 lucurtoes
797 5525 816 5573 B
840 5549 867 5559 —
895 5521 985 5573 Verba
1003 5522 1085 5584 potuit
1104 5521 1231 5584 voluptate
1246 5534 1408 5583 commovere
1423 5517 1606 5583 supplevimus
1621 5528 1638 5566 e

305 5603 465 5657 scholiastae
482 5601 709 5666 interpretatione.
724 5626 751 5636 —
771 5599 812 5650 il.
825 5599 908 5649 ansb
919 5598 937 5647 S
950 5622 978 5634 -
996 5596 1106 5646 andos
1120 5620 1147 5632 —
1166 5596 1207 5647 28.
1222 5596 1300 5646 muso
1314 5594 1387 5645 nullo
1402 5595 1462 5644 sl:
1480 5591 1639 5643 autumo

305 5681 402 5733 AFL⁰
421 5705 448 5716 -
468 5677 509 5729 34.
528 5677 560 5728 At
574 5675 779 5726 ocro--eodem
793 5677 917 5736 praetera
932 5672 1054 5721 budam
1070 5670 1160 5721 PST:
1178 5684 1209 5721 eo
1224 5666 1638 5729 oero·-toodatwtom.aodem

301 5754 434 5820 prastraeo)
456 5764 518 5804 cum
535 5764 583 5802 sex
600 5748 679 5802 codd.
699 5749 805 5812 Legem.
824 5748 875 5798 ΛΟ
899 5775 926 5784 -
948 5745 991 5798 32.
1008 5745 1184 5795 lubomir
1200 5757 1263 5795 cum
1280 5757 1328 5794 sex
1344 5742 1422 5794 codd.
1440 5744 1549 5805 Lagom.
1567 5744 1590 5791 Α
1607 5765 1635 5775 -

305 5832 346 5884 33.
363 5832 395 5883 At
410 5843 429 5880 o
444 5828 544 5880 mutes
559 5827 669 5877 ΜΝ
685 5823 767 5875 babet
782 5824 802 5874 B
822 5850 849 5859 -
868 5821 909 5874 3t.
927 5835 980 5886 qao
994 5821 1021 5871 ot
1037 5833 1091 5870 om.
1110 5821 1138 5871 F.
1164 5819 1269 5872 scilicet
1283 5819 1353 5870 heac
1369 5817 1451 5870 verba
1468 5830 1530 5869 cum
1548 5816 1574 5866 in
1592 5812 1637 5866 eli·

306 5909 373 5971 quot
388 5903 467 5957 codd.
485 5902 614 5955 abiissent
629 5902 657 5954 ln
672 5911 761 5965 qaum
780 5895 875 5950 exinde
893 5911 909 5949 a
926 5895 1016 5950 multis
1032 5894 1146 5950 librariis
1162 5896 1262 5949 omissa
1278 5897 1348 5948 sunt.
1368 5922 1396 5933 -
1414 5893 1514 5946 laeuus
1529 5892 1558 5943 T.
