3800 7350
627 1260 700 1325 cn.
722 1258 1027 1324 xxm-xxvm.
1055 1254 1113 1341 ss.
1134 1254 1281 1322 ra-n.
1551 1242 1614 1314 ma

288 1453 323 1497 se
344 1431 442 1496 exilio
462 1450 565 1515 paene
587 1430 741 1493 multavit.
783 1428 914 1492 XXVII.
937 1429 972 1490 In
991 1427 1052 1491 boc
1067 1448 1125 1491 vos
1139 1428 1278 1512 pudore,
1300 1427 1437 1502 iudIces,
1460 1434 1491 1489 et
1505 1427 1538 1490 in
1554 1426 1613 1489 bac

288 1527 353 1592 rita
381 1533 469 1589 tanto
498 1523 610 1588 sceleri
640 1522 745 1586 locum
773 1522 874 1587 inisse
901 1522 1051 1586 creditis?
1083 1522 1244 1605 Adspicite
1266 1523 1387 1607 ipsum,
1420 1517 1613 1585 contuemini

286 1641 337 1695 os,
360 1618 499 1683 conferte
522 1618 640 1681 crimen
663 1635 735 1678 oum
757 1618 837 1689 vita3
859 1616 954 1680 vitam
977 1616 1017 1679 ab
1039 1616 1131 1679 initio
1156 1636 1259 1699 usqne
1280 1617 1320 1680 ad
1341 1616 1403 1678 boc
1417 1623 1544 1697 tempus
1559 1631 1615 1674 ex·

285 1714 434 1799 plicatam
456 1732 528 1776 eum
551 1709 683 1774 crimme
705 1711 933 1792 recognoscite.
977 1707 1028 1771 75.
1051 1710 1142 1772 blitto
1164 1728 1230 1771 rem
1252 1709 1426 1792 publicam,
1452 1728 1534 1794 qnae
1553 1704 1615 1769 fuit

285 1827 412 1890 semper
434 1805 542 1869 Sullae
564 1804 741 1868 carissima:
762 1802 864 1867 hosne
886 1804 1021 1877 amicos,
1043 1804 1123 1865 tales
1137 1804 1231 1877 viros,
1253 1810 1316 1865 tam
1331 1803 1460 1888 cupidos
1475 1802 1535 1875 sui,
1557 1810 1637 1883 pert

285 1919 368 1983 quos
390 1920 440 1962 res
462 1899 530 1961 eins
552 1896 712 1961 secundae
735 1898 895 1980 qnondam
916 1905 1007 1959 erant
1022 1902 1165 1971 ornatae,
1187 1916 1271 1959 nune
1286 1897 1491 1960 sublevantur
1504 1895 1615 1957 adver·

286 2014 358 2068 sae,
389 1991 609 2056 crudelissime
630 1992 734 2074 perire
757 1991 874 2065 uoluit,
904 1998 939 2053 ut
961 2011 1032 2054 cum
1055 1990 1191 2053 Lentulo
1214 1998 1246 2053 et
1268 1989 1401 2053 Catilina
1422 1998 1454 2053 et
1476 1989 1615 2070 Cethego

284 2086 500 2152 ioedIssimam
522 2086 617 2149 vitam
640 2105 677 2147 ao
699 2086 924 2159 miserrimam,
946 2084 1128 2168 turpissima
1146 2093 1245 2148 morte
1261 2086 1442 2166 proposita,
1464 2082 1614 2164 degeret?

284 2183 374 2254 Non,
396 2179 545 2260 inquam,
568 2178 651 2241 cadit
672 2178 706 2241 in
728 2178 787 2241 bos
808 2199 927 2252 mores,
949 2198 1014 2241 non
1036 2179 1071 2240 in
1091 2177 1176 2240 bunc
1198 2177 1370 2261 pudorem,
1392 2197 1456 2239 non
1477 2176 1511 2238 in
1531 2175 1614 2237 banc

286 2278 400 2350 ritum,
423 2293 488 2336 non
511 2274 544 2335 in
566 2271 650 2335 hune
671 2274 831 2336 bominem
853 2273 914 2335 ista
936 2272 1086 2354 suspicio.
1115 2272 1372 2355 Novaquaedam
1393 2270 1449 2334 illa
1470 2267 1651 2333 immani-to

285 2376 334 2431 tas
364 2375 476 2431 exorta
507 2373 573 2440 est;
603 2365 799 2428 incredibilis
821 2364 883 2428 l'uit
903 2383 940 2428 ac
962 2364 1258 2455 singularisiuror3
1284 2385 1325 2428 ex
1346 2364 1455 2428 multis
1476 2364 1515 2426 ab
1537 2360 1615 2426 ado-

285 2461 437 2526 lescentia
459 2458 599 2522 collectis
620 2459 817 2542 perditorum
838 2458 1001 2522 bominum
1014 2457 1101 2521 vitiis
1121 2465 1253 2541 repente
1273 2460 1334 2522 ista
1355 2465 1442 2521 unta
1461 2457 1615 2541 importu-

285 2558 368 2619 nitas
400 2553 536 2617 inauditi
559 2553 689 2615 sceleris
712 2554 840 2616 exarsit.
882 2548 932 2613 76.
957 2552 1080 2626 Nolite,
1108 2552 1248 2628 iudices,
1270 2551 1429 2625 arbitrari,
1451 2549 1615 2613 bominum

285 2651 375 2716 illum
396 2649 550 2731 impetum
574 2654 606 2709 et
628 2654 776 2709 conatum
798 2645 895 2708 fuisse
916 2678 958 2693 -
979 2665 1083 2728 neque
1106 2646 1191 2708 enim
1212 2645 1279 2708 ulla
1300 2663 1377 2728 gens
1397 2650 1462 2706 tam
1483 2643 1615 2706 barbara

285 2752 341 2807 aut
367 2748 430 2806 tam
460 2739 608 2803 immanis
638 2758 788 2822 umquam
818 2738 893 2812 fuit,
923 2738 956 2801 in
985 2759 1049 2822 qua
1071 2758 1135 2802 non
1157 2740 1251 2803 modo
1273 2748 1339 2813 tot,
1368 2737 1529 2801 sedunus
1551 2744 1653 2801 umas

285 2835 423 2900 crudelis
444 2832 546 2896 bostis
569 2832 688 2914 patriae
713 2833 754 2893 sit
775 2832 922 2895 inventus
936 2855 996 2894 -ε
1017 2832 1131 2895 beluae
1148 2834 1303 2915 quaedam
1318 2832 1393 2895 illae
1407 2851 1448 2895 ex
1462 2832 1616 2915 portentis

285 2931 439 2992 immanes
460 2945 497 2989 ac
519 2924 623 2998 serae,
646 2924 748 2987 forma
762 2925 928 2988 bomInum
943 2924 1090 3001 indutae,
1114 2925 1312 2989 exstiterunt.
1333 2926 1506 3009 Perspicite
1520 2927 1615 2989 etiam

284 3029 380 3106 atque
403 3020 515 3093 etiam,
544 3018 685 3093 iudices,
707 3050 749 3065 -
770 3019 848 3081 nibil
870 3019 955 3081 enim
978 3025 1046 3093 est,
1070 3020 1157 3103 quod
1178 3021 1212 3083 in
1233 3020 1293 3083 bac
1315 3038 1409 3084 causa
1430 3021 1494 3083 dici
1515 3018 1617 3103 possit

285 3113 502 3181 vehementius
524 3134 588 3173 —t
616 3113 741 3195 penitus
763 3112 960 3195 introspicite
984 3113 1153 3186 Catilinae,
1180 3115 1343 3188 turnonii,
1366 3113 1512 3194 Cethegi,
1533 3112 1616 3175 Len·

285 3209 361 3284 tuli,
383 3215 625 3289 ceterorumque
647 3214 785 3268 mentes:
808 3227 888 3290 quas
907 3227 965 3269 voa
981 3208 1014 3269 in
1028 3207 1078 3270 bis
1095 3207 1260 3281 libidines,
1284 3227 1367 3291 quae
1381 3208 1513 3291 flagitia,
1536 3220 1653 3288 quasso

285 3302 517 3387 turpitudines,
547 3309 681 3383 quantas
713 3300 878 3375 audacias,
908 3320 1003 3384 quam
1034 3300 1234 3363 incredibiles
1256 3300 1395 3375 furores,
1424 3320 1504 3384 quas
1524 3307 1616 3363 notas

284 3395 476 3470 facinorum,
511 3413 594 3478 quae
617 3394 734 3457 indicia
755 3394 1016 3477 parricidiorum,
1038 3404 1174 3479 quantos
1195 3413 1327 3457 acervos
1348 3396 1504 3459 scelerum
1524 3411 1616 3475 repe-

284 3490 389 3553 rietis!
411 3490 461 3551 Ex
483 3488 605 3571 magnis
628 3495 659 3550 et
682 3488 838 3551 dinturnis
861 3496 893 3550 et
913 3489 977 3550 iam
991 3487 1168 3570 desperatis
1190 3488 1237 3550 rei
1259 3489 1405 3574 publicae
1424 3486 1542 3552 morbis
1555 3488 1616 3549 ista

283 3589 415 3667 repente
435 3582 484 3645 ris
506 3581 624 3665 erupit,
647 3589 682 3645 ut
704 3602 741 3645 ea
762 3581 905 3645 coniecta
928 3591 960 3644 et
974 3581 1075 3645 eiecta
1089 3582 1311 3646 convalescere
1326 3582 1500 3666 aliqnando
1520 3587 1553 3644 et
1566 3599 1616 3644 sa·

284 3679 351 3742 nari
374 3678 485 3742 civitas
506 3684 631 3761 posset;
655 3697 759 3760 neque
775 3677 859 3740 enim
874 3684 923 3739 est
936 3677 1105 3759 qnisquam
1121 3677 1175 3759 qni
1198 3677 1386 3751 arbitretur,
1406 3677 1470 3741 illis
1483 3672 1654 3738 inclusisse

284 3773 318 3834 in
346 3791 380 3834 re
409 3770 537 3860 publica
563 3770 706 3852 pestibus
738 3769 859 3833 diutius
880 3770 960 3833 baec
981 3778 1065 3833 stara
1086 3772 1239 3852 potuisse.
1277 3772 1388 3856 ltaque
1411 3788 1552 3835 coenon
1574 3768 1614 3832 ad

283 3863 509 3951 perficiendum
530 3863 653 3937 scelus,
682 3864 738 3927 sed
761 3864 800 3928 ad
823 3864 955 3927 luendas
978 3863 1024 3927 rei
1051 3864 1199 3946 publicae
1225 3883 1346 3948 poenas
1373 3865 1487 3928 Furiae
1518 3882 1615 3947 quae-

284 3959 357 4022 dam
377 3957 596 4021 iucitaverunt.
639 3959 786 4020 XXVIII.
808 3955 859 4021 77.
882 3958 919 4019 ln
939 3959 1025 4021 bunc
1047 3957 1143 4040 igitur
1163 3977 1291 4041 gregem
1310 3978 1367 4022 vos
1388 3977 1473 4023 nunc
1494 3959 1527 4019 Β.
1544 3955 1616 4019 Sul-

283 4052 364 4126 lam,
387 4051 528 4125 iudices,
551 4073 592 4114 ex
613 4052 683 4126 bis,
706 4053 762 4136 qui
777 4074 848 4116 cum
862 4051 923 4115 boc
936 4052 1047 4114 vivunt
1061 4059 1115 4114 aut
1129 4051 1296 4127 vixenmt,
1317 4052 1613 4118 honestissimorum

349 4446 373 4494 4.
388 4456 485 4506 poenae
500 4444 520 4492 T
540 4469 566 4478 -
584 4442 678 4491 iudces
693 4442 768 4504 Bu),
788 4442 798 4489 4
819 4442 900 4492 Oxou.
918 4444 945 4492 et
962 4442 1021 4493 cod.
1040 4444 1223 4507 Victorianus,
1241 4446 1272 4496 ut
1282 4447 1410 4497 Graevius
1428 4446 1552 4497 coniecit:
1572 4448 1614 4496 iu-

282 4522 343 4571 dicii
358 4520 419 4578 ΤΒ,
437 4530 518 4583 wem
535 4517 677 4568 lectionem
695 4517 813 4567 defendit
829 4517 976 4579 Seyffertus
993 4530 1020 4581 p.
1039 4517 1071 4569 38
1088 4518 1239 4581 explicans:
1258 4517 1327 4570 Sulla
1346 4532 1398 4571 non
1416 4521 1509 4571 inertia
1527 4534 1615 4586 neque

283 4595 386 4660 ignavia
403 4593 520 4657 quadam
545 4595 591 4643 aut
611 4594 769 4643 necessItate
792 4590 857 4648 ulla,
884 4591 933 4641 sed
949 4593 1042 4642 tudtcto
1059 4593 1143 4657 petrin
1160 4594 1258 4654 ceruit,
1285 4591 1344 4644 coll.
1363 4595 1417 4646 Cic.
1437 4593 1472 4645 de
1490 4595 1560 4645 Orat.
1579 4596 1613 4652 ll,

283 4670 347 4734 5⁴⁰
365 4672 393 4719 et
408 4669 475 4731 Nep.
494 4671 546 4718 att.
566 4669 608 4728 to,
628 4667 652 4717 ³.
671 4694 704 4705 -
720 4668 745 4717 Β.
764 4667 867 4728 captato
882 4667 902 4716 Τ
919 4693 946 4701 -
965 4667 1173 4729 ipasm1bunclt
1191 4691 1219 4703 -
1238 4669 1368 4718 tatuemtat
1384 4670 1403 4719 B
1422 4695 1449 4705 -
1477 4669 1501 4719 3.
1520 4671 1556 4732 os]
1572 4670 1616 4720 bos

281 4744 329 4795 ΤΒ
349 4770 376 4779 -
394 4742 509 4804 conterre
524 4743 544 4791 T
561 4766 588 4776 —
608 4743 702 4790 crimen
718 4753 775 4790 casn
790 4741 861 4790 olto:
883 4741 963 4790 uitam
984 4742 1017 4791 ab
1038 4743 1110 4792 tauto
1129 4755 1208 4804 usque
1230 4744 1264 4792 od
1283 4744 1329 4793 boc
1351 4748 1446 4807 term
1461 4746 1615 4808 acpttcctom

280 4831 339 4868 cum
354 4816 459 4866 cantas
473 4816 584 4878 recogn]
601 4816 640 4864 sio
658 4815 709 4865 Eri.
723 4817 750 4865 et
767 4817 795 4874 Τ,
813 4815 862 4865 nisi
880 4817 952 4880 quod
970 4817 996 4867 in
1014 4818 1066 4869 Eri.
1078 4832 1156 4880 usqae
1172 4831 1225 4868 non
1243 4819 1323 4870 luisse
1336 4817 1461 4880 tradItur,
1480 4820 1552 4884 quod
1564 4833 1613 4883 ego

282 4907 314 4943 er
331 4888 468 4941 Taddldl:
486 4890 581 4939 oriem
597 4904 654 4939 mam
670 4891 723 4940 otta
739 4890 771 4939 ob
787 4891 858 4940 initio
874 4892 909 4940 ad
925 4892 971 4942 boc
987 4899 1082 4955 tempus
1099 4892 1226 4955 aeplicoto
1242 4907 1299 4942 man
1314 4894 1387 4943 cmm.
1400 4908 1499 4958 recogn.
1512 4896 1546 4955 B,
1564 4896 1615 4944 cn·-

282 4980 338 5016 men
353 4978 412 5014 cam
426 4964 481 5013 otta
497 4977 575 5025 suque
591 4967 626 5014 od
642 4966 687 5014 boc
704 4970 799 5027 tempos
814 4965 943 5026 capttccta
959 4980 1017 5015 arm
1033 4967 1105 5015 crim
1123 4980 1173 5015 rec.
1192 4968 1209 5016 S
1227 4969 1254 5017 et
1264 4967 1343 5018 codd.
1357 4968 1421 5019 dett.
1435 4994 1462 5005 -
1481 4968 1506 5019 l.
1519 4983 1615 5032 emper

279 5041 328 5103 tait
344 5040 371 5089 S.
391 5039 426 5096 Β;
444 5038 493 5100 fult
510 5039 536 5087 S.
555 5051 650 5100 suaper
667 5041 683 5089 S
702 5064 730 5075 -
750 5040 773 5090 o.
793 5044 899 5089 ornatae
916 5041 985 5091 Mon.
1000 5038 1147 5091 electoralis
1159 5040 1238 5091 eted.
1252 5040 1330 5091 itta:
1348 5043 1481 5094 ordlactoe
1496 5046 1571 5096 ‘llis
1585 5073 1611 5082 —

280 5118 305 5166 8.
323 5114 493 5177 [ωάὁαίωαω
510 5114 529 5162 Τ
546 5139 573 5148 -
594 5114 618 5163 9.
636 5115 808 5175 coniugatam
826 5115 894 5163 cudit
910 5115 969 5173 I'S,
993 5116 1093 5165 Oxonn.
1113 5127 1220 5165 omues:
1247 5130 1297 5165 noo
1313 5118 1394 5180 cudit,
1412 5133 1475 5183 uon,
1493 5121 1612 5184 inquom,

280 5191 349 5240 cadit
365 5191 440 5240 Pero.
458 5188 553 5239 bamb.
573 5193 600 5238 et
616 5190 645 5239 0.
671 5192 705 5239 at
722 5204 746 5239 v.
766 5189 846 5252 Scyll.
866 5202 892 5254 p.
911 5188 943 5239 tl
961 5192 1018 5252 (noa
1035 5191 1103 5239 cadit
1118 5191 1146 5238 ia
1162 5190 1205 5239 bos
1221 5191 1302 5253 based
1318 5192 1346 5253 Β)
1366 5218 1394 5229 -
1419 5195 1459 5244 to.
1478 5197 1537 5262 teto]
1553 5197 1614 5246 boec

280 5266 300 5315 B
321 5291 348 5301 -
367 5264 505 5313 mmmdcc
521 5264 556 5324 T,
575 5264 603 5312 et
618 5265 657 5313 sle
675 5263 741 5314 intra
759 5265 786 5314 in
802 5265 854 5314 boo
870 5262 955 5313 verbo
973 5266 1000 5314 et
1015 5265 1041 5314 in
1060 5266 1187 5328 cognatis.
1206 5291 1234 5301 -
1263 5267 1303 5316 44.
1320 5268 1395 5330 Μ
1410 5283 1443 5320 ac
1458 5272 1549 5335 cingat
1566 5272 1615 5335 {tait

164 5396 168 5404 ι
280 5339 300 5389 B
319 5364 346 5374 -
366 5339 407 5390 ti.
423 5338 514 5401 perdit.
532 5338 597 5387 bom.
616 5338 722 5388 collectis
738 5339 757 5387 B
777 5364 805 5375 -
823 5340 873 5388 isto
889 5344 963 5388 tosto
979 5340 1039 5398 IS,
1059 5341 1102 5390 ed.
1122 5340 1203 5392 lita:
1229 5346 1302 5391 muto
1318 5343 1368 5392 lato
1384 5344 1433 5394 ΒΟ
1453 5372 1479 5381 -
1497 5347 1614 5409 taiportu-

281 5413 348 5464 atas
363 5413 397 5473 ‘I3
423 5412 569 5462 immunitos
589 5413 801 5475 ImportunitusB
821 5438 848 5448 -
874 5413 914 5463 43.
934 5414 1097 5464 arbitroral'
1120 5415 1208 5477 (naida
1224 5416 1305 5478 inqaelt
1321 5418 1445 5468 arbitrari
1461 5421 1513 5470 iud.
1531 5417 1563 5482 Β]
1583 5448 1610 5456 -

282 5490 323 5539 td.
341 5489 383 5537 aad
399 5500 444 5536 nec
459 5501 525 5537 onus
541 5487 647 5536 maelis
664 5488 682 5536 Β
701 5512 729 5523 -
755 5488 795 5538 46.
811 5489 914 5550 patrios
930 5502 984 5539 om.
1003 5491 1022 5539 Β
1042 5515 1070 5526 -
1088 5489 1173 5540 babae
1189 5491 1277 5542 TBS:
1302 5491 1434 5544 mdoueo
1453 5520 1481 5531 -
1500 5495 1540 5544 t'l.
1557 5495 1614 5556 sor-

280 5576 336 5613 mas
352 5564 374 5613 Β
391 5588 418 5597 -
437 5563 573 5612 ostiumst
589 5563 622 5620 Τ;
639 5561 742 5624 [meant
757 5563 777 5612 B
790 5588 819 5600 -
839 5564 879 5614 48.
892 5563 993 5628 iudica}
1010 5564 1130 5615 ramula
1149 5563 1188 5615 Ci.
1203 5564 1237 5614 ad
1256 5577 1282 5628 p.
1294 5563 1352 5625 754,
1366 5566 1406 5616 lo.
1421 5592 1448 5603 -
1465 5569 1612 5629 poaritllt‘l)

281 5642 310 5690 ct
325 5637 369 5689 ed.
388 5641 498 5689 ascens.
518 5638 595 5688 tels:
610 5642 693 5700 posset
709 5638 757 5688 ΤΒ
778 5664 805 5674 -
826 5638 866 5689 to.
881 5640 1000 5701 comitae
1015 5639 1074 5688 T-
1093 5640 1135 5689 at.
1153 5644 1227 5689 actor
1241 5639 1431 5701 {odacrum‘l't
1449 5646 1522 5691 notos
1537 5642 1613 5693 soste-

280 5728 339 5764 nm
355 5715 405 5766 Ito
423 5740 447 5748 -
465 5714 506 5764 ΞΒ.
525 5714 646 5763 iuditiol
659 5740 686 5750 -
706 5727 808 5763 acervos
823 5714 943 5763 scabrum
960 5715 992 5764 T:
1012 5727 1114 5764 scenos
1129 5715 1274 5779 [mactum
1290 5715 1339 5765 llo
1353 5742 1381 5753 -
1398 5715 1610 5777 repperisset-

280 5788 322 5841 Ἃ.
340 5791 434 5840 macto
450 5790 469 5839 B
489 5815 516 5825 -
535 5793 559 5838 et
575 5789 664 5838 mauri
680 5788 817 5850 alienando
834 5790 894 5838 Β-
914 5790 956 5839 25.
970 5793 1052 5850 posset
1067 5790 1189 5842 Ernesti:
1210 5792 1289 5854 pessit
1303 5789 1381 5840 codd.
1398 5815 1423 5828 -
1444 5789 1614 5841 orbitam

280 5865 300 5915 a
320 5891 349 5900 -
366 5865 407 5915 ae.
428 5862 496 5928 aaa]
513 5862 559 5912 aa
574 5863 707 5925 mom
723 5861 783 5913 coa.
798 5863 964 5914 vacuamus
979 5864 1110 5915 orama.
1125 5892 1153 5903 -
1172 5865 1213 5917 aa.
1231 5848 1382 5916 m‘aoaca
1393 5863 1507 5928 maes
1523 5864 1612 5929 mom

280 5940 300 5990 Β
320 5964 348 5976 -
372 5937 413 5989 29.
432 5952 465 5990 sor
480 5938 513 5988 tis
528 5937 571 5989 ed.
591 5937 665 5990 itte.
684 5962 712 5975 —
737 5943 784 5989 ost
800 5939 834 5988 T:
859 5943 935 6003 mque
950 5941 1010 5991 uo.
