<?xml version="1.0" encoding="UTF-8"?>
<!DOCTYPE html PUBLIC "-//W3C//DTD XHTML 1.0 Transitional//EN"
    "http://www.w3.org/TR/xhtml1/DTD/xhtml1-transitional.dtd">
<html xmlns="http://www.w3.org/1999/xhtml" xml:lang="en" lang="en">
 <head>
  <title>
</title>
<meta http-equiv="Content-Type" content="text/html;charset=utf-8" />
  <meta name='ocr-system' content='tesseract 3.04.00' />
  <meta name='ocr-capabilities' content='ocr_page ocr_carea ocr_par ocr_line ocrx_word'/>
</head>
<body>
  <div class='ocr_page' id='page_1' title='image "./operaquaesupers08halmgoog/operaquaesupers08halmgoog_0645.png"; bbox 0 0 3800 7350; ppageno 0'>
   <div class='ocr_carea' id='block_1_1' title="bbox 672 1198 1604 1288">
    <p class='ocr_par' dir='ltr' id='par_1_1' title="bbox 672 1198 1604 1288">
     <span class='ocr_line' id='line_1_1' title="bbox 672 1198 1604 1288; baseline -0.006 -18"><span class='ocrx_word' id='word_1_1' title='bbox 672 1204 744 1270; x_wconf 71' lang='lat' dir='ltr'><strong>cn.</strong></span> <span class='ocrx_word' id='word_1_2' title='bbox 767 1205 967 1270; x_wconf 75' lang='lat' dir='ltr'><strong>aru-xv.</strong></span> <span class='ocrx_word' id='word_1_3' title='bbox 995 1202 1041 1288; x_wconf 72' lang='lat' dir='ltr'><strong>ss</strong></span> <span class='ocrx_word' id='word_1_4' title='bbox 1063 1201 1210 1269; x_wconf 83' lang='lat' dir='ltr'><strong>se-as.</strong></span> <span class='ocrx_word' id='word_1_5' title='bbox 1518 1198 1604 1269; x_wconf 80' lang='grc'><strong>4447</strong></span> 
     </span>
    </p>
   </div>
   <div class='ocr_carea' id='block_1_2' title="bbox 279 1371 1644 3984">
    <p class='ocr_par' dir='ltr' id='par_1_2' title="bbox 279 1371 1644 3984">
     <span class='ocr_line' id='line_1_2' title="bbox 280 1371 1604 1457; baseline -0.001 -19"><span class='ocrx_word' id='word_1_6' title='bbox 280 1374 408 1438; x_wconf 82' lang='grc'><strong>4444444444</strong></span> <span class='ocrx_word' id='word_1_7' title='bbox 431 1371 616 1436; x_wconf 77' lang='lat' dir='ltr'><strong>Parthorum</strong></span> <span class='ocrx_word' id='word_1_8' title='bbox 644 1374 763 1457; x_wconf 90' lang='lat' dir='ltr'><strong>impetu</strong></span> <span class='ocrx_word' id='word_1_9' title='bbox 791 1374 946 1438; x_wconf 86' lang='lat' dir='ltr'><strong>liberavit.</strong></span> <span class='ocrx_word' id='word_1_10' title='bbox 990 1374 1159 1438; x_wconf 84' lang='lat' dir='ltr'>Maximam</span> <span class='ocrx_word' id='word_1_11' title='bbox 1182 1374 1250 1436; x_wconf 84' lang='lat' dir='ltr'><strong>eius</strong></span> <span class='ocrx_word' id='word_1_12' title='bbox 1272 1381 1303 1436; x_wconf 88' lang='lat' dir='ltr'><strong>et</strong></span> <span class='ocrx_word' id='word_1_13' title='bbox 1324 1374 1515 1456; x_wconf 75' lang='lat' dir='ltr'><strong>singularem</strong></span> <span class='ocrx_word' id='word_1_14' title='bbox 1536 1374 1604 1438; x_wconf 90' lang='lat' dir='ltr'><strong>lau·</strong></span> 
     </span>
     <span class='ocr_line' id='line_1_3' title="bbox 280 1467 1603 1550; baseline 0.002 -20"><span class='ocrx_word' id='word_1_15' title='bbox 280 1467 352 1531; x_wconf 89' lang='lat' dir='ltr'><strong>dem</strong></span> <span class='ocrx_word' id='word_1_16' title='bbox 381 1467 612 1550; x_wconf 88' lang='lat' dir='ltr'><strong>praetermitto;</strong></span> <span class='ocrx_word' id='word_1_17' title='bbox 640 1467 730 1530; x_wconf 90' lang='lat' dir='ltr'><strong>cuius</strong></span> <span class='ocrx_word' id='word_1_18' title='bbox 759 1468 843 1531; x_wconf 90' lang='lat' dir='ltr'><strong>enim</strong></span> <span class='ocrx_word' id='word_1_19' title='bbox 873 1468 1065 1550; x_wconf 89' lang='lat' dir='ltr'><strong>praedicatio</strong></span> <span class='ocrx_word' id='word_1_20' title='bbox 1095 1468 1236 1530; x_wconf 89' lang='lat' dir='ltr'><strong>nondum</strong></span> <span class='ocrx_word' id='word_1_21' title='bbox 1266 1467 1410 1531; x_wconf 89' lang='lat' dir='ltr'><strong>omnihus</strong></span> <span class='ocrx_word' id='word_1_22' title='bbox 1431 1477 1520 1550; x_wconf 88' lang='lat' dir='ltr'><strong>grata</strong></span> <span class='ocrx_word' id='word_1_23' title='bbox 1541 1476 1603 1543; x_wconf 88' lang='lat' dir='ltr'><strong>est,</strong></span> 
     </span>
     <span class='ocr_line' id='line_1_4' title="bbox 279 1558 1604 1645; baseline -0.001 -20"><span class='ocrx_word' id='word_1_24' title='bbox 279 1562 361 1625; x_wconf 90' lang='lat' dir='ltr'><strong>hanc</strong></span> <span class='ocrx_word' id='word_1_25' title='bbox 382 1559 552 1623; x_wconf 81' lang='lat' dir='ltr'><strong>memoriae</strong></span> <span class='ocrx_word' id='word_1_26' title='bbox 575 1560 796 1645; x_wconf 87' lang='lat' dir='ltr'><strong>potiusquam</strong></span> <span class='ocrx_word' id='word_1_27' title='bbox 819 1562 906 1623; x_wconf 80' lang='lat' dir='ltr'><strong>vocis</strong></span> <span class='ocrx_word' id='word_1_28' title='bbox 929 1560 1108 1624; x_wconf 89' lang='lat' dir='ltr'><strong>testimonio</strong></span> <span class='ocrx_word' id='word_1_29' title='bbox 1124 1580 1354 1625; x_wconf 85' lang='lat' dir='ltr'><strong>conservemus.</strong></span> <span class='ocrx_word' id='word_1_30' title='bbox 1390 1558 1441 1624; x_wconf 87' lang='grc'><strong>36.</strong></span> <span class='ocrx_word' id='word_1_31' title='bbox 1455 1561 1604 1627; x_wconf 80' lang='lat' dir='ltr'><strong>Animad-</strong></span> 
     </span>
     <span class='ocr_line' id='line_1_5' title="bbox 280 1651 1602 1737; baseline 0.002 -20"><span class='ocrx_word' id='word_1_32' title='bbox 280 1653 374 1727; x_wconf 88' lang='lat' dir='ltr'><strong>verti,</strong></span> <span class='ocrx_word' id='word_1_33' title='bbox 402 1662 506 1736; x_wconf 90' lang='lat' dir='ltr'><strong>patres</strong></span> <span class='ocrx_word' id='word_1_34' title='bbox 531 1653 716 1736; x_wconf 73' lang='lat' dir='ltr'><strong>conscripti,</strong></span> <span class='ocrx_word' id='word_1_35' title='bbox 746 1655 889 1718; x_wconf 84' lang='lat' dir='ltr'><strong>exaudiri</strong></span> <span class='ocrx_word' id='word_1_36' title='bbox 911 1655 1005 1719; x_wconf 91' lang='lat' dir='ltr'><strong>etiam</strong></span> <span class='ocrx_word' id='word_1_37' title='bbox 1026 1654 1158 1718; x_wconf 93' lang='lat' dir='ltr'><strong>nimium</strong></span> <span class='ocrx_word' id='word_1_38' title='bbox 1181 1675 1200 1718; x_wconf 88' lang='lat' dir='ltr'><strong>a</strong></span> <span class='ocrx_word' id='word_1_39' title='bbox 1221 1675 1272 1718; x_wconf 91' lang='lat' dir='ltr'><strong>me</strong></span> <span class='ocrx_word' id='word_1_40' title='bbox 1293 1656 1423 1718; x_wconf 78' lang='lat' dir='ltr'><strong>Brutum</strong></span> <span class='ocrx_word' id='word_1_41' title='bbox 1459 1651 1602 1737; x_wconf 93' lang='lat' dir='ltr'><strong>[nimium</strong></span> 
     </span>
     <span class='ocr_line' id='line_1_6' title="bbox 282 1737 1626 1832; baseline 0.001 -21"><span class='ocrx_word' id='word_1_42' title='bbox 282 1742 435 1830; x_wconf 75' lang='grc'><strong>0444444444]</strong></span> <span class='ocrx_word' id='word_1_43' title='bbox 459 1747 582 1810; x_wconf 88' lang='lat' dir='ltr'><strong>ornari:</strong></span> <span class='ocrx_word' id='word_1_44' title='bbox 615 1746 723 1810; x_wconf 85' lang='lat' dir='ltr'><strong>Cassio</strong></span> <span class='ocrx_word' id='word_1_45' title='bbox 745 1768 820 1811; x_wconf 79' lang='lat' dir='ltr'><strong>vero</strong></span> <span class='ocrx_word' id='word_1_46' title='bbox 849 1748 1006 1811; x_wconf 88' lang='lat' dir='ltr'><strong>sententia</strong></span> <span class='ocrx_word' id='word_1_47' title='bbox 1033 1767 1102 1810; x_wconf 90' lang='lat' dir='ltr'><strong>mea</strong></span> <span class='ocrx_word' id='word_1_48' title='bbox 1124 1737 1326 1814; x_wconf 59' lang='lat' dir='ltr'><strong>dominatum*</strong></span> <span class='ocrx_word' id='word_1_49' title='bbox 1340 1756 1371 1811; x_wconf 91' lang='lat' dir='ltr'><strong>et</strong></span> <span class='ocrx_word' id='word_1_50' title='bbox 1392 1747 1626 1832; x_wconf 74' lang='lat' dir='ltr'><strong>principatum</strong></span> 
     </span>
     <span class='ocr_line' id='line_1_7' title="bbox 280 1840 1603 1925; baseline -0.002 -21"><span class='ocrx_word' id='word_1_51' title='bbox 280 1840 358 1904; x_wconf 90' lang='lat' dir='ltr'><strong>dari.</strong></span> <span class='ocrx_word' id='word_1_52' title='bbox 396 1840 485 1916; x_wconf 87' lang='lat' dir='ltr'><strong>Quos</strong></span> <span class='ocrx_word' id='word_1_53' title='bbox 507 1859 567 1923; x_wconf 88' lang='lat' dir='ltr'><strong>ego</strong></span> <span class='ocrx_word' id='word_1_54' title='bbox 589 1843 690 1903; x_wconf 76' lang='lat' dir='ltr'><strong>orno?</strong></span> <span class='ocrx_word' id='word_1_55' title='bbox 713 1861 826 1924; x_wconf 81' lang='lat' dir='ltr'><strong>nempe</strong></span> <span class='ocrx_word' id='word_1_56' title='bbox 848 1862 919 1916; x_wconf 88' lang='lat' dir='ltr'><strong>eos,</strong></span> <span class='ocrx_word' id='word_1_57' title='bbox 942 1842 998 1925; x_wconf 90' lang='lat' dir='ltr'><strong>qui</strong></span> <span class='ocrx_word' id='word_1_58' title='bbox 1018 1842 1079 1925; x_wconf 92' lang='lat' dir='ltr'><strong>ipsi</strong></span> <span class='ocrx_word' id='word_1_59' title='bbox 1102 1848 1176 1904; x_wconf 88' lang='lat' dir='ltr'><strong>sunt</strong></span> <span class='ocrx_word' id='word_1_60' title='bbox 1190 1848 1373 1905; x_wconf 88' lang='lat' dir='ltr'><strong>ornamenta</strong></span> <span class='ocrx_word' id='word_1_61' title='bbox 1386 1841 1433 1903; x_wconf 90' lang='lat' dir='ltr'><strong>rei</strong></span> <span class='ocrx_word' id='word_1_62' title='bbox 1449 1840 1603 1924; x_wconf 89' lang='lat' dir='ltr'><strong>publicae.</strong></span> 
     </span>
     <span class='ocr_line' id='line_1_8' title="bbox 281 1933 1603 2016; baseline -0.002 -18"><span class='ocrx_word' id='word_1_63' title='bbox 281 1933 389 2011; x_wconf 77' lang='lat' dir='ltr'><strong>Quina</strong></span> <span class='ocrx_word' id='word_1_64' title='bbox 417 1935 453 1995; x_wconf 91' lang='lat' dir='ltr'><strong>D.</strong></span> <span class='ocrx_word' id='word_1_65' title='bbox 469 1935 599 1997; x_wconf 91' lang='lat' dir='ltr'><strong>Brutum</strong></span> <span class='ocrx_word' id='word_1_66' title='bbox 621 1953 727 1997; x_wconf 91' lang='lat' dir='ltr'><strong>nonne</strong></span> <span class='ocrx_word' id='word_1_67' title='bbox 749 1936 904 1998; x_wconf 85' lang='lat' dir='ltr'><strong>omnibus</strong></span> <span class='ocrx_word' id='word_1_68' title='bbox 917 1935 1081 1998; x_wconf 83' lang='lat' dir='ltr'><strong>sententiis</strong></span> <span class='ocrx_word' id='word_1_69' title='bbox 1103 1953 1228 2016; x_wconf 82' lang='lat' dir='ltr'><strong>semper</strong></span> <span class='ocrx_word' id='word_1_70' title='bbox 1249 1936 1385 1998; x_wconf 81' lang='lat' dir='ltr'><strong>ornarit</strong></span> <span class='ocrx_word' id='word_1_71' title='bbox 1409 1955 1484 1997; x_wconf 92' lang='lat' dir='ltr'><strong>num</strong></span> <span class='ocrx_word' id='word_1_72' title='bbox 1506 1934 1603 2016; x_wconf 90' lang='lat' dir='ltr'><strong>igitur</strong></span> 
     </span>
     <span class='ocr_line' id='line_1_9' title="bbox 280 2027 1603 2112; baseline 0.001 -22"><span class='ocrx_word' id='word_1_73' title='bbox 280 2027 532 2111; x_wconf 72' lang='lat' dir='ltr'><strong>reprehenditis?</strong></span> <span class='ocrx_word' id='word_1_74' title='bbox 560 2029 608 2089; x_wconf 82' lang='lat' dir='ltr'><strong>An</strong></span> <span class='ocrx_word' id='word_1_75' title='bbox 630 2028 785 2091; x_wconf 81' lang='lat' dir='ltr'><strong>Antonios</strong></span> <span class='ocrx_word' id='word_1_76' title='bbox 807 2029 913 2112; x_wconf 90' lang='lat' dir='ltr'><strong>potius</strong></span> <span class='ocrx_word' id='word_1_77' title='bbox 935 2048 1097 2102; x_wconf 91' lang='lat' dir='ltr'><strong>ornarem,</strong></span> <span class='ocrx_word' id='word_1_78' title='bbox 1119 2047 1182 2090; x_wconf 93' lang='lat' dir='ltr'><strong>non</strong></span> <span class='ocrx_word' id='word_1_79' title='bbox 1204 2028 1299 2091; x_wconf 93' lang='lat' dir='ltr'><strong>modo</strong></span> <span class='ocrx_word' id='word_1_80' title='bbox 1321 2048 1447 2091; x_wconf 85' lang='lat' dir='ltr'><strong>suamm</strong></span> <span class='ocrx_word' id='word_1_81' title='bbox 1469 2027 1603 2092; x_wconf 84' lang='lat' dir='ltr'><strong>familia·</strong></span> 
     </span>
     <span class='ocr_line' id='line_1_10' title="bbox 280 2120 1604 2205; baseline -0.001 -20"><span class='ocrx_word' id='word_1_82' title='bbox 280 2141 365 2196; x_wconf 90' lang='lat' dir='ltr'><strong>rum,</strong></span> <span class='ocrx_word' id='word_1_83' title='bbox 392 2120 449 2184; x_wconf 90' lang='lat' dir='ltr'><strong>sed</strong></span> <span class='ocrx_word' id='word_1_84' title='bbox 471 2121 604 2183; x_wconf 89' lang='lat' dir='ltr'><strong>chani</strong></span> <span class='ocrx_word' id='word_1_85' title='bbox 632 2121 771 2184; x_wconf 91' lang='lat' dir='ltr'><strong>nominis</strong></span> <span class='ocrx_word' id='word_1_86' title='bbox 799 2122 912 2205; x_wconf 90' lang='lat' dir='ltr'><strong>probra</strong></span> <span class='ocrx_word' id='word_1_87' title='bbox 934 2131 1030 2205; x_wconf 88' lang='lat' dir='ltr'><strong>atque</strong></span> <span class='ocrx_word' id='word_1_88' title='bbox 1053 2121 1231 2185; x_wconf 81' lang='lat' dir='ltr'><strong>dedecorat</strong></span> <span class='ocrx_word' id='word_1_89' title='bbox 1259 2142 1300 2185; x_wconf 93' lang='lat' dir='ltr'><strong>an</strong></span> <span class='ocrx_word' id='word_1_90' title='bbox 1324 2121 1528 2185; x_wconf 87' lang='lat' dir='ltr'><strong>Censorinum</strong></span> <span class='ocrx_word' id='word_1_91' title='bbox 1552 2142 1604 2185; x_wconf 93' lang='lat' dir='ltr'><strong>or·</strong></span> 
     </span>
     <span class='ocr_line' id='line_1_11' title="bbox 281 2214 1640 2298; baseline -0.002 -18"><span class='ocrx_word' id='word_1_92' title='bbox 281 2235 370 2288; x_wconf 91' lang='lat' dir='ltr'><strong>nem,</strong></span> <span class='ocrx_word' id='word_1_93' title='bbox 391 2216 425 2277; x_wconf 93' lang='lat' dir='ltr'><strong>in</strong></span> <span class='ocrx_word' id='word_1_94' title='bbox 446 2214 531 2276; x_wconf 92' lang='lat' dir='ltr'><strong>bello</strong></span> <span class='ocrx_word' id='word_1_95' title='bbox 554 2214 694 2287; x_wconf 89' lang='lat' dir='ltr'><strong>hostem,</strong></span> <span class='ocrx_word' id='word_1_96' title='bbox 718 2215 750 2276; x_wconf 94' lang='lat' dir='ltr'><strong>in</strong></span> <span class='ocrx_word' id='word_1_97' title='bbox 772 2235 848 2298; x_wconf 92' lang='lat' dir='ltr'><strong>pace</strong></span> <span class='ocrx_word' id='word_1_98' title='bbox 870 2218 1047 2279; x_wconf 69' lang='lat' dir='ltr'><strong>sectorem?</strong></span> <span class='ocrx_word' id='word_1_99' title='bbox 1069 2236 1110 2279; x_wconf 91' lang='lat' dir='ltr'><strong>an</strong></span> <span class='ocrx_word' id='word_1_100' title='bbox 1131 2225 1235 2279; x_wconf 88' lang='lat' dir='ltr'><strong>cetera</strong></span> <span class='ocrx_word' id='word_1_101' title='bbox 1250 2236 1290 2278; x_wconf 83' lang='lat' dir='ltr'><strong>ex</strong></span> <span class='ocrx_word' id='word_1_102' title='bbox 1305 2214 1417 2278; x_wconf 85' lang='lat' dir='ltr'><strong>eodem</strong></span> <span class='ocrx_word' id='word_1_103' title='bbox 1439 2214 1602 2279; x_wconf 84' lang='lat' dir='ltr'><strong>latrocinio</strong></span> <span class='ocrx_word' id='word_1_104' title='bbox 1611 2231 1640 2278; x_wconf 87' lang='lat' dir='ltr'><strong>to</strong></span> 
     </span>
     <span class='ocr_line' id='line_1_12' title="bbox 280 2307 1603 2391; baseline 0 -18"><span class='ocrx_word' id='word_1_105' title='bbox 280 2308 443 2390; x_wconf 82' lang='lat' dir='ltr'><strong>naufragia</strong></span> <span class='ocrx_word' id='word_1_106' title='bbox 464 2307 633 2390; x_wconf 74' lang='lat' dir='ltr'><strong>colligam?</strong></span> <span class='ocrx_word' id='word_1_107' title='bbox 655 2308 722 2390; x_wconf 85' lang='lat' dir='ltr'><strong>ligo</strong></span> <span class='ocrx_word' id='word_1_108' title='bbox 742 2328 817 2370; x_wconf 79' lang='lat' dir='ltr'><strong>vero</strong></span> <span class='ocrx_word' id='word_1_109' title='bbox 839 2310 916 2373; x_wconf 91' lang='lat' dir='ltr'><strong>istos</strong></span> <span class='ocrx_word' id='word_1_110' title='bbox 937 2310 1012 2384; x_wconf 92' lang='lat' dir='ltr'><strong>otii,</strong></span> <span class='ocrx_word' id='word_1_111' title='bbox 1034 2309 1236 2385; x_wconf 82' lang='lat' dir='ltr'><strong>concordiae,</strong></span> <span class='ocrx_word' id='word_1_112' title='bbox 1259 2310 1380 2391; x_wconf 86' lang='lat' dir='ltr'><strong>legum,</strong></span> <span class='ocrx_word' id='word_1_113' title='bbox 1402 2308 1603 2385; x_wconf 89' lang='lat' dir='ltr'><strong>iudiciorum,</strong></span> 
     </span>
     <span class='ocr_line' id='line_1_13' title="bbox 281 2402 1604 2486; baseline 0 -19"><span class='ocrx_word' id='word_1_114' title='bbox 281 2402 432 2467; x_wconf 87' lang='lat' dir='ltr'><strong>libertatis</strong></span> <span class='ocrx_word' id='word_1_115' title='bbox 455 2402 599 2465; x_wconf 91' lang='lat' dir='ltr'><strong>inimicos</strong></span> <span class='ocrx_word' id='word_1_116' title='bbox 621 2410 743 2465; x_wconf 87' lang='lat' dir='ltr'><strong>tantum</strong></span> <span class='ocrx_word' id='word_1_117' title='bbox 764 2402 853 2466; x_wconf 89' lang='lat' dir='ltr'><strong>abest</strong></span> <span class='ocrx_word' id='word_1_118' title='bbox 874 2412 909 2468; x_wconf 89' lang='lat' dir='ltr'><strong>ut</strong></span> <span class='ocrx_word' id='word_1_119' title='bbox 929 2425 1054 2479; x_wconf 89' lang='lat' dir='ltr'><strong>ornem,</strong></span> <span class='ocrx_word' id='word_1_120' title='bbox 1075 2412 1112 2469; x_wconf 91' lang='lat' dir='ltr'><strong>ut</strong></span> <span class='ocrx_word' id='word_1_121' title='bbox 1134 2404 1217 2467; x_wconf 84' lang='lat' dir='ltr'><strong>effici</strong></span> <span class='ocrx_word' id='word_1_122' title='bbox 1240 2424 1304 2467; x_wconf 91' lang='lat' dir='ltr'><strong>non</strong></span> <span class='ocrx_word' id='word_1_123' title='bbox 1326 2403 1426 2486; x_wconf 84' lang='lat' dir='ltr'><strong>possit</strong></span> <span class='ocrx_word' id='word_1_124' title='bbox 1447 2403 1525 2486; x_wconf 94' lang='lat' dir='ltr'><strong>quin</strong></span> <span class='ocrx_word' id='word_1_125' title='bbox 1548 2423 1604 2467; x_wconf 84' lang='lat' dir='ltr'><strong>eos</strong></span> 
     </span>
     <span class='ocr_line' id='line_1_14' title="bbox 280 2494 1603 2581; baseline -0.001 -21"><span class='ocrx_word' id='word_1_126' title='bbox 280 2506 344 2560; x_wconf 89' lang='lat' dir='ltr'><strong>tam</strong></span> <span class='ocrx_word' id='word_1_127' title='bbox 366 2494 501 2570; x_wconf 81' lang='lat' dir='ltr'><strong>oderim,</strong></span> <span class='ocrx_word' id='word_1_128' title='bbox 524 2515 619 2579; x_wconf 89' lang='lat' dir='ltr'><strong>qnam</strong></span> <span class='ocrx_word' id='word_1_129' title='bbox 642 2515 707 2559; x_wconf 90' lang='lat' dir='ltr'><strong>rem</strong></span> <span class='ocrx_word' id='word_1_130' title='bbox 728 2496 886 2578; x_wconf 87' lang='lat' dir='ltr'><strong>publicam</strong></span> <span class='ocrx_word' id='word_1_131' title='bbox 902 2497 1011 2581; x_wconf 80' lang='lat' dir='ltr'><strong>diligo.</strong></span> <span class='ocrx_word' id='word_1_132' title='bbox 1054 2495 1105 2560; x_wconf 88' lang='grc'><strong>37.</strong></span> <span class='ocrx_word' id='word_1_133' title='bbox 1121 2498 1217 2573; x_wconf 85' lang='lat' dir='ltr'><strong>Vide,</strong></span> <span class='ocrx_word' id='word_1_134' title='bbox 1239 2497 1360 2580; x_wconf 91' lang='lat' dir='ltr'><strong>inquit,</strong></span> <span class='ocrx_word' id='word_1_135' title='bbox 1381 2516 1422 2559; x_wconf 90' lang='lat' dir='ltr'><strong>ne</strong></span> <span class='ocrx_word' id='word_1_136' title='bbox 1438 2505 1603 2559; x_wconf 82' lang='lat' dir='ltr'><strong>veteranos</strong></span> 
     </span>
     <span class='ocr_line' id='line_1_15' title="bbox 281 2587 1603 2674; baseline 0 -21"><span class='ocrx_word' id='word_1_137' title='bbox 281 2587 440 2653; x_wconf 79' lang='lat' dir='ltr'><strong>offendas:</strong></span> <span class='ocrx_word' id='word_1_138' title='bbox 473 2589 535 2651; x_wconf 89' lang='lat' dir='ltr'><strong>hoc</strong></span> <span class='ocrx_word' id='word_1_139' title='bbox 565 2589 649 2653; x_wconf 89' lang='lat' dir='ltr'><strong>enim</strong></span> <span class='ocrx_word' id='word_1_140' title='bbox 677 2590 727 2654; x_wconf 83' lang='lat' dir='ltr'><strong>vel</strong></span> <span class='ocrx_word' id='word_1_141' title='bbox 755 2591 891 2654; x_wconf 81' lang='lat' dir='ltr'><strong>maxime</strong></span> <span class='ocrx_word' id='word_1_142' title='bbox 920 2590 1065 2654; x_wconf 85' lang='lat' dir='ltr'><strong>exaudio.</strong></span> <span class='ocrx_word' id='word_1_143' title='bbox 1111 2593 1179 2674; x_wconf 87' lang='lat' dir='ltr'><strong>Ego</strong></span> <span class='ocrx_word' id='word_1_144' title='bbox 1208 2601 1313 2655; x_wconf 91' lang='lat' dir='ltr'><strong>autem</strong></span> <span class='ocrx_word' id='word_1_145' title='bbox 1335 2596 1500 2653; x_wconf 85' lang='lat' dir='ltr'><strong>veteranos</strong></span> <span class='ocrx_word' id='word_1_146' title='bbox 1522 2590 1603 2653; x_wconf 88' lang='lat' dir='ltr'><strong>tueri</strong></span> 
     </span>
     <span class='ocr_line' id='line_1_16' title="bbox 281 2682 1641 2768; baseline -0.001 -22"><span class='ocrx_word' id='word_1_147' title='bbox 281 2682 400 2756; x_wconf 88' lang='lat' dir='ltr'><strong>debeo,</strong></span> <span class='ocrx_word' id='word_1_148' title='bbox 422 2682 445 2763; x_wconf 86' lang='lat'><strong>†</strong></span> <span class='ocrx_word' id='word_1_149' title='bbox 468 2682 522 2745; x_wconf 90' lang='lat' dir='ltr'><strong>sed</strong></span> <span class='ocrx_word' id='word_1_150' title='bbox 546 2703 617 2758; x_wconf 92' lang='lat' dir='ltr'><strong>eos,</strong></span> <span class='ocrx_word' id='word_1_151' title='bbox 640 2683 755 2768; x_wconf 89' lang='lat' dir='ltr'><strong>quibus</strong></span> <span class='ocrx_word' id='word_1_152' title='bbox 776 2685 894 2748; x_wconf 89' lang='lat' dir='ltr'><strong>sanitas</strong></span> <span class='ocrx_word' id='word_1_153' title='bbox 916 2693 980 2759; x_wconf 90' lang='lat' dir='ltr'><strong>est,</strong></span> <span class='ocrx_word' id='word_1_154' title='bbox 1003 2692 1087 2749; x_wconf 87' lang='lat' dir='ltr'><strong>certe</strong></span> <span class='ocrx_word' id='word_1_155' title='bbox 1109 2686 1219 2748; x_wconf 85' lang='lat' dir='ltr'><strong>timere</strong></span> <span class='ocrx_word' id='word_1_156' title='bbox 1238 2704 1303 2748; x_wconf 95' lang='lat' dir='ltr'><strong>non</strong></span> <span class='ocrx_word' id='word_1_157' title='bbox 1317 2682 1429 2746; x_wconf 88' lang='lat' dir='ltr'><strong>dobeo.</strong></span> <span class='ocrx_word' id='word_1_158' title='bbox 1450 2682 1514 2745; x_wconf 87' lang='lat' dir='ltr'><strong>Eos</strong></span> <span class='ocrx_word' id='word_1_159' title='bbox 1528 2703 1603 2747; x_wconf 79' lang='lat' dir='ltr'><strong>vero</strong></span> <span class='ocrx_word' id='word_1_160' title='bbox 1613 2699 1641 2745; x_wconf 86' lang='grc'><strong>44</strong></span> 
     </span>
     <span class='ocr_line' id='line_1_17' title="bbox 280 2776 1605 2862; baseline 0.002 -23"><span class='ocrx_word' id='word_1_161' title='bbox 280 2784 465 2851; x_wconf 80' lang='lat' dir='ltr'><strong>veteranos,</strong></span> <span class='ocrx_word' id='word_1_162' title='bbox 494 2777 549 2859; x_wconf 92' lang='lat' dir='ltr'><strong>qui</strong></span> <span class='ocrx_word' id='word_1_163' title='bbox 581 2798 638 2860; x_wconf 93' lang='lat' dir='ltr'><strong>pro</strong></span> <span class='ocrx_word' id='word_1_164' title='bbox 665 2797 700 2841; x_wconf 89' lang='lat' dir='ltr'><strong>re</strong></span> <span class='ocrx_word' id='word_1_165' title='bbox 722 2779 848 2861; x_wconf 92' lang='lat' dir='ltr'><strong>publica</strong></span> <span class='ocrx_word' id='word_1_166' title='bbox 869 2798 956 2841; x_wconf 92' lang='lat' dir='ltr'><strong>arma</strong></span> <span class='ocrx_word' id='word_1_167' title='bbox 978 2786 1131 2862; x_wconf 87' lang='lat' dir='ltr'><strong>ceperunt</strong></span> <span class='ocrx_word' id='word_1_168' title='bbox 1152 2778 1318 2860; x_wconf 88' lang='lat' dir='ltr'><strong>secutique</strong></span> <span class='ocrx_word' id='word_1_169' title='bbox 1339 2782 1414 2841; x_wconf 89' lang='lat' dir='ltr'><strong>sunt</strong></span> <span class='ocrx_word' id='word_1_170' title='bbox 1436 2776 1469 2839; x_wconf 84' lang='lat' dir='ltr'><strong>C.</strong></span> <span class='ocrx_word' id='word_1_171' title='bbox 1493 2777 1605 2841; x_wconf 83' lang='lat' dir='ltr'><strong>Caesa·</strong></span> 
     </span>
     <span class='ocr_line' id='line_1_18' title="bbox 280 2868 1605 2956; baseline -0.001 -22"><span class='ocrx_word' id='word_1_172' title='bbox 280 2892 363 2945; x_wconf 89' lang='lat' dir='ltr'><strong>rem,</strong></span> <span class='ocrx_word' id='word_1_173' title='bbox 386 2877 547 2935; x_wconf 90' lang='lat' dir='ltr'><strong>auctorem</strong></span> <span class='ocrx_word' id='word_1_174' title='bbox 567 2868 792 2935; x_wconf 84' lang='lat' dir='ltr'><strong>beneficiorum</strong></span> <span class='ocrx_word' id='word_1_175' title='bbox 813 2881 1030 2956; x_wconf 89' lang='lat' dir='ltr'><strong>paternorum,</strong></span> <span class='ocrx_word' id='word_1_176' title='bbox 1052 2871 1211 2955; x_wconf 89' lang='lat' dir='ltr'><strong>hodieque</strong></span> <span class='ocrx_word' id='word_1_177' title='bbox 1233 2891 1298 2935; x_wconf 90' lang='lat' dir='ltr'><strong>rem</strong></span> <span class='ocrx_word' id='word_1_178' title='bbox 1320 2870 1478 2954; x_wconf 87' lang='lat' dir='ltr'><strong>publicam</strong></span> <span class='ocrx_word' id='word_1_179' title='bbox 1496 2871 1605 2935; x_wconf 83' lang='lat' dir='ltr'><strong>delen·</strong></span> 
     </span>
     <span class='ocr_line' id='line_1_19' title="bbox 282 2964 1604 3048; baseline 0 -21"><span class='ocrx_word' id='word_1_180' title='bbox 282 2965 362 3027; x_wconf 89' lang='lat' dir='ltr'><strong>dunt</strong></span> <span class='ocrx_word' id='word_1_181' title='bbox 383 2964 472 3027; x_wconf 85' lang='lat' dir='ltr'><strong>vitae&#39;</strong></span> <span class='ocrx_word' id='word_1_182' title='bbox 487 2984 563 3028; x_wconf 89' lang='lat' dir='ltr'><strong>suae</strong></span> <span class='ocrx_word' id='word_1_183' title='bbox 585 2965 743 3048; x_wconf 90' lang='lat' dir='ltr'><strong>periculo,</strong></span> <span class='ocrx_word' id='word_1_184' title='bbox 765 2985 830 3028; x_wconf 90' lang='lat' dir='ltr'><strong>non</strong></span> <span class='ocrx_word' id='word_1_185' title='bbox 853 2964 933 3028; x_wconf 88' lang='lat' dir='ltr'><strong>tueri</strong></span> <span class='ocrx_word' id='word_1_186' title='bbox 956 2966 1076 3039; x_wconf 90' lang='lat' dir='ltr'><strong>solum,</strong></span> <span class='ocrx_word' id='word_1_187' title='bbox 1098 2965 1153 3028; x_wconf 89' lang='lat' dir='ltr'><strong>sed</strong></span> <span class='ocrx_word' id='word_1_188' title='bbox 1176 2966 1270 3028; x_wconf 90' lang='lat' dir='ltr'><strong>etiam</strong></span> <span class='ocrx_word' id='word_1_189' title='bbox 1292 2983 1408 3047; x_wconf 91' lang='lat' dir='ltr'><strong>angere</strong></span> <span class='ocrx_word' id='word_1_190' title='bbox 1430 2964 1604 3027; x_wconf 88' lang='lat' dir='ltr'><strong>commodis</strong></span> 
     </span>
     <span class='ocr_line' id='line_1_20' title="bbox 284 3057 1604 3141; baseline 0 -20"><span class='ocrx_word' id='word_1_191' title='bbox 284 3058 394 3121; x_wconf 89' lang='lat' dir='ltr'><strong>debeo.</strong></span> <span class='ocrx_word' id='word_1_192' title='bbox 430 3058 493 3134; x_wconf 90' lang='lat' dir='ltr'><strong>Qui</strong></span> <span class='ocrx_word' id='word_1_193' title='bbox 509 3067 613 3123; x_wconf 89' lang='lat' dir='ltr'><strong>autem</strong></span> <span class='ocrx_word' id='word_1_194' title='bbox 631 3059 807 3141; x_wconf 88' lang='lat' dir='ltr'><strong>quiescunt,</strong></span> <span class='ocrx_word' id='word_1_195' title='bbox 830 3066 866 3122; x_wconf 91' lang='lat' dir='ltr'><strong>ut</strong></span> <span class='ocrx_word' id='word_1_196' title='bbox 878 3059 1022 3141; x_wconf 88' lang='lat' dir='ltr'><strong>septima,</strong></span> <span class='ocrx_word' id='word_1_197' title='bbox 1039 3067 1073 3121; x_wconf 92' lang='lat' dir='ltr'><strong>ut</strong></span> <span class='ocrx_word' id='word_1_198' title='bbox 1088 3066 1198 3121; x_wconf 87' lang='lat' dir='ltr'><strong>octava</strong></span> <span class='ocrx_word' id='word_1_199' title='bbox 1212 3058 1306 3140; x_wconf 91' lang='lat' dir='ltr'><strong>legio,</strong></span> <span class='ocrx_word' id='word_1_200' title='bbox 1327 3058 1361 3119; x_wconf 89' lang='lat' dir='ltr'><strong>in</strong></span> <span class='ocrx_word' id='word_1_201' title='bbox 1377 3078 1489 3140; x_wconf 88' lang='lat' dir='ltr'><strong>magna</strong></span> <span class='ocrx_word' id='word_1_202' title='bbox 1504 3057 1604 3139; x_wconf 87' lang='lat' dir='ltr'><strong>gloria</strong></span> 
     </span>
     <span class='ocr_line' id='line_1_21' title="bbox 281 3150 1641 3235; baseline 0.001 -21"><span class='ocrx_word' id='word_1_203' title='bbox 281 3159 313 3214; x_wconf 87' lang='lat' dir='ltr'><strong>et</strong></span> <span class='ocrx_word' id='word_1_204' title='bbox 335 3152 429 3213; x_wconf 84' lang='lat' dir='ltr'><strong>laude</strong></span> <span class='ocrx_word' id='word_1_205' title='bbox 451 3151 615 3234; x_wconf 91' lang='lat' dir='ltr'><strong>ponendos</strong></span> <span class='ocrx_word' id='word_1_206' title='bbox 637 3162 725 3235; x_wconf 89' lang='lat' dir='ltr'><strong>puto.</strong></span> <span class='ocrx_word' id='word_1_207' title='bbox 759 3153 895 3216; x_wconf 86' lang='lat' dir='ltr'><strong>Comites</strong></span> <span class='ocrx_word' id='word_1_208' title='bbox 918 3172 992 3214; x_wconf 90' lang='lat' dir='ltr'><strong>vero</strong></span> <span class='ocrx_word' id='word_1_209' title='bbox 1015 3152 1161 3225; x_wconf 77' lang='lat' dir='ltr'><strong>Antonii,</strong></span> <span class='ocrx_word' id='word_1_210' title='bbox 1183 3153 1239 3234; x_wconf 91' lang='lat' dir='ltr'><strong>qui</strong></span> <span class='ocrx_word' id='word_1_211' title='bbox 1260 3158 1428 3235; x_wconf 85' lang='lat' dir='ltr'><strong>postquam</strong></span> <span class='ocrx_word' id='word_1_212' title='bbox 1450 3150 1641 3215; x_wconf 77' lang='lat' dir='ltr'><strong>beneficiare</strong></span> 
     </span>
     <span class='ocr_line' id='line_1_22' title="bbox 282 3243 1604 3327; baseline 0.002 -20"><span class='ocrx_word' id='word_1_213' title='bbox 282 3244 423 3308; x_wconf 86' lang='lat' dir='ltr'><strong>Caesaris</strong></span> <span class='ocrx_word' id='word_1_214' title='bbox 453 3246 673 3320; x_wconf 84' lang='lat' dir='ltr'><strong>comederunt,</strong></span> <span class='ocrx_word' id='word_1_215' title='bbox 704 3246 865 3310; x_wconf 89' lang='lat' dir='ltr'><strong>consulem</strong></span> <span class='ocrx_word' id='word_1_216' title='bbox 894 3245 1095 3327; x_wconf 88' lang='lat' dir='ltr'><strong>designatum</strong></span> <span class='ocrx_word' id='word_1_217' title='bbox 1125 3244 1287 3318; x_wconf 88' lang='lat' dir='ltr'><strong>obsident,</strong></span> <span class='ocrx_word' id='word_1_218' title='bbox 1318 3243 1395 3307; x_wconf 91' lang='lat' dir='ltr'><strong>huic</strong></span> <span class='ocrx_word' id='word_1_219' title='bbox 1424 3245 1493 3309; x_wconf 90' lang='lat' dir='ltr'><strong>urbi</strong></span> <span class='ocrx_word' id='word_1_220' title='bbox 1521 3245 1604 3309; x_wconf 84' lang='lat' dir='ltr'><strong>ferro</strong></span> 
     </span>
     <span class='ocr_line' id='line_1_23' title="bbox 279 3337 1605 3421; baseline 0.001 -21"><span class='ocrx_word' id='word_1_221' title='bbox 279 3339 411 3421; x_wconf 90' lang='lat' dir='ltr'><strong>ignique</strong></span> <span class='ocrx_word' id='word_1_222' title='bbox 434 3339 633 3413; x_wconf 91' lang='lat' dir='ltr'><strong>minitantur,</strong></span> <span class='ocrx_word' id='word_1_223' title='bbox 657 3341 758 3403; x_wconf 82' lang='lat' dir='ltr'><strong>Saxae</strong></span> <span class='ocrx_word' id='word_1_224' title='bbox 781 3361 815 3403; x_wconf 90' lang='lat' dir='ltr'><strong>se</strong></span> <span class='ocrx_word' id='word_1_225' title='bbox 837 3348 869 3403; x_wconf 88' lang='lat' dir='ltr'><strong>et</strong></span> <span class='ocrx_word' id='word_1_226' title='bbox 884 3339 995 3403; x_wconf 83' lang='lat' dir='ltr'><strong>Cafoni</strong></span> <span class='ocrx_word' id='word_1_227' title='bbox 1016 3337 1227 3411; x_wconf 90' lang='lat' dir='ltr'><strong>tradiderunt,</strong></span> <span class='ocrx_word' id='word_1_228' title='bbox 1248 3338 1289 3400; x_wconf 91' lang='lat' dir='ltr'><strong>ad</strong></span> <span class='ocrx_word' id='word_1_229' title='bbox 1303 3337 1426 3401; x_wconf 85' lang='lat' dir='ltr'><strong>lacinus</strong></span> <span class='ocrx_word' id='word_1_230' title='bbox 1440 3338 1605 3421; x_wconf 88' lang='lat' dir='ltr'><strong>praedam·</strong></span> 
     </span>
     <span class='ocr_line' id='line_1_24' title="bbox 282 3430 1605 3517; baseline 0.002 -24"><span class='ocrx_word' id='word_1_231' title='bbox 282 3450 344 3514; x_wconf 86' lang='lat' dir='ltr'><strong>quc</strong></span> <span class='ocrx_word' id='word_1_232' title='bbox 367 3432 468 3505; x_wconf 91' lang='lat' dir='ltr'><strong>natis,</strong></span> <span class='ocrx_word' id='word_1_233' title='bbox 498 3453 573 3494; x_wconf 93' lang='lat' dir='ltr'><strong>num</strong></span> <span class='ocrx_word' id='word_1_234' title='bbox 596 3434 667 3516; x_wconf 89' lang='lat' dir='ltr'><strong>quis</strong></span> <span class='ocrx_word' id='word_1_235' title='bbox 690 3441 737 3497; x_wconf 87' lang='lat' dir='ltr'><strong>est</strong></span> <span class='ocrx_word' id='word_1_236' title='bbox 759 3434 813 3517; x_wconf 92' lang='lat' dir='ltr'><strong>qui</strong></span> <span class='ocrx_word' id='word_1_237' title='bbox 834 3433 970 3496; x_wconf 88' lang='lat' dir='ltr'><strong>tuendos</strong></span> <span class='ocrx_word' id='word_1_238' title='bbox 992 3434 1104 3515; x_wconf 81' lang='lat' dir='ltr'><strong>putati</strong></span> <span class='ocrx_word' id='word_1_239' title='bbox 1134 3432 1217 3513; x_wconf 81' lang='lat' dir='ltr'><strong>Ergo</strong></span> <span class='ocrx_word' id='word_1_240' title='bbox 1238 3437 1293 3493; x_wconf 90' lang='lat' dir='ltr'><strong>aut</strong></span> <span class='ocrx_word' id='word_1_241' title='bbox 1313 3430 1389 3494; x_wconf 91' lang='lat' dir='ltr'><strong>honi</strong></span> <span class='ocrx_word' id='word_1_242' title='bbox 1411 3439 1502 3507; x_wconf 91' lang='lat' dir='ltr'><strong>sunt,</strong></span> <span class='ocrx_word' id='word_1_243' title='bbox 1524 3451 1605 3513; x_wconf 88' lang='lat' dir='ltr'><strong>quos</strong></span> 
     </span>
     <span class='ocr_line' id='line_1_25' title="bbox 282 3524 1605 3610; baseline 0.002 -23"><span class='ocrx_word' id='word_1_244' title='bbox 282 3524 375 3588; x_wconf 89' lang='lat' dir='ltr'><strong>etiam</strong></span> <span class='ocrx_word' id='word_1_245' title='bbox 399 3544 527 3599; x_wconf 91' lang='lat' dir='ltr'><strong>ornare,</strong></span> <span class='ocrx_word' id='word_1_246' title='bbox 553 3533 607 3588; x_wconf 92' lang='lat' dir='ltr'><strong>aut</strong></span> <span class='ocrx_word' id='word_1_247' title='bbox 630 3527 745 3610; x_wconf 91' lang='lat' dir='ltr'><strong>quieti,</strong></span> <span class='ocrx_word' id='word_1_248' title='bbox 768 3548 847 3610; x_wconf 91' lang='lat' dir='ltr'><strong>quos</strong></span> <span class='ocrx_word' id='word_1_249' title='bbox 870 3546 1057 3589; x_wconf 86' lang='lat' dir='ltr'><strong>conservare</strong></span> <span class='ocrx_word' id='word_1_250' title='bbox 1079 3525 1248 3598; x_wconf 89' lang='lat' dir='ltr'><strong>debemus,</strong></span> <span class='ocrx_word' id='word_1_251' title='bbox 1270 3532 1324 3587; x_wconf 89' lang='lat' dir='ltr'><strong>aut</strong></span> <span class='ocrx_word' id='word_1_252' title='bbox 1346 3525 1448 3609; x_wconf 91' lang='lat' dir='ltr'><strong>impii,</strong></span> <span class='ocrx_word' id='word_1_253' title='bbox 1471 3546 1605 3609; x_wconf 92' lang='lat' dir='ltr'><strong>quorum</strong></span> 
     </span>
     <span class='ocr_line' id='line_1_26' title="bbox 282 3615 1644 3704; baseline 0.001 -22"><span class='ocrx_word' id='word_1_254' title='bbox 282 3625 389 3682; x_wconf 88' lang='lat' dir='ltr'><strong>eontra</strong></span> <span class='ocrx_word' id='word_1_255' title='bbox 416 3617 554 3682; x_wconf 83' lang='lat' dir='ltr'><strong>furorem</strong></span> <span class='ocrx_word' id='word_1_256' title='bbox 582 3620 699 3684; x_wconf 89' lang='lat' dir='ltr'><strong>bellum</strong></span> <span class='ocrx_word' id='word_1_257' title='bbox 722 3627 755 3685; x_wconf 90' lang='lat' dir='ltr'><strong>et</strong></span> <span class='ocrx_word' id='word_1_258' title='bbox 775 3622 857 3684; x_wconf 88' lang='lat' dir='ltr'><strong>iusta</strong></span> <span class='ocrx_word' id='word_1_259' title='bbox 879 3640 965 3683; x_wconf 91' lang='lat' dir='ltr'><strong>arma</strong></span> <span class='ocrx_word' id='word_1_260' title='bbox 987 3619 1138 3702; x_wconf 89' lang='lat' dir='ltr'><strong>cepimus.</strong></span> <span class='ocrx_word' id='word_1_261' title='bbox 1183 3620 1250 3682; x_wconf 84' lang='lat' dir='ltr'><strong>XV.</strong></span> <span class='ocrx_word' id='word_1_262' title='bbox 1272 3615 1323 3680; x_wconf 84' lang='lat'><strong>38.</strong></span> <span class='ocrx_word' id='word_1_263' title='bbox 1347 3618 1489 3695; x_wconf 87' lang='lat' dir='ltr'><strong>Quorum</strong></span> <span class='ocrx_word' id='word_1_264' title='bbox 1510 3620 1644 3704; x_wconf 71' lang='lat' dir='ltr'><strong>igiturne</strong></span> 
     </span>
     <span class='ocr_line' id='line_1_27' title="bbox 282 3715 1607 3797; baseline 0.004 -23"><span class='ocrx_word' id='word_1_265' title='bbox 282 3722 503 3776; x_wconf 85' lang='lat' dir='ltr'><strong>veteranorum</strong></span> <span class='ocrx_word' id='word_1_266' title='bbox 526 3715 710 3778; x_wconf 85' lang='lat' dir='ltr'><strong>animaene</strong></span> <span class='ocrx_word' id='word_1_267' title='bbox 733 3716 928 3779; x_wconf 80' lang='lat' dir='ltr'><strong>offendamus</strong></span> <span class='ocrx_word' id='word_1_268' title='bbox 950 3717 1118 3778; x_wconf 69' lang='lat' dir='ltr'><strong>veremur?</strong></span> <span class='ocrx_word' id='word_1_269' title='bbox 1151 3716 1326 3788; x_wconf 87' lang='lat' dir='ltr'><strong>Eorumne,</strong></span> <span class='ocrx_word' id='word_1_270' title='bbox 1350 3715 1406 3797; x_wconf 93' lang='lat' dir='ltr'><strong>qui</strong></span> <span class='ocrx_word' id='word_1_271' title='bbox 1424 3716 1462 3777; x_wconf 89' lang='lat' dir='ltr'><strong>B.</strong></span> <span class='ocrx_word' id='word_1_272' title='bbox 1477 3717 1607 3779; x_wconf 85' lang='lat' dir='ltr'><strong>Brutum</strong></span> 
     </span>
     <span class='ocr_line' id='line_1_28' title="bbox 285 3807 1608 3893; baseline 0.001 -23"><span class='ocrx_word' id='word_1_273' title='bbox 285 3807 453 3871; x_wconf 91' lang='lat' dir='ltr'><strong>obsidione</strong></span> <span class='ocrx_word' id='word_1_274' title='bbox 476 3809 608 3890; x_wconf 87' lang='lat' dir='ltr'><strong>cupiunt</strong></span> <span class='ocrx_word' id='word_1_275' title='bbox 629 3808 785 3871; x_wconf 77' lang='lat' dir='ltr'><strong>liberare?</strong></span> <span class='ocrx_word' id='word_1_276' title='bbox 808 3810 923 3893; x_wconf 91' lang='lat' dir='ltr'><strong>quibus</strong></span> <span class='ocrx_word' id='word_1_277' title='bbox 945 3829 1017 3870; x_wconf 90' lang='lat' dir='ltr'><strong>cnm</strong></span> <span class='ocrx_word' id='word_1_278' title='bbox 1032 3809 1119 3871; x_wconf 93' lang='lat' dir='ltr'><strong>Bruti</strong></span> <span class='ocrx_word' id='word_1_279' title='bbox 1139 3807 1225 3870; x_wconf 85' lang='lat' dir='ltr'><strong>salus</strong></span> <span class='ocrx_word' id='word_1_280' title='bbox 1240 3826 1312 3870; x_wconf 86' lang='lat' dir='ltr'><strong>cara</strong></span> <span class='ocrx_word' id='word_1_281' title='bbox 1325 3808 1381 3882; x_wconf 85' lang='lat' dir='ltr'><strong>sit,</strong></span> <span class='ocrx_word' id='word_1_282' title='bbox 1404 3808 1459 3890; x_wconf 94' lang='lat' dir='ltr'><strong>qui</strong></span> <span class='ocrx_word' id='word_1_283' title='bbox 1474 3814 1608 3892; x_wconf 88' lang='lat' dir='ltr'><strong>possunt</strong></span> 
     </span>
     <span class='ocr_line' id='line_1_29' title="bbox 283 3900 1606 3984; baseline -0.001 -20"><span class='ocrx_word' id='word_1_284' title='bbox 283 3901 381 3964; x_wconf 84' lang='lat' dir='ltr'><strong>Cassii</strong></span> <span class='ocrx_word' id='word_1_285' title='bbox 403 3919 519 3963; x_wconf 93' lang='lat' dir='ltr'><strong>nomen</strong></span> <span class='ocrx_word' id='word_1_286' title='bbox 542 3900 668 3965; x_wconf 78' lang='lat' dir='ltr'><strong>odisset</strong></span> <span class='ocrx_word' id='word_1_287' title='bbox 697 3905 745 3964; x_wconf 78' lang='lat' dir='ltr'><strong>An</strong></span> <span class='ocrx_word' id='word_1_288' title='bbox 767 3923 893 3977; x_wconf 91' lang='lat' dir='ltr'><strong>eorum,</strong></span> <span class='ocrx_word' id='word_1_289' title='bbox 917 3903 971 3984; x_wconf 91' lang='lat' dir='ltr'><strong>qui</strong></span> <span class='ocrx_word' id='word_1_290' title='bbox 987 3902 1132 3984; x_wconf 89' lang='lat' dir='ltr'><strong>utrisque</strong></span> <span class='ocrx_word' id='word_1_291' title='bbox 1147 3900 1241 3963; x_wconf 90' lang='lat' dir='ltr'><strong>armis</strong></span> <span class='ocrx_word' id='word_1_292' title='bbox 1256 3902 1392 3964; x_wconf 84' lang='lat' dir='ltr'><strong>vacanti</strong></span> <span class='ocrx_word' id='word_1_293' title='bbox 1414 3920 1479 3963; x_wconf 91' lang='lat' dir='ltr'><strong>non</strong></span> <span class='ocrx_word' id='word_1_294' title='bbox 1493 3920 1606 3965; x_wconf 80' lang='lat' dir='ltr'><strong>vereor</strong></span> 
     </span>
    </p>
   </div>
   <div class='ocr_carea' id='block_1_3' title="bbox 283 4168 1607 4447">
    <p class='ocr_par' dir='ltr' id='par_1_3' title="bbox 283 4168 1607 4447">
     <span class='ocr_line' id='line_1_30' title="bbox 348 4168 1605 4235; baseline -0.001 -14"><span class='ocrx_word' id='word_1_295' title='bbox 348 4174 372 4221; x_wconf 98' lang='grc'><strong>4.</strong></span> <span class='ocrx_word' id='word_1_296' title='bbox 384 4171 480 4220; x_wconf 69' lang='lat' dir='ltr'><strong>moroni</strong></span> <span class='ocrx_word' id='word_1_297' title='bbox 496 4184 525 4234; x_wconf 88' lang='lat' dir='ltr'><strong>g;</strong></span> <span class='ocrx_word' id='word_1_298' title='bbox 543 4171 686 4220; x_wconf 81' lang='lat' dir='ltr'><strong>inmaeub</strong></span> <span class='ocrx_word' id='word_1_299' title='bbox 703 4200 728 4207; x_wconf 95' lang='lat'>-</span> <span class='ocrx_word' id='word_1_300' title='bbox 747 4172 772 4221; x_wconf 73' lang='grc'><strong>4.</strong></span> <span class='ocrx_word' id='word_1_301' title='bbox 789 4185 873 4235; x_wconf 76' lang='lat' dir='ltr'><strong>prorsa</strong></span> <span class='ocrx_word' id='word_1_302' title='bbox 889 4174 899 4220; x_wconf 90' lang='lat' dir='ltr'><strong>t</strong></span> <span class='ocrx_word' id='word_1_303' title='bbox 913 4196 939 4207; x_wconf 92' lang='lat'>-</span> <span class='ocrx_word' id='word_1_304' title='bbox 957 4170 981 4222; x_wconf 81' lang='grc'><strong>4.</strong></span> <span class='ocrx_word' id='word_1_305' title='bbox 995 4171 1114 4220; x_wconf 82' lang='lat' dir='ltr'><strong>arcodiri</strong></span> <span class='ocrx_word' id='word_1_306' title='bbox 1130 4170 1225 4234; x_wconf 87' lang='lat' dir='ltr'><strong>scripsi</strong></span> <span class='ocrx_word' id='word_1_307' title='bbox 1238 4169 1280 4231; x_wconf 85' lang='lat' dir='ltr'><strong>(ct.</strong></span> <span class='ocrx_word' id='word_1_308' title='bbox 1290 4183 1317 4219; x_wconf 85' lang='lat' dir='ltr'><strong>v.</strong></span> <span class='ocrx_word' id='word_1_309' title='bbox 1331 4168 1399 4230; x_wconf 71' lang='lat' dir='ltr'><strong>ill:</strong></span> <span class='ocrx_word' id='word_1_310' title='bbox 1418 4170 1512 4219; x_wconf 76' lang='grc'><strong>40444444</strong></span> <span class='ocrx_word' id='word_1_311' title='bbox 1527 4172 1605 4231; x_wconf 74' lang='lat' dir='ltr'><strong>nsit,</strong></span> 
     </span>
     <span class='ocr_line' id='line_1_31' title="bbox 283 4244 1606 4308; baseline -0.001 -12"><span class='ocrx_word' id='word_1_312' title='bbox 283 4261 316 4296; x_wconf 78' lang='grc'><strong>44</strong></span> <span class='ocrx_word' id='word_1_313' title='bbox 326 4247 414 4296; x_wconf 82' lang='lat' dir='ltr'><strong>audito</strong></span> <span class='ocrx_word' id='word_1_314' title='bbox 430 4245 462 4303; x_wconf 90' lang='lat' dir='ltr'><strong>b;</strong></span> <span class='ocrx_word' id='word_1_315' title='bbox 481 4246 603 4295; x_wconf 77' lang='grc' dir='ltr'><strong>444ον4444</strong></span> <span class='ocrx_word' id='word_1_316' title='bbox 620 4259 634 4294; x_wconf 92' lang='lat' dir='ltr'><strong>a</strong></span> <span class='ocrx_word' id='word_1_317' title='bbox 643 4246 693 4308; x_wconf 68' lang='lat' dir='ltr'><strong>gi,</strong></span> <span class='ocrx_word' id='word_1_318' title='bbox 712 4246 761 4295; x_wconf 84' lang='lat' dir='ltr'><strong>dici</strong></span> <span class='ocrx_word' id='word_1_319' title='bbox 777 4247 829 4294; x_wconf 88' lang='lat' dir='ltr'><strong>iom</strong></span> <span class='ocrx_word' id='word_1_320' title='bbox 839 4260 857 4295; x_wconf 89' lang='grc'><strong>4</strong></span> <span class='ocrx_word' id='word_1_321' title='bbox 868 4246 1024 4307; x_wconf 78' lang='lat' dir='ltr'><strong>quibusdam,</strong></span> <span class='ocrx_word' id='word_1_322' title='bbox 1042 4246 1165 4295; x_wconf 78' lang='lat' dir='ltr'><strong>aromori</strong></span> <span class='ocrx_word' id='word_1_323' title='bbox 1181 4245 1274 4294; x_wconf 89' lang='lat' dir='ltr'><strong>Ocum</strong></span> <span class='ocrx_word' id='word_1_324' title='bbox 1292 4244 1463 4306; x_wconf 82' lang='lat' dir='ltr'><strong>Naugerio.-</strong></span> <span class='ocrx_word' id='word_1_325' title='bbox 1475 4245 1606 4295; x_wconf 77' lang='grc'><strong>4444444444</strong></span> 
     </span>
     <span class='ocr_line' id='line_1_32' title="bbox 285 4317 1606 4385; baseline -0.002 -13"><span class='ocrx_word' id='word_1_326' title='bbox 285 4351 313 4361; x_wconf 94' lang='grc'><strong>-</strong></span> <span class='ocrx_word' id='word_1_327' title='bbox 326 4324 431 4372; x_wconf 81' lang='lat' dir='ltr'><strong>nimiam</strong></span> <span class='ocrx_word' id='word_1_328' title='bbox 448 4321 508 4385; x_wconf 90' lang='lat' dir='ltr'><strong>post</strong></span> <span class='ocrx_word' id='word_1_329' title='bbox 518 4320 589 4369; x_wconf 85' lang='lat' dir='ltr'><strong>Brut.</strong></span> <span class='ocrx_word' id='word_1_330' title='bbox 602 4333 656 4370; x_wconf 87' lang='lat' dir='ltr'><strong>orn.</strong></span> <span class='ocrx_word' id='word_1_331' title='bbox 670 4323 694 4379; x_wconf 87' lang='lat' dir='ltr'><strong>t;</strong></span> <span class='ocrx_word' id='word_1_332' title='bbox 712 4334 815 4370; x_wconf 81' lang='grc'><strong>4444444444</strong></span> <span class='ocrx_word' id='word_1_333' title='bbox 826 4320 844 4370; x_wconf 89' lang='grc'><strong>4)</strong></span> <span class='ocrx_word' id='word_1_334' title='bbox 856 4349 889 4358; x_wconf 89' lang='grc'>-</span> <span class='ocrx_word' id='word_1_335' title='bbox 905 4321 929 4369; x_wconf 82' lang='grc'><strong>44.</strong></span> <span class='ocrx_word' id='word_1_336' title='bbox 944 4321 1064 4385; x_wconf 67' lang='lat' dir='ltr'><strong>cireen]</strong></span> <span class='ocrx_word' id='word_1_337' title='bbox 1082 4317 1197 4383; x_wconf 84' lang='lat' dir='ltr'><strong>·Bupler</strong></span> <span class='ocrx_word' id='word_1_338' title='bbox 1211 4320 1293 4369; x_wconf 87' lang='lat' dir='ltr'><strong>Cassii</strong></span> <span class='ocrx_word' id='word_1_339' title='bbox 1311 4320 1409 4368; x_wconf 88' lang='lat' dir='ltr'><strong>mentio</strong></span> <span class='ocrx_word' id='word_1_340' title='bbox 1421 4321 1544 4382; x_wconf 89' lang='lat' dir='ltr'><strong>suspecta</strong></span> <span class='ocrx_word' id='word_1_341' title='bbox 1556 4322 1606 4382; x_wconf 85' lang='lat' dir='ltr'><strong>est,</strong></span> 
     </span>
     <span class='ocr_line' id='line_1_33' title="bbox 283 4394 1607 4447; baseline -0.002 0"><span class='ocrx_word' id='word_1_342' title='bbox 283 4398 332 4447; x_wconf 91' lang='lat' dir='ltr'><strong>nisi</strong></span> <span class='ocrx_word' id='word_1_343' title='bbox 349 4409 399 4446; x_wconf 85' lang='lat' dir='ltr'><strong>vox</strong></span> <span class='ocrx_word' id='word_1_344' title='bbox 421 4396 496 4446; x_wconf 83' lang='lat' dir='ltr'><strong>etiem</strong></span> <span class='ocrx_word' id='word_1_345' title='bbox 517 4397 543 4444; x_wconf 90' lang='lat' dir='ltr'><strong>in</strong></span> <span class='ocrx_word' id='word_1_346' title='bbox 565 4394 677 4446; x_wconf 89' lang='lat' dir='ltr'><strong>alterum</strong></span> <span class='ocrx_word' id='word_1_347' title='bbox 700 4396 851 4447; x_wconf 89' lang='lat' dir='ltr'><strong>membrum</strong></span> <span class='ocrx_word' id='word_1_348' title='bbox 873 4396 1055 4446; x_wconf 77' lang='lat' dir='ltr'><strong>transferatur.</strong></span> <span class='ocrx_word' id='word_1_349' title='bbox 1082 4397 1150 4445; x_wconf 84' lang='lat' dir='ltr'><strong>Fort.</strong></span> <span class='ocrx_word' id='word_1_350' title='bbox 1170 4407 1231 4444; x_wconf 93' lang='lat' dir='ltr'><strong>cum</strong></span> <span class='ocrx_word' id='word_1_351' title='bbox 1252 4395 1331 4444; x_wconf 88' lang='lat' dir='ltr'><strong>Bruto</strong></span> <span class='ocrx_word' id='word_1_352' title='bbox 1355 4395 1382 4443; x_wconf 90' lang='lat' dir='ltr'><strong>et</strong></span> <span class='ocrx_word' id='word_1_353' title='bbox 1399 4394 1490 4443; x_wconf 86' lang='lat' dir='ltr'><strong>Cassio</strong></span> <span class='ocrx_word' id='word_1_354' title='bbox 1508 4395 1607 4444; x_wconf 82' lang='lat' dir='ltr'><strong>Caesar</strong></span> 
     </span>
    </p>
   </div>
   <div class='ocr_carea' id='block_1_4' title="bbox 284 4468 1713 4531">
    <p class='ocr_par' dir='ltr' id='par_1_4' title="bbox 284 4468 1713 4531">
     <span class='ocr_line' id='line_1_34' title="bbox 284 4468 1713 4531; baseline -0.004 -9"><span class='ocrx_word' id='word_1_355' title='bbox 284 4473 433 4522; x_wconf 88' lang='lat' dir='ltr'><strong>nominatus</strong></span> <span class='ocrx_word' id='word_1_356' title='bbox 450 4470 560 4520; x_wconf 77' lang='lat' dir='ltr'><strong>luerat·</strong></span> <span class='ocrx_word' id='word_1_357' title='bbox 579 4472 713 4520; x_wconf 81' lang='lat' dir='ltr'><strong>Ganarorr.</strong></span> <span class='ocrx_word' id='word_1_358' title='bbox 732 4472 784 4522; x_wconf 82' lang='lat' dir='ltr'><strong>Nos</strong></span> <span class='ocrx_word' id='word_1_359' title='bbox 802 4470 870 4521; x_wconf 88' lang='lat' dir='ltr'><strong>duce</strong></span> <span class='ocrx_word' id='word_1_360' title='bbox 888 4473 898 4520; x_wconf 89' lang='lat' dir='ltr'><strong>t</strong></span> <span class='ocrx_word' id='word_1_361' title='bbox 914 4473 974 4520; x_wconf 82' lang='lat' dir='ltr'><strong>nim.</strong></span> <span class='ocrx_word' id='word_1_362' title='bbox 989 4471 1056 4520; x_wconf 79' lang='lat' dir='ltr'><strong>Coss.</strong></span> <span class='ocrx_word' id='word_1_363' title='bbox 1076 4468 1270 4520; x_wconf 80' lang='lat' dir='ltr'><strong>inclusimus-</strong></span> <span class='ocrx_word' id='word_1_364' title='bbox 1288 4481 1347 4517; x_wconf 81' lang='lat' dir='ltr'><strong>uere</strong></span> <span class='ocrx_word' id='word_1_365' title='bbox 1363 4469 1374 4516; x_wconf 92' lang='lat' dir='ltr'><strong>t</strong></span> <span class='ocrx_word' id='word_1_366' title='bbox 1393 4493 1421 4504; x_wconf 89' lang='lat'>-</span> <span class='ocrx_word' id='word_1_367' title='bbox 1440 4468 1465 4517; x_wconf 88' lang='lat'><strong>6.</strong></span> <span class='ocrx_word' id='word_1_368' title='bbox 1477 4480 1537 4531; x_wconf 80' lang='lat' dir='ltr'><strong>erpo</strong></span> <span class='ocrx_word' id='word_1_369' title='bbox 1553 4470 1608 4517; x_wconf 90' lang='lat' dir='ltr'><strong>t-</strong></span> <span class='ocrx_word' id='word_1_370' title='bbox 1710 4481 1713 4487; x_wconf 93' lang='lat'>·</span> 
     </span>
    </p>
   </div>
   <div class='ocr_carea' id='block_1_5' title="bbox 283 4544 1613 5960">
    <p class='ocr_par' dir='ltr' id='par_1_5' title="bbox 283 4544 1613 5960">
     <span class='ocr_line' id='line_1_35' title="bbox 284 4544 1609 4610; baseline -0.001 -14"><span class='ocrx_word' id='word_1_371' title='bbox 284 4547 308 4596; x_wconf 93' lang='grc'><strong>8.</strong></span> <span class='ocrx_word' id='word_1_372' title='bbox 321 4547 508 4608; x_wconf 76' lang='lat' dir='ltr'><strong>reprehendistis</strong></span> <span class='ocrx_word' id='word_1_373' title='bbox 518 4544 584 4593; x_wconf 90' lang='lat' dir='ltr'><strong>coni.</strong></span> <span class='ocrx_word' id='word_1_374' title='bbox 596 4545 714 4604; x_wconf 87' lang='lat' dir='ltr'><strong>Ernesti;</strong></span> <span class='ocrx_word' id='word_1_375' title='bbox 732 4560 792 4595; x_wconf 83' lang='grc'><strong>444444</strong></span> <span class='ocrx_word' id='word_1_376' title='bbox 807 4548 886 4610; x_wconf 79' lang='lat' dir='ltr'><strong>igitur</strong></span> <span class='ocrx_word' id='word_1_377' title='bbox 896 4546 992 4608; x_wconf 83' lang='lat' dir='ltr'><strong>repreb.</strong></span> <span class='ocrx_word' id='word_1_378' title='bbox 1004 4558 1058 4594; x_wconf 93' lang='lat' dir='ltr'><strong>om.</strong></span> <span class='ocrx_word' id='word_1_379' title='bbox 1072 4547 1121 4594; x_wconf 88' lang='lat' dir='ltr'><strong>t-</strong></span> <span class='ocrx_word' id='word_1_380' title='bbox 1136 4544 1344 4604; x_wconf 80' lang='lat' dir='ltr'><strong>antoniuspotioa</strong></span> <span class='ocrx_word' id='word_1_381' title='bbox 1354 4555 1447 4593; x_wconf 78' lang='lat' dir='ltr'><strong>cruore</strong></span> <span class='ocrx_word' id='word_1_382' title='bbox 1457 4545 1505 4592; x_wconf 89' lang='lat' dir='ltr'><strong>t-</strong></span> <span class='ocrx_word' id='word_1_383' title='bbox 1521 4544 1545 4594; x_wconf 84' lang='grc'><strong>9.</strong></span> <span class='ocrx_word' id='word_1_384' title='bbox 1559 4546 1609 4595; x_wconf 86' lang='grc'><strong>440-</strong></span> 
     </span>
     <span class='ocr_line' id='line_1_36' title="bbox 283 4617 1609 4682; baseline -0.001 -11"><span class='ocrx_word' id='word_1_385' title='bbox 283 4621 353 4672; x_wconf 82' lang='grc'><strong>4440444</strong></span> <span class='ocrx_word' id='word_1_386' title='bbox 370 4617 470 4681; x_wconf 86' lang='lat' dir='ltr'><strong>aliquot</strong></span> <span class='ocrx_word' id='word_1_387' title='bbox 485 4618 544 4668; x_wconf 90' lang='lat' dir='ltr'><strong>libri</strong></span> <span class='ocrx_word' id='word_1_388' title='bbox 562 4619 687 4669; x_wconf 88' lang='lat' dir='ltr'><strong>Ferrarii:</strong></span> <span class='ocrx_word' id='word_1_389' title='bbox 704 4635 729 4682; x_wconf 87' lang='lat' dir='ltr'><strong>p.</strong></span> <span class='ocrx_word' id='word_1_390' title='bbox 742 4635 765 4671; x_wconf 85' lang='lat' dir='ltr'><strong>r.</strong></span> <span class='ocrx_word' id='word_1_391' title='bbox 782 4623 819 4672; x_wconf 89' lang='lat' dir='ltr'><strong>Di</strong></span> <span class='ocrx_word' id='word_1_392' title='bbox 836 4648 870 4658; x_wconf 90' lang='lat'>—</span> <span class='ocrx_word' id='word_1_393' title='bbox 886 4621 944 4671; x_wconf 86' lang='lat' dir='ltr'><strong>iort.</strong></span> <span class='ocrx_word' id='word_1_394' title='bbox 958 4632 1076 4670; x_wconf 75' lang='grc'><strong>04444444</strong></span> <span class='ocrx_word' id='word_1_395' title='bbox 1090 4643 1116 4654; x_wconf 95' lang='grc'><strong>-</strong></span> <span class='ocrx_word' id='word_1_396' title='bbox 1137 4619 1310 4668; x_wconf 65' lang='lat' dir='ltr'><strong>thracicum</strong></span> <span class='ocrx_word' id='word_1_397' title='bbox 1326 4619 1378 4666; x_wconf 91' lang='lat' dir='ltr'><strong>t-</strong></span> <span class='ocrx_word' id='word_1_398' title='bbox 1397 4618 1438 4667; x_wconf 89' lang='grc'><strong>44.</strong></span> <span class='ocrx_word' id='word_1_399' title='bbox 1451 4618 1609 4682; x_wconf 76' lang='lat' dir='ltr'><strong>eoosroqiot</strong></span> 
     </span>
     <span class='ocr_line' id='line_1_37' title="bbox 287 4691 1610 4757; baseline -0.002 -12"><span class='ocrx_word' id='word_1_400' title='bbox 287 4697 363 4745; x_wconf 87' lang='grc'><strong>-4440</strong></span> <span class='ocrx_word' id='word_1_401' title='bbox 380 4694 445 4743; x_wconf 87' lang='grc'><strong>40440</strong></span> <span class='ocrx_word' id='word_1_402' title='bbox 461 4694 633 4743; x_wconf 81' lang='lat' dir='ltr'><strong>concordioea</strong></span> <span class='ocrx_word' id='word_1_403' title='bbox 649 4720 675 4731; x_wconf 92' lang='lat'>-</span> <span class='ocrx_word' id='word_1_404' title='bbox 695 4695 736 4745; x_wconf 88' lang='grc'><strong>43.</strong></span> <span class='ocrx_word' id='word_1_405' title='bbox 750 4697 847 4747; x_wconf 87' lang='lat' dir='ltr'><strong>oderem</strong></span> <span class='ocrx_word' id='word_1_406' title='bbox 864 4699 914 4745; x_wconf 93' lang='grc'><strong>4-</strong></span> <span class='ocrx_word' id='word_1_407' title='bbox 932 4709 986 4745; x_wconf 82' lang='lat' dir='ltr'><strong>rem</strong></span> <span class='ocrx_word' id='word_1_408' title='bbox 999 4695 1037 4757; x_wconf 77' lang='lat' dir='ltr'><strong>p]</strong></span> <span class='ocrx_word' id='word_1_409' title='bbox 1054 4708 1081 4756; x_wconf 82' lang='lat' dir='ltr'><strong>p.</strong></span> <span class='ocrx_word' id='word_1_410' title='bbox 1094 4708 1118 4743; x_wconf 85' lang='lat' dir='ltr'><strong>r.</strong></span> <span class='ocrx_word' id='word_1_411' title='bbox 1132 4707 1163 4749; x_wconf 84' lang='lat' dir='ltr'><strong>a;</strong></span> <span class='ocrx_word' id='word_1_412' title='bbox 1180 4707 1218 4743; x_wconf 91' lang='grc' dir='ltr'><strong>νο.</strong></span> <span class='ocrx_word' id='word_1_413' title='bbox 1235 4707 1276 4755; x_wconf 87' lang='lat' dir='ltr'><strong>po.</strong></span> <span class='ocrx_word' id='word_1_414' title='bbox 1290 4693 1298 4742; x_wconf 93' lang='lat' dir='ltr'><strong>i</strong></span> <span class='ocrx_word' id='word_1_415' title='bbox 1312 4717 1343 4756; x_wconf 87' lang='grc'><strong>,-</strong></span> <span class='ocrx_word' id='word_1_416' title='bbox 1363 4691 1404 4743; x_wconf 77' lang='lat' dir='ltr'><strong>u.</strong></span> <span class='ocrx_word' id='word_1_417' title='bbox 1420 4693 1466 4741; x_wconf 85' lang='lat' dir='ltr'><strong>hoc</strong></span> <span class='ocrx_word' id='word_1_418' title='bbox 1481 4694 1546 4742; x_wconf 83' lang='grc'><strong>444444</strong></span> <span class='ocrx_word' id='word_1_419' title='bbox 1561 4707 1610 4743; x_wconf 76' lang='grc'><strong>440-</strong></span> 
     </span>
     <span class='ocr_line' id='line_1_38' title="bbox 285 4766 1608 4831; baseline -0.003 -9"><span class='ocrx_word' id='word_1_420' title='bbox 285 4779 354 4822; x_wconf 82' lang='lat' dir='ltr'><strong>tuere</strong></span> <span class='ocrx_word' id='word_1_421' title='bbox 369 4769 481 4819; x_wconf 76' lang='lat' dir='ltr'><strong>mooeime</strong></span> <span class='ocrx_word' id='word_1_422' title='bbox 497 4766 569 4817; x_wconf 85' lang='lat' dir='ltr'><strong>debeo</strong></span> <span class='ocrx_word' id='word_1_423' title='bbox 586 4767 683 4819; x_wconf 90' lang='lat' dir='ltr'><strong>mediis</strong></span> <span class='ocrx_word' id='word_1_424' title='bbox 699 4783 752 4820; x_wconf 93' lang='lat' dir='ltr'><strong>om.</strong></span> <span class='ocrx_word' id='word_1_425' title='bbox 772 4772 782 4819; x_wconf 88' lang='lat' dir='ltr'><strong>t</strong></span> <span class='ocrx_word' id='word_1_426' title='bbox 800 4797 826 4805; x_wconf 93' lang='lat'>-</span> <span class='ocrx_word' id='word_1_427' title='bbox 846 4771 996 4820; x_wconf 73' lang='grc'><strong>4004444404</strong></span> <span class='ocrx_word' id='word_1_428' title='bbox 1016 4796 1043 4805; x_wconf 93' lang='grc'>-</span> <span class='ocrx_word' id='word_1_429' title='bbox 1062 4775 1146 4819; x_wconf 71' lang='lat' dir='ltr'><strong>natm</strong></span> <span class='ocrx_word' id='word_1_430' title='bbox 1162 4767 1263 4831; x_wconf 84' lang='lat' dir='ltr'><strong>ahgi:</strong></span> <span class='ocrx_word' id='word_1_431' title='bbox 1285 4781 1345 4818; x_wconf 85' lang='lat' dir='ltr'><strong>cero</strong></span> <span class='ocrx_word' id='word_1_432' title='bbox 1361 4767 1381 4817; x_wconf 96' lang='lat'>0</span> <span class='ocrx_word' id='word_1_433' title='bbox 1398 4779 1460 4817; x_wconf 83' lang='lat' dir='ltr'><strong>cunr</strong></span> <span class='ocrx_word' id='word_1_434' title='bbox 1478 4781 1530 4817; x_wconf 94' lang='lat' dir='ltr'><strong>uno</strong></span> <span class='ocrx_word' id='word_1_435' title='bbox 1548 4767 1608 4818; x_wconf 89' lang='lat' dir='ltr'><strong>cod.</strong></span> 
     </span>
     <span class='ocr_line' id='line_1_39' title="bbox 287 4842 1609 4908; baseline -0.004 -12"><span class='ocrx_word' id='word_1_436' title='bbox 287 4845 387 4896; x_wconf 79' lang='lat' dir='ltr'><strong>Faerni.</strong></span> <span class='ocrx_word' id='word_1_437' title='bbox 403 4869 430 4877; x_wconf 90' lang='lat'>-</span> <span class='ocrx_word' id='word_1_438' title='bbox 451 4842 490 4890; x_wconf 78' lang='lat' dir='ltr'><strong>ta.</strong></span> <span class='ocrx_word' id='word_1_439' title='bbox 504 4843 545 4891; x_wconf 86' lang='lat' dir='ltr'><strong>sed</strong></span> <span class='ocrx_word' id='word_1_440' title='bbox 561 4855 601 4891; x_wconf 83' lang='lat' dir='ltr'><strong>ecs</strong></span> <span class='ocrx_word' id='word_1_441' title='bbox 617 4843 712 4908; x_wconf 74' lang='grc'><strong>04444444]</strong></span> <span class='ocrx_word' id='word_1_442' title='bbox 725 4846 766 4895; x_wconf 81' lang='lat' dir='ltr'><strong>red</strong></span> <span class='ocrx_word' id='word_1_443' title='bbox 782 4846 819 4894; x_wconf 83' lang='grc'><strong>444</strong></span> <span class='ocrx_word' id='word_1_444' title='bbox 832 4846 881 4907; x_wconf 72' lang='lat' dir='ltr'><strong>(hos</strong></span> <span class='ocrx_word' id='word_1_445' title='bbox 893 4847 908 4906; x_wconf 86' lang='grc'><strong>4)</strong></span> <span class='ocrx_word' id='word_1_446' title='bbox 922 4844 1009 4906; x_wconf 75' lang='lat' dir='ltr'><strong>quibus</strong></span> <span class='ocrx_word' id='word_1_447' title='bbox 1025 4845 1098 4906; x_wconf 81' lang='lat' dir='ltr'><strong>agi;</strong></span> <span class='ocrx_word' id='word_1_448' title='bbox 1117 4845 1183 4905; x_wconf 81' lang='lat' dir='ltr'><strong>qood</strong></span> <span class='ocrx_word' id='word_1_449' title='bbox 1197 4845 1254 4907; x_wconf 85' lang='lat' dir='ltr'><strong>(per</strong></span> <span class='ocrx_word' id='word_1_450' title='bbox 1266 4844 1363 4907; x_wconf 89' lang='lat' dir='ltr'><strong>comp.)</strong></span> <span class='ocrx_word' id='word_1_451' title='bbox 1375 4842 1406 4891; x_wconf 88' lang='grc'><strong>444</strong></span> <span class='ocrx_word' id='word_1_452' title='bbox 1416 4843 1609 4904; x_wconf 61' lang='lat' dir='ltr'><strong>ponendum</strong></span> 
     </span>
     <span class='ocr_line' id='line_1_40' title="bbox 286 4916 1612 4982; baseline -0.002 -12"><span class='ocrx_word' id='word_1_453' title='bbox 286 4919 301 4970; x_wconf 80' lang='grc'><strong>4</strong></span> <span class='ocrx_word' id='word_1_454' title='bbox 319 4921 384 4982; x_wconf 83' lang='lat' dir='ltr'><strong>qood</strong></span> <span class='ocrx_word' id='word_1_455' title='bbox 401 4918 433 4966; x_wconf 85' lang='grc'><strong>444</strong></span> <span class='ocrx_word' id='word_1_456' title='bbox 449 4928 511 4976; x_wconf 78' lang='lat' dir='ltr'><strong>qnos</strong></span> <span class='ocrx_word' id='word_1_457' title='bbox 527 4916 614 4977; x_wconf 80' lang='lat' dir='ltr'><strong>quibus</strong></span> <span class='ocrx_word' id='word_1_458' title='bbox 631 4917 648 4965; x_wconf 93' lang='lat' dir='ltr'><strong>b</strong></span> <span class='ocrx_word' id='word_1_459' title='bbox 667 4917 724 4978; x_wconf 84' lang='lat' dir='ltr'><strong>(sed</strong></span> <span class='ocrx_word' id='word_1_460' title='bbox 743 4933 803 4981; x_wconf 81' lang='lat' dir='ltr'><strong>quer</strong></span> <span class='ocrx_word' id='word_1_461' title='bbox 820 4920 998 4982; x_wconf 87' lang='lat' dir='ltr'><strong>punctatum);</strong></span> <span class='ocrx_word' id='word_1_462' title='bbox 1022 4920 1064 4968; x_wconf 87' lang='lat' dir='ltr'><strong>sed</strong></span> <span class='ocrx_word' id='word_1_463' title='bbox 1079 4920 1136 4979; x_wconf 82' lang='lat' dir='ltr'><strong>bor,</strong></span> <span class='ocrx_word' id='word_1_464' title='bbox 1160 4919 1247 4981; x_wconf 76' lang='grc'><strong>0444444</strong></span> <span class='ocrx_word' id='word_1_465' title='bbox 1263 4919 1359 4968; x_wconf 82' lang='grc'><strong>44444444</strong></span> <span class='ocrx_word' id='word_1_466' title='bbox 1375 4923 1424 4968; x_wconf 82' lang='lat' dir='ltr'><strong>est:</strong></span> <span class='ocrx_word' id='word_1_467' title='bbox 1445 4923 1511 4967; x_wconf 84' lang='lat' dir='ltr'><strong>certe</strong></span> <span class='ocrx_word' id='word_1_468' title='bbox 1526 4919 1612 4968; x_wconf 83' lang='lat' dir='ltr'><strong>timere</strong></span> 
     </span>
     <span class='ocr_line' id='line_1_41' title="bbox 284 4990 1610 5053; baseline -0.002 -9"><span class='ocrx_word' id='word_1_469' title='bbox 284 5009 335 5044; x_wconf 81' lang='lat' dir='ltr'><strong>aon</strong></span> <span class='ocrx_word' id='word_1_470' title='bbox 351 4992 423 5042; x_wconf 83' lang='lat' dir='ltr'><strong>debeo</strong></span> <span class='ocrx_word' id='word_1_471' title='bbox 441 4991 476 5049; x_wconf 80' lang='lat'><strong>03</strong></span> <span class='ocrx_word' id='word_1_472' title='bbox 502 4990 544 5040; x_wconf 84' lang='grc'><strong>4444</strong></span> <span class='ocrx_word' id='word_1_473' title='bbox 563 4991 621 5052; x_wconf 81' lang='lat' dir='ltr'><strong>bos,</strong></span> <span class='ocrx_word' id='word_1_474' title='bbox 643 4992 730 5053; x_wconf 80' lang='lat' dir='ltr'><strong>quibes</strong></span> <span class='ocrx_word' id='word_1_475' title='bbox 751 4995 847 5044; x_wconf 84' lang='grc'><strong>4044444</strong></span> <span class='ocrx_word' id='word_1_476' title='bbox 866 5001 901 5044; x_wconf 88' lang='grc'><strong>444</strong></span> <span class='ocrx_word' id='word_1_477' title='bbox 906 5008 915 5052; x_wconf 86' lang='grc'><strong>,·</strong></span> <span class='ocrx_word' id='word_1_478' title='bbox 937 5000 1029 5043; x_wconf 70' lang='lat' dir='ltr'><strong>retem</strong></span> <span class='ocrx_word' id='word_1_479' title='bbox 1045 4994 1131 5044; x_wconf 88' lang='lat' dir='ltr'><strong>timere</strong></span> <span class='ocrx_word' id='word_1_480' title='bbox 1146 5008 1197 5043; x_wconf 83' lang='grc'><strong>404</strong></span> <span class='ocrx_word' id='word_1_481' title='bbox 1213 4995 1284 5044; x_wconf 83' lang='lat' dir='ltr'><strong>debeo</strong></span> <span class='ocrx_word' id='word_1_482' title='bbox 1300 4995 1401 5043; x_wconf 86' lang='lat' dir='ltr'><strong>amicus</strong></span> <span class='ocrx_word' id='word_1_483' title='bbox 1418 4991 1504 5042; x_wconf 88' lang='lat' dir='ltr'><strong>Orellii</strong></span> <span class='ocrx_word' id='word_1_484' title='bbox 1522 4994 1610 5042; x_wconf 87' lang='lat' dir='ltr'><strong>nescio</strong></span> 
     </span>
     <span class='ocr_line' id='line_1_42' title="bbox 288 5063 1611 5133; baseline 0.001 -15"><span class='ocrx_word' id='word_1_485' title='bbox 288 5069 362 5133; x_wconf 90' lang='lat' dir='ltr'><strong>quis,</strong></span> <span class='ocrx_word' id='word_1_486' title='bbox 380 5068 492 5117; x_wconf 90' lang='lat' dir='ltr'><strong>utitem</strong></span> <span class='ocrx_word' id='word_1_487' title='bbox 509 5063 591 5114; x_wconf 88' lang='lat' dir='ltr'><strong>voluit</strong></span> <span class='ocrx_word' id='word_1_488' title='bbox 607 5067 688 5118; x_wconf 86' lang='lat' dir='ltr'><strong>homo</strong></span> <span class='ocrx_word' id='word_1_489' title='bbox 705 5069 799 5120; x_wconf 90' lang='lat' dir='ltr'><strong>doctus</strong></span> <span class='ocrx_word' id='word_1_490' title='bbox 816 5071 841 5120; x_wconf 91' lang='lat' dir='ltr'><strong>in</strong></span> <span class='ocrx_word' id='word_1_491' title='bbox 857 5071 1015 5130; x_wconf 71' lang='lat' dir='ltr'><strong>Boeotorum</strong></span> <span class='ocrx_word' id='word_1_492' title='bbox 1032 5070 1077 5127; x_wconf 87' lang='grc'><strong>141,</strong></span> <span class='ocrx_word' id='word_1_493' title='bbox 1096 5082 1121 5133; x_wconf 89' lang='lat' dir='ltr'><strong>p.</strong></span> <span class='ocrx_word' id='word_1_494' title='bbox 1140 5068 1197 5120; x_wconf 73' lang='grc'><strong>234.</strong></span> <span class='ocrx_word' id='word_1_495' title='bbox 1224 5071 1252 5118; x_wconf 91' lang='lat' dir='ltr'><strong>ln</strong></span> <span class='ocrx_word' id='word_1_496' title='bbox 1273 5067 1384 5119; x_wconf 87' lang='lat' dir='ltr'><strong>tectione</strong></span> <span class='ocrx_word' id='word_1_497' title='bbox 1401 5066 1440 5117; x_wconf 86' lang='lat' dir='ltr'><strong>bt</strong></span> <span class='ocrx_word' id='word_1_498' title='bbox 1455 5069 1543 5132; x_wconf 92' lang='lat' dir='ltr'><strong>potius</strong></span> <span class='ocrx_word' id='word_1_499' title='bbox 1559 5067 1611 5119; x_wconf 89' lang='lat' dir='ltr'><strong>tale</strong></span> 
     </span>
     <span class='ocr_line' id='line_1_43' title="bbox 286 5140 1611 5207; baseline -0.001 -14"><span class='ocrx_word' id='word_1_500' title='bbox 286 5143 384 5207; x_wconf 90' lang='lat' dir='ltr'><strong>aliquid</strong></span> <span class='ocrx_word' id='word_1_501' title='bbox 401 5142 505 5193; x_wconf 85' lang='lat' dir='ltr'><strong>videtur</strong></span> <span class='ocrx_word' id='word_1_502' title='bbox 522 5140 617 5191; x_wconf 87' lang='lat' dir='ltr'><strong>latere:</strong></span> <span class='ocrx_word' id='word_1_503' title='bbox 643 5145 685 5192; x_wconf 82' lang='lat' dir='ltr'><strong>sed</strong></span> <span class='ocrx_word' id='word_1_504' title='bbox 701 5158 734 5194; x_wconf 83' lang='lat' dir='ltr'><strong>ec</strong></span> <span class='ocrx_word' id='word_1_505' title='bbox 750 5146 781 5195; x_wconf 89' lang='grc'><strong>444</strong></span> <span class='ocrx_word' id='word_1_506' title='bbox 796 5146 902 5206; x_wconf 80' lang='lat' dir='ltr'><strong>quietos,</strong></span> <span class='ocrx_word' id='word_1_507' title='bbox 920 5144 1008 5206; x_wconf 79' lang='lat' dir='ltr'><strong>quibus</strong></span> <span class='ocrx_word' id='word_1_508' title='bbox 1024 5146 1120 5194; x_wconf 85' lang='grc'><strong>4044444</strong></span> <span class='ocrx_word' id='word_1_509' title='bbox 1136 5149 1183 5205; x_wconf 85' lang='grc'><strong>444,</strong></span> <span class='ocrx_word' id='word_1_510' title='bbox 1201 5149 1266 5194; x_wconf 84' lang='lat' dir='ltr'><strong>certe</strong></span> <span class='ocrx_word' id='word_1_511' title='bbox 1281 5149 1299 5194; x_wconf 92' lang='grc'><strong>4.</strong></span> <span class='ocrx_word' id='word_1_512' title='bbox 1317 5158 1343 5194; x_wconf 82' lang='lat' dir='ltr'><strong>e.</strong></span> <span class='ocrx_word' id='word_1_513' title='bbox 1361 5144 1387 5193; x_wconf 89' lang='lat' dir='ltr'><strong>d.</strong></span> <span class='ocrx_word' id='word_1_514' title='bbox 1407 5169 1435 5180; x_wconf 97' lang='lat'><em>-</em></span> <span class='ocrx_word' id='word_1_515' title='bbox 1456 5157 1506 5193; x_wconf 81' lang='lat' dir='ltr'><strong>nco</strong></span> <span class='ocrx_word' id='word_1_516' title='bbox 1523 5156 1576 5194; x_wconf 94' lang='lat' dir='ltr'><strong>om.</strong></span> <span class='ocrx_word' id='word_1_517' title='bbox 1595 5156 1611 5192; x_wconf 89' lang='lat' dir='ltr'><strong>a</strong></span> 
     </span>
     <span class='ocr_line' id='line_1_44' title="bbox 291 5215 1613 5283; baseline -0.002 -15"><span class='ocrx_word' id='word_1_518' title='bbox 291 5247 318 5256; x_wconf 99' lang='lat'>-</span> <span class='ocrx_word' id='word_1_519' title='bbox 339 5220 377 5269; x_wconf 88' lang='grc'><strong>46.</strong></span> <span class='ocrx_word' id='word_1_520' title='bbox 395 5231 484 5282; x_wconf 83' lang='lat' dir='ltr'><strong>prop.</strong></span> <span class='ocrx_word' id='word_1_521' title='bbox 503 5231 526 5267; x_wconf 84' lang='lat' dir='ltr'><strong>r.</strong></span> <span class='ocrx_word' id='word_1_522' title='bbox 541 5226 569 5276; x_wconf 79' lang='lat' dir='ltr'><strong>a:</strong></span> <span class='ocrx_word' id='word_1_523' title='bbox 586 5232 634 5280; x_wconf 83' lang='grc' dir='ltr'><strong>ρνο</strong></span> <span class='ocrx_word' id='word_1_524' title='bbox 650 5233 688 5270; x_wconf 88' lang='grc' dir='ltr'><strong>νο.</strong></span> <span class='ocrx_word' id='word_1_525' title='bbox 705 5234 747 5282; x_wconf 83' lang='lat' dir='ltr'><strong>po.</strong></span> <span class='ocrx_word' id='word_1_526' title='bbox 762 5223 769 5270; x_wconf 92' lang='lat' dir='ltr'><strong>i</strong></span> <span class='ocrx_word' id='word_1_527' title='bbox 786 5247 819 5257; x_wconf 91' lang='lat'>-</span> <span class='ocrx_word' id='word_1_528' title='bbox 835 5226 968 5283; x_wconf 74' lang='lat' dir='ltr'><strong>coepcmnl</strong></span> <span class='ocrx_word' id='word_1_529' title='bbox 984 5223 996 5269; x_wconf 85' lang='lat' dir='ltr'><strong>t</strong></span> <span class='ocrx_word' id='word_1_530' title='bbox 1014 5248 1041 5257; x_wconf 98' lang='lat'>-</span> <span class='ocrx_word' id='word_1_531' title='bbox 1059 5227 1115 5270; x_wconf 83' lang='grc'><strong>44444</strong></span> <span class='ocrx_word' id='word_1_532' title='bbox 1132 5233 1216 5283; x_wconf 82' lang='lat' dir='ltr'><strong>cmg</strong></span> <span class='ocrx_word' id='word_1_533' title='bbox 1233 5245 1260 5254; x_wconf 94' lang='lat'><em>-</em></span> <span class='ocrx_word' id='word_1_534' title='bbox 1279 5231 1343 5268; x_wconf 84' lang='lat' dir='ltr'><strong>coer.</strong></span> <span class='ocrx_word' id='word_1_535' title='bbox 1357 5217 1413 5280; x_wconf 79' lang='lat' dir='ltr'><strong>(sio)</strong></span> <span class='ocrx_word' id='word_1_536' title='bbox 1431 5215 1491 5267; x_wconf 94' lang='lat' dir='ltr'><strong>b-</strong></span> <span class='ocrx_word' id='word_1_537' title='bbox 1511 5218 1550 5267; x_wconf 83' lang='grc'><strong>47.</strong></span> <span class='ocrx_word' id='word_1_538' title='bbox 1563 5230 1613 5267; x_wconf 87' lang='grc'><strong>444-</strong></span> 
     </span>
     <span class='ocr_line' id='line_1_45' title="bbox 285 5291 1612 5360; baseline -0.002 -14"><span class='ocrx_word' id='word_1_539' title='bbox 285 5301 377 5346; x_wconf 85' lang='grc' dir='ltr'><strong>04ον4444</strong></span> <span class='ocrx_word' id='word_1_540' title='bbox 395 5296 418 5343; x_wconf 92' lang='lat' dir='ltr'><strong>t:</strong></span> <span class='ocrx_word' id='word_1_541' title='bbox 438 5299 539 5344; x_wconf 82' lang='grc' dir='ltr'><strong>44404ον4</strong></span> <span class='ocrx_word' id='word_1_542' title='bbox 555 5293 589 5352; x_wconf 71' lang='lat' dir='ltr'><strong>b,</strong></span> <span class='ocrx_word' id='word_1_543' title='bbox 609 5297 758 5346; x_wconf 82' lang='grc' dir='ltr'><strong>444404ον44444</strong></span> <span class='ocrx_word' id='word_1_544' title='bbox 773 5297 848 5360; x_wconf 86' lang='lat' dir='ltr'><strong>agi;</strong></span> <span class='ocrx_word' id='word_1_545' title='bbox 866 5298 1043 5346; x_wconf 79' lang='lat' dir='ltr'><strong>auctoritatem</strong></span> <span class='ocrx_word' id='word_1_546' title='bbox 1059 5296 1079 5345; x_wconf 94' lang='grc'><strong>0</strong></span> <span class='ocrx_word' id='word_1_547' title='bbox 1097 5309 1159 5346; x_wconf 91' lang='lat' dir='ltr'><strong>cum</strong></span> <span class='ocrx_word' id='word_1_548' title='bbox 1176 5294 1219 5344; x_wconf 89' lang='lat' dir='ltr'><strong>ed.</strong></span> <span class='ocrx_word' id='word_1_549' title='bbox 1238 5293 1302 5343; x_wconf 90' lang='lat' dir='ltr'><strong>Ven.</strong></span> <span class='ocrx_word' id='word_1_550' title='bbox 1322 5291 1394 5344; x_wconf 79' lang='grc'><strong>4483.</strong></span> <span class='ocrx_word' id='word_1_551' title='bbox 1408 5317 1435 5328; x_wconf 91' lang='grc'><strong>-</strong></span> <span class='ocrx_word' id='word_1_552' title='bbox 1454 5292 1612 5355; x_wconf 79' lang='lat' dir='ltr'><strong>odiomqoea</strong></span> 
     </span>
     <span class='ocr_line' id='line_1_46' title="bbox 290 5366 1610 5434; baseline -0.002 -14"><span class='ocrx_word' id='word_1_553' title='bbox 290 5398 312 5409; x_wconf 94' lang='lat'><em>-</em></span> <span class='ocrx_word' id='word_1_554' title='bbox 330 5370 370 5420; x_wconf 88' lang='grc'><strong>48.</strong></span> <span class='ocrx_word' id='word_1_555' title='bbox 383 5370 451 5419; x_wconf 87' lang='grc'><strong>44444</strong></span> <span class='ocrx_word' id='word_1_556' title='bbox 466 5383 528 5419; x_wconf 81' lang='lat' dir='ltr'><strong>soce</strong></span> <span class='ocrx_word' id='word_1_557' title='bbox 540 5370 653 5431; x_wconf 80' lang='lat' dir='ltr'><strong>periculo</strong></span> <span class='ocrx_word' id='word_1_558' title='bbox 670 5371 781 5434; x_wconf 85' lang='lat' dir='ltr'><strong>scripsi:</strong></span> <span class='ocrx_word' id='word_1_559' title='bbox 800 5372 870 5421; x_wconf 81' lang='lat' dir='ltr'><strong>uideo</strong></span> <span class='ocrx_word' id='word_1_560' title='bbox 886 5371 1009 5434; x_wconf 77' lang='lat' dir='ltr'><strong>epericulo</strong></span> <span class='ocrx_word' id='word_1_561' title='bbox 1026 5374 1051 5427; x_wconf 87' lang='lat' dir='ltr'><strong>t;</strong></span> <span class='ocrx_word' id='word_1_562' title='bbox 1068 5384 1160 5434; x_wconf 77' lang='lat' dir='ltr'><strong>mageo</strong></span> <span class='ocrx_word' id='word_1_563' title='bbox 1173 5368 1285 5432; x_wconf 69' lang='lat' dir='ltr'><strong>periculo</strong></span> <span class='ocrx_word' id='word_1_564' title='bbox 1301 5366 1359 5430; x_wconf 80' lang='lat' dir='ltr'><strong>bg;</strong></span> <span class='ocrx_word' id='word_1_565' title='bbox 1377 5380 1434 5416; x_wconf 80' lang='lat' dir='ltr'><strong>com</strong></span> <span class='ocrx_word' id='word_1_566' title='bbox 1449 5380 1541 5431; x_wconf 74' lang='lat' dir='ltr'><strong>mopso</strong></span> <span class='ocrx_word' id='word_1_567' title='bbox 1555 5381 1610 5429; x_wconf 86' lang='lat' dir='ltr'><strong>por.</strong></span> 
     </span>
     <span class='ocr_line' id='line_1_47' title="bbox 286 5440 1613 5510; baseline -0.002 -15"><span class='ocrx_word' id='word_1_568' title='bbox 286 5446 347 5496; x_wconf 85' lang='grc'><strong>440</strong></span> <span class='ocrx_word' id='word_1_569' title='bbox 367 5471 393 5479; x_wconf 91' lang='grc'>-</span> <span class='ocrx_word' id='word_1_570' title='bbox 413 5450 482 5494; x_wconf 80' lang='lat' dir='ltr'><strong>tuere</strong></span> <span class='ocrx_word' id='word_1_571' title='bbox 497 5445 509 5493; x_wconf 90' lang='lat' dir='ltr'><strong>t</strong></span> <span class='ocrx_word' id='word_1_572' title='bbox 524 5471 557 5480; x_wconf 91' lang='lat'>-</span> <span class='ocrx_word' id='word_1_573' title='bbox 573 5458 632 5507; x_wconf 81' lang='lat' dir='ltr'><strong>cup.</strong></span> <span class='ocrx_word' id='word_1_574' title='bbox 651 5458 738 5494; x_wconf 84' lang='grc'><strong>404444.</strong></span> <span class='ocrx_word' id='word_1_575' title='bbox 758 5446 812 5495; x_wconf 89' lang='lat' dir='ltr'><strong>Bi:</strong></span> <span class='ocrx_word' id='word_1_576' title='bbox 838 5460 926 5496; x_wconf 82' lang='grc'><strong>0044444.</strong></span> <span class='ocrx_word' id='word_1_577' title='bbox 945 5461 1005 5510; x_wconf 80' lang='lat' dir='ltr'><strong>nug.</strong></span> <span class='ocrx_word' id='word_1_578' title='bbox 1025 5447 1044 5495; x_wconf 94' lang='lat'>0</span> <span class='ocrx_word' id='word_1_579' title='bbox 1062 5459 1122 5495; x_wconf 93' lang='lat' dir='ltr'><strong>cum</strong></span> <span class='ocrx_word' id='word_1_580' title='bbox 1141 5445 1218 5495; x_wconf 93' lang='lat' dir='ltr'><strong>codd.</strong></span> <span class='ocrx_word' id='word_1_581' title='bbox 1237 5443 1357 5493; x_wconf 81' lang='lat' dir='ltr'><strong>Ferrarii.</strong></span> <span class='ocrx_word' id='word_1_582' title='bbox 1377 5467 1405 5478; x_wconf 90' lang='lat'><strong>·-</strong></span> <span class='ocrx_word' id='word_1_583' title='bbox 1431 5440 1471 5490; x_wconf 85' lang='grc'><strong>49.</strong></span> <span class='ocrx_word' id='word_1_584' title='bbox 1496 5441 1544 5491; x_wconf 82' lang='lat' dir='ltr'><strong>VII.</strong></span> <span class='ocrx_word' id='word_1_585' title='bbox 1564 5443 1613 5505; x_wconf 82' lang='lat' dir='ltr'><strong>(ee-</strong></span> 
     </span>
     <span class='ocr_line' id='line_1_48' title="bbox 284 5518 1611 5584; baseline -0.002 -15"><span class='ocrx_word' id='word_1_586' title='bbox 284 5523 366 5584; x_wconf 83' lang='lat' dir='ltr'><strong>ptimo</strong></span> <span class='ocrx_word' id='word_1_587' title='bbox 383 5521 398 5582; x_wconf 81' lang='lat' dir='ltr'><strong>i]</strong></span> <span class='ocrx_word' id='word_1_588' title='bbox 417 5519 470 5569; x_wconf 87' lang='lat' dir='ltr'><strong>Di:</strong></span> <span class='ocrx_word' id='word_1_589' title='bbox 489 5523 561 5569; x_wconf 75' lang='grc'><strong>44044</strong></span> <span class='ocrx_word' id='word_1_590' title='bbox 578 5520 597 5568; x_wconf 95' lang='grc'><strong>0</strong></span> <span class='ocrx_word' id='word_1_591' title='bbox 615 5531 677 5568; x_wconf 90' lang='lat' dir='ltr'><strong>cum</strong></span> <span class='ocrx_word' id='word_1_592' title='bbox 694 5519 793 5583; x_wconf 90' lang='lat' dir='ltr'><strong>aliquot</strong></span> <span class='ocrx_word' id='word_1_593' title='bbox 810 5520 888 5571; x_wconf 89' lang='lat' dir='ltr'><strong>codd.</strong></span> <span class='ocrx_word' id='word_1_594' title='bbox 903 5522 1031 5580; x_wconf 85' lang='lat' dir='ltr'><strong>Ferrarii;</strong></span> <span class='ocrx_word' id='word_1_595' title='bbox 1050 5521 1083 5571; x_wconf 87' lang='grc'><strong>04.</strong></span> <span class='ocrx_word' id='word_1_596' title='bbox 1102 5519 1165 5571; x_wconf 89' lang='lat' dir='ltr'><strong>Phil.</strong></span> <span class='ocrx_word' id='word_1_597' title='bbox 1178 5520 1242 5579; x_wconf 78' lang='lat' dir='ltr'><strong>xw.</strong></span> <span class='ocrx_word' id='word_1_598' title='bbox 1262 5520 1333 5583; x_wconf 72' lang='lat'><strong>527.</strong></span> <span class='ocrx_word' id='word_1_599' title='bbox 1349 5545 1376 5554; x_wconf 99' lang='lat'>-</span> <span class='ocrx_word' id='word_1_600' title='bbox 1394 5521 1422 5566; x_wconf 89' lang='grc'><strong>444</strong></span> <span class='ocrx_word' id='word_1_601' title='bbox 1438 5518 1473 5566; x_wconf 88' lang='lat' dir='ltr'><strong>D:</strong></span> <span class='ocrx_word' id='word_1_602' title='bbox 1493 5522 1516 5566; x_wconf 86' lang='lat' dir='ltr'><strong>et</strong></span> <span class='ocrx_word' id='word_1_603' title='bbox 1533 5518 1569 5567; x_wconf 92' lang='lat' dir='ltr'><strong>iO</strong></span> <span class='ocrx_word' id='word_1_604' title='bbox 1583 5544 1611 5555; x_wconf 89' lang='lat'><strong>·-</strong></span> 
     </span>
     <span class='ocr_line' id='line_1_49' title="bbox 287 5592 1612 5658; baseline -0.004 -12"><span class='ocrx_word' id='word_1_605' title='bbox 287 5599 328 5647; x_wconf 76' lang='lat'><strong>2⁴.</strong></span> <span class='ocrx_word' id='word_1_606' title='bbox 346 5595 503 5645; x_wconf 72' lang='lat' dir='ltr'><strong>consederunt</strong></span> <span class='ocrx_word' id='word_1_607' title='bbox 523 5607 587 5643; x_wconf 83' lang='lat' dir='ltr'><strong>coes.</strong></span> <span class='ocrx_word' id='word_1_608' title='bbox 607 5593 638 5653; x_wconf 87' lang='lat' dir='ltr'><strong>b;</strong></span> <span class='ocrx_word' id='word_1_609' title='bbox 662 5608 726 5645; x_wconf 83' lang='grc'><strong>0004.</strong></span> <span class='ocrx_word' id='word_1_610' title='bbox 744 5597 884 5646; x_wconf 77' lang='lat' dir='ltr'><strong>consedetur</strong></span> <span class='ocrx_word' id='word_1_611' title='bbox 901 5598 911 5645; x_wconf 93' lang='lat' dir='ltr'><strong>t</strong></span> <span class='ocrx_word' id='word_1_612' title='bbox 928 5623 955 5632; x_wconf 99' lang='lat'>-</span> <span class='ocrx_word' id='word_1_613' title='bbox 975 5595 1120 5645; x_wconf 79' lang='grc'><strong>4444444444</strong></span> <span class='ocrx_word' id='word_1_614' title='bbox 1136 5597 1143 5645; x_wconf 89' lang='grc'><strong>4</strong></span> <span class='ocrx_word' id='word_1_615' title='bbox 1163 5621 1189 5632; x_wconf 96' lang='grc'><strong>-</strong></span> <span class='ocrx_word' id='word_1_616' title='bbox 1211 5596 1306 5657; x_wconf 77' lang='lat' dir='ltr'><strong>sermea</strong></span> <span class='ocrx_word' id='word_1_617' title='bbox 1322 5595 1452 5658; x_wconf 70' lang='grc'><strong>4444444444</strong></span> <span class='ocrx_word' id='word_1_618' title='bbox 1467 5592 1559 5642; x_wconf 80' lang='lat' dir='ltr'><strong>hamb,</strong></span> <span class='ocrx_word' id='word_1_619' title='bbox 1578 5605 1612 5642; x_wconf 85' lang='lat' dir='ltr'><strong>er</strong></span> 
     </span>
     <span class='ocr_line' id='line_1_50' title="bbox 289 5667 1611 5735; baseline -0.002 -14"><span class='ocrx_word' id='word_1_620' title='bbox 289 5672 356 5721; x_wconf 92' lang='lat' dir='ltr'><strong>coni.</strong></span> <span class='ocrx_word' id='word_1_621' title='bbox 376 5669 501 5724; x_wconf 75' lang='lat' dir='ltr'><strong>Ferrarii:</strong></span> <span class='ocrx_word' id='word_1_622' title='bbox 529 5671 555 5719; x_wconf 87' lang='lat' dir='ltr'><strong>at</strong></span> <span class='ocrx_word' id='word_1_623' title='bbox 572 5668 605 5719; x_wconf 91' lang='grc'><strong>04.</strong></span> <span class='ocrx_word' id='word_1_624' title='bbox 623 5683 662 5718; x_wconf 91' lang='lat' dir='ltr'><strong>or.</strong></span> <span class='ocrx_word' id='word_1_625' title='bbox 681 5671 749 5728; x_wconf 84' lang='lat' dir='ltr'><strong>Xlti,</strong></span> <span class='ocrx_word' id='word_1_626' title='bbox 773 5669 845 5734; x_wconf 71' lang='grc'><strong>547.</strong></span> <span class='ocrx_word' id='word_1_627' title='bbox 863 5672 889 5720; x_wconf 96' lang='lat' dir='ltr'><strong>in</strong></span> <span class='ocrx_word' id='word_1_628' title='bbox 908 5672 966 5722; x_wconf 90' lang='lat' dir='ltr'><strong>Cat.</strong></span> <span class='ocrx_word' id='word_1_629' title='bbox 985 5673 1020 5732; x_wconf 89' lang='lat' dir='ltr'><strong>il,</strong></span> <span class='ocrx_word' id='word_1_630' title='bbox 1044 5671 1059 5735; x_wconf 72' lang='grc'>5</span> <span class='ocrx_word' id='word_1_631' title='bbox 1077 5672 1087 5721; x_wconf 92' lang='grc'><strong>4</strong></span> <span class='ocrx_word' id='word_1_632' title='bbox 1115 5673 1141 5720; x_wconf 90' lang='lat' dir='ltr'><strong>et</strong></span> <span class='ocrx_word' id='word_1_633' title='bbox 1162 5682 1189 5719; x_wconf 85' lang='lat' dir='ltr'><strong>v.</strong></span> <span class='ocrx_word' id='word_1_634' title='bbox 1206 5669 1327 5733; x_wconf 76' lang='lat' dir='ltr'><strong>Madvigii</strong></span> <span class='ocrx_word' id='word_1_635' title='bbox 1345 5669 1443 5732; x_wconf 80' lang='lat' dir='ltr'><strong>opusc.</strong></span> <span class='ocrx_word' id='word_1_636' title='bbox 1461 5669 1487 5728; x_wconf 89' lang='lat'><strong>1,</strong></span> <span class='ocrx_word' id='word_1_637' title='bbox 1506 5667 1562 5718; x_wconf 92' lang='grc'><strong>488.</strong></span> <span class='ocrx_word' id='word_1_638' title='bbox 1583 5694 1611 5705; x_wconf 89' lang='grc'>-</span> 
     </span>
     <span class='ocr_line' id='line_1_51' title="bbox 288 5743 1610 5809; baseline -0.002 -12"><span class='ocrx_word' id='word_1_639' title='bbox 288 5747 329 5797; x_wconf 72' lang='grc'><strong>44.</strong></span> <span class='ocrx_word' id='word_1_640' title='bbox 348 5745 451 5793; x_wconf 81' lang='grc'><strong>4444-</strong></span> <span class='ocrx_word' id='word_1_641' title='bbox 476 5743 517 5794; x_wconf 74' lang='lat'><strong>23.</strong></span> <span class='ocrx_word' id='word_1_642' title='bbox 536 5744 641 5795; x_wconf 82' lang='lat' dir='ltr'><strong>notosh</strong></span> <span class='ocrx_word' id='word_1_643' title='bbox 662 5771 688 5782; x_wconf 95' lang='lat'><em>-</em></span> <span class='ocrx_word' id='word_1_644' title='bbox 715 5746 967 5808; x_wconf 67' lang='grc'><strong>4044440444-</strong></span> <span class='ocrx_word' id='word_1_645' title='bbox 987 5747 1028 5799; x_wconf 72' lang='lat' dir='ltr'><strong>ti.</strong></span> <span class='ocrx_word' id='word_1_646' title='bbox 1047 5747 1117 5809; x_wconf 82' lang='lat' dir='ltr'><strong>impii</strong></span> <span class='ocrx_word' id='word_1_647' title='bbox 1134 5751 1333 5808; x_wconf 79' lang='lat' dir='ltr'><strong>qocqaeeontro</strong></span> <span class='ocrx_word' id='word_1_648' title='bbox 1353 5745 1610 5808; x_wconf 72' lang='lat' dir='ltr'><strong>[reoremqocrami</strong></span> 
     </span>
     <span class='ocr_line' id='line_1_52' title="bbox 288 5817 1611 5885; baseline 0 -15"><span class='ocrx_word' id='word_1_649' title='bbox 288 5847 321 5858; x_wconf 89' lang='lat'>-</span> <span class='ocrx_word' id='word_1_650' title='bbox 337 5820 378 5870; x_wconf 76' lang='lat' dir='ltr'><strong>ro.</strong></span> <span class='ocrx_word' id='word_1_651' title='bbox 397 5818 485 5868; x_wconf 81' lang='lat' dir='ltr'><strong>betium</strong></span> <span class='ocrx_word' id='word_1_652' title='bbox 501 5817 558 5884; x_wconf 84' lang='lat' dir='ltr'><strong>bg:</strong></span> <span class='ocrx_word' id='word_1_653' title='bbox 580 5821 622 5882; x_wconf 76' lang='lat' dir='ltr'><strong>pt.</strong></span> <span class='ocrx_word' id='word_1_654' title='bbox 636 5821 692 5883; x_wconf 84' lang='lat' dir='ltr'><strong>(sic)</strong></span> <span class='ocrx_word' id='word_1_655' title='bbox 710 5823 732 5881; x_wconf 87' lang='lat' dir='ltr'><strong>t;</strong></span> <span class='ocrx_word' id='word_1_656' title='bbox 750 5827 773 5871; x_wconf 90' lang='lat' dir='ltr'><strong>et</strong></span> <span class='ocrx_word' id='word_1_657' title='bbox 790 5821 878 5872; x_wconf 83' lang='grc'><strong>44444444</strong></span> <span class='ocrx_word' id='word_1_658' title='bbox 894 5823 955 5873; x_wconf 88' lang='grc'><strong>440</strong></span> <span class='ocrx_word' id='word_1_659' title='bbox 971 5849 999 5858; x_wconf 94' lang='grc'><strong>-</strong></span> <span class='ocrx_word' id='word_1_660' title='bbox 1017 5827 1041 5872; x_wconf 88' lang='grc'><strong>44</strong></span> <span class='ocrx_word' id='word_1_661' title='bbox 1056 5834 1110 5872; x_wconf 93' lang='lat' dir='ltr'><strong>om.</strong></span> <span class='ocrx_word' id='word_1_662' title='bbox 1129 5821 1162 5870; x_wconf 90' lang='lat' dir='ltr'><strong>ai</strong></span> <span class='ocrx_word' id='word_1_663' title='bbox 1181 5846 1208 5857; x_wconf 93' lang='lat'>-</span> <span class='ocrx_word' id='word_1_664' title='bbox 1227 5822 1335 5885; x_wconf 78' lang='lat' dir='ltr'><strong>cepimus</strong></span> <span class='ocrx_word' id='word_1_665' title='bbox 1351 5822 1390 5871; x_wconf 89' lang='lat' dir='ltr'><strong>D:</strong></span> <span class='ocrx_word' id='word_1_666' title='bbox 1409 5820 1558 5884; x_wconf 71' lang='grc'><strong>4440444444</strong></span> <span class='ocrx_word' id='word_1_667' title='bbox 1573 5819 1611 5870; x_wconf 89' lang='grc'><strong>40</strong></span> 
     </span>
     <span class='ocr_line' id='line_1_53' title="bbox 290 5893 1415 5960; baseline 0 -15"><span class='ocrx_word' id='word_1_668' title='bbox 290 5893 997 5960; x_wconf 72' lang='lat' dir='ltr'><strong>-lboeomt-Boma-27.eitcorog</strong></span> <span class='ocrx_word' id='word_1_669' title='bbox 1017 5894 1415 5946; x_wconf 73' lang='grc'><strong>-884444444-44444444.</strong></span> 
     </span>
    </p>
   </div>
   <div class='ocr_carea' id='block_1_6' title="bbox 0 0 1914 7348">
    <p class='ocr_par' dir='ltr' id='par_1_6' title="bbox 0 0 1914 7348">
     <span class='ocr_line' id='line_1_54' title="bbox 0 0 1914 7348; baseline 0 0"><span class='ocrx_word' id='word_1_670' title='bbox 0 0 1914 7348; x_wconf 95' lang='lat' dir='ltr'><strong> </strong></span> 
     </span>
    </p>
   </div>
  </div>
 </body>
</html>
