3800 7350
705 1203 934 1278 cmm-v.
963 1210 1010 1295 §s
1030 1205 1158 1275 o-ta.
1510 1203 1592 1272 rias

269 1379 402 1445 interfici
433 1379 522 1444 nefas
552 1390 646 1445 esset.
680 1388 788 1465 ltaque
816 1382 891 1456 hoc,
920 1381 1058 1454 iudices,
1088 1400 1152 1444 non
1179 1379 1248 1443 sine
1277 1398 1371 1442 causa
1397 1379 1491 1442 etiam
1512 1375 1593 1443 fictis

267 1474 382 1538 fabulis
403 1466 577 1538 doctissimi
599 1475 742 1539 homines
765 1476 934 1538 memoriae
958 1474 1180 1557 prodiderunt,
1209 1493 1297 1547 eum,
1320 1474 1495 1556 qui'patris
1514 1474 1593 1537 ulci-

269 1568 379 1629 scendi
401 1588 493 1632 causa
515 1579 644 1632 matrem
668 1571 860 1642 necavisset,
883 1568 1011 1631 variatis
1032 1567 1198 1632 hominnm
1216 1568 1383 1631 sententiis
1404 1586 1469 1629 non
1491 1567 1593 1631 solnm

269 1659 393 1734 divina,
422 1661 478 1724 sed
509 1664 603 1725 etiam
626 1664 877 1745 sapientissimae
900 1661 977 1723 deae
1000 1662 1155 1724 sententia
1178 1660 1355 1723 liberatum.
1398 1657 1429 1722 9.
1452 1660 1543 1737 Quod
1566 1661 1593 1723 si

269 1752 434 1816 duodecim
464 1754 589 1818 tabulae
620 1764 807 1818 nocturnum
828 1756 930 1817 iurem
954 1775 1083 1838 quoquo
1105 1754 1217 1829 modo,
1247 1753 1396 1816 diurnum
1417 1761 1539 1827 autem,
1568 1753 1619 1818 siti

268 1866 303 1909 se
333 1847 395 1910 telo
425 1847 624 1922 defenderet,
656 1848 790 1911 interlici
821 1850 950 1931 impune
972 1848 1160 1922 voluerunt,
1194 1847 1267 1931 quis
1289 1854 1337 1910 est
1359 1848 1433 1930 qui,
1467 1865 1595 1930 quoquo

269 1940 362 2002 modo
384 1942 456 2024 quis
479 1940 662 2004 interiectus
685 1942 742 2015 sit,
768 1942 966 2024 puniendum
988 1948 1095 2022 putet,
1117 1962 1189 2004 cum
1211 1940 1318 2003 rideat
1337 1940 1509 2023 aliquando
1531 1938 1597 2021 gla-

268 2032 354 2094 dium
376 2034 470 2097 nobis
491 2034 532 2098 ad
563 2034 724 2098 hominem
746 2033 956 2097 occidendum
977 2034 1016 2095 ab
1040 2036 1115 2117 ipsis
1137 2034 1257 2117 porrigi
1279 2033 1424 2116 legibus?
1468 2034 1520 2095 lv.
1543 2036 1597 2096 At-

268 2125 325 2207 qui
347 2126 374 2188 si
395 2133 520 2211 tempus
542 2138 591 2191 est
611 2127 713 2190 nilum
734 2129 803 2189 iure
825 2126 965 2190 hominis
988 2128 1138 2203 necandi,
1169 2148 1251 2211 quae
1274 2127 1371 2190 multa
1392 2135 1493 2209 sunt„
1511 2135 1596 2190 certe

267 2217 347 2280 iilud
370 2229 502 2284 estnon
524 2221 777 2295 modoiustum,
799 2242 908 2284 verum
932 2222 1027 2283 etiam
1050 2223 1280 2296 necessarium,
1303 2242 1375 2284 cum
1389 2221 1422 2283 ri
1442 2222 1490 2284 vis
1510 2220 1634 2284 illatatt

268 2310 459 2376 defenditur.
490 2315 677 2378 Pudicitiam
699 2335 770 2376 cum
793 2316 928 2397 eriperet
949 2314 1042 2377 militi
1064 2315 1209 2381 tribunus
1231 2314 1377 2378 militaris
1399 2315 1431 2376 in
1455 2314 1597 2378 exercitu

270 2405 302 2468 C.
324 2406 431 2481 Marii,
459 2411 656 2493 propinquus
684 2409 755 2471 eiras
783 2408 1001 2490 imperatoris,
1029 2403 1213 2472 interiectus
1243 2409 1429 2482 abcessi,
1459 2409 1511 2471 cui
1534 2409 1596 2471 vim

267 2501 432 2576 alierebat3
454 2502 559 2565 facere
581 2501 664 2564 enim
687 2501 804 2583 probus
827 2501 1013 2563 adolescens
1034 2502 1213 2584 periculose
1234 2522 1330 2584 quam
1352 2502 1475 2585 perpeti
1496 2502 1597 2584 turpi-

267 2602 315 2656 ter
342 2595 460 2658 maluit.
500 2597 604 2677 Atque
632 2596 717 2658 hunc
741 2594 796 2657 ille
818 2614 960 2656 summus
983 2596 1031 2657 vir
1053 2596 1172 2658 scelere
1194 2595 1332 2659 solutum
1353 2596 1496 2677 periculo
1518 2595 1597 2658 libe-

267 2687 357 2750 ravit.
400 2683 451 2750 40.
480 2688 661 2751 insidiatori
690 2709 765 2751 vero
796 2697 828 2749 et
856 2687 970 2750 latroni
1001 2707 1084 2769 quae
1113 2695 1219 2772 potest
1239 2688 1350 2752 inferri
1371 2689 1490 2752 iniusta
1511 2692 1634 2753 nexiss

267 2779 352 2855 Quid
374 2781 539 2845 comitatus
560 2783 676 2855 nostri,
700 2780 778 2864 quid
801 2780 895 2863 gladii
911 2781 1044 2843 volunt?
1067 2801 1148 2864 qnos
1169 2782 1286 2845 habere
1300 2790 1383 2846 certe
1398 2802 1464 2845 non
1478 2781 1596 2856 liceret,

266 2874 293 2936 si
314 2873 362 2936 uti
384 2874 448 2938 illis
470 2874 557 2937 nullo
580 2883 672 2957 pacto
696 2875 815 2938 liceret
848 2875 906 2936 Est
927 2874 1023 2956 igitur
1042 2875 1135 2949 haec,
1157 2875 1288 2950 iudices,
1309 2894 1374 2938 non
1390 2875 1517 2958 scripta,
1539 2875 1596 2939 sed

267 2974 341 3029 nata
361 2967 431 3041 lex,
462 2988 557 3049 quam
582 2988 646 3031 non
670 2968 854 3040 didicimus,
884 2968 1082 3050 accepimus,
1112 2968 1260 3051 legimus,
1291 2990 1399 3033 rerum
1421 2989 1463 3034 ex
1483 2976 1596 3033 natura

265 3060 334 3141 ipsa
354 3060 563 3142 arripuimus,
590 3061 773 3136 hausimus,
805 3062 1037 3143 expressimus,
1060 3061 1100 3124 ad
1123 3080 1217 3143 quam
1238 3081 1304 3124 non
1326 3061 1412 3126 docti
1433 3063 1490 3125 sed
1509 3062 1596 3136 iacti,

266 3172 329 3215 non
351 3152 487 3216 instituti
512 3153 566 3218 sed
590 3155 701 3217 imbuti
723 3175 843 3229 sumus,
865 3163 915 3228 ut,
938 3155 965 3217 si
988 3156 1052 3217 vita
1073 3155 1237 3218 nostruin
1259 3155 1382 3238 aliquas
1403 3156 1546 3228 insidias,
1568 3155 1634 3219 siao

265 3246 297 3308 in
319 3246 382 3309 rim
404 3254 436 3309 et
458 3247 491 3308 in
514 3247 577 3310 tela
599 3255 653 3311 aut
674 3248 831 3311 latronum
854 3257 909 3310 aut
929 3248 1129 3311 inimicorum
1143 3247 1325 3323 incidisset,
1347 3250 1450 3313 omnis
1463 3248 1596 3313 honesta

263 3339 345 3402 ratio
374 3348 458 3403 esset
488 3341 706 3423 expediendae
735 3341 858 3404 salutis.
903 3335 954 3403 ll.
978 3340 1079 3403 Sileni
1105 3341 1190 3404 enim
1218 3340 1305 3424 leges
1326 3342 1409 3404 inter
1429 3360 1515 3405 arma
1536 3361 1595 3405 nec

265 3453 299 3496 se
321 3435 496 3517 exspectari
518 3434 641 3508 iubent,
672 3445 742 3498 cum
769 3436 815 3507 ei,
848 3436 904 3517 qui
927 3442 1112 3516 exspectare
1133 3433 1229 3509 velit,
1256 3442 1331 3497 ante
1352 3434 1471 3497 iniusta
1492 3454 1596 3518 poena

265 3525 381 3592 luenda
401 3529 444 3591 sit
466 3547 561 3611 quam
583 3528 665 3590 iusta
687 3530 879 3610 repetenda:
902 3528 964 3590 etsi
986 3529 1207 3610 persapienter
1228 3536 1260 3591 et
1281 3526 1420 3611 quodam
1439 3527 1532 3591 modo
1548 3537 1595 3592 ta·

264 3622 325 3684 cite
347 3619 401 3684 dat
421 3621 492 3703 ipsa
513 3621 566 3684 lex
587 3628 776 3704 potestatem
798 3620 1008 3694 defendendi,
1033 3640 1116 3704 quae
1139 3640 1202 3686 non
1220 3619 1384 3684 hominem
1399 3619 1514 3696 occidi,
1536 3620 1631 3688 sedas

264 3733 334 3778 esse
355 3736 426 3778 cum
448 3715 512 3778 telo
533 3715 671 3778 hominis
694 3716 859 3779 occidendi
880 3735 976 3779 eausa
997 3723 1097 3788 vetat,
1119 3724 1173 3788 ut,
1195 3735 1267 3778 cum
1282 3734 1392 3789 causa,
1414 3734 1481 3778 non
1495 3715 1592 3779 telum

264 3816 487 3890 quaereretur,
509 3808 564 3892 qui
588 3809 637 3872 sui
659 3808 850 3873 defendendi
871 3828 968 3872 causa
990 3808 1053 3871 telo
1076 3815 1159 3872 esset
1180 3829 1274 3883 usus,
1296 3828 1358 3872 uon
1379 3807 1517 3872 hominis
1539 3828 1593 3871 oo·

263 3901 389 3965 cidcndi
418 3922 514 3965 causa
539 3902 688 3966 hahuisse
717 3903 814 3966 telum
844 3901 1047 3965 iudicaretur.
1090 3901 1292 3986 Quapropter
1318 3900 1380 3965 hoc
1408 3908 1532 3964 maneat
1558 3902 1590 3963 in

263 4013 372 4069 causa,
394 3994 535 4072 iudices3
557 4014 622 4058 non
644 3995 729 4058 enim
751 3996 861 4058 dubito
884 3996 962 4077 quin
984 3993 1173 4076 probaturus
1190 3995 1251 4057 sim
1269 3994 1359 4058 vohis
1373 3993 1589 4058 defensionem

262 4106 383 4163 meam,
405 4088 433 4152 si
453 4087 487 4151 id
509 4088 730 4161 memineritis,
753 4088 839 4170 quod
862 4087 1007 4151 oblivisci
1030 4105 1095 4150 non
1117 4088 1267 4170 potestis,
1289 4086 1506 4151 insidiatorem
1519 4087 1627 4159 iuro„

261 4176 392 4244 interfici
413 4200 517 4263 posse

344 4277 382 4338 V.
404 4268 456 4337 42.
478 4275 629 4358 Sequitur
654 4274 754 4350 illud,
780 4275 867 4358 quod
894 4296 913 4339 a
941 4274 1070 4340 Milonis
1098 4274 1235 4339 inimicis
1257 4273 1442 4357 saepissime
1464 4273 1587 4347 dicitur,

262 4367 406 4442 caedem,
434 4367 468 4430 in
497 4389 559 4451 qua
587 4370 621 4432 P.
644 4367 774 4432 Clodius
801 4370 926 4433 occisus
947 4377 1015 4443 est,
1042 4376 1187 4433 senatum
1209 4367 1367 4433 iudicasse
1388 4375 1499 4431 contra
1518 4386 1587 4430 rem

326 4694 350 4744 4.
368 4694 455 4756 licque
469 4693 515 4743 ios
525 4719 564 4733 ·-
575 4694 696 4744 44444444
711 4694 843 4745 moturi
858 4692 941 4744 habet
957 4691 1129 4753 Quintilianus
1145 4692 1178 4754 V,
1196 4694 1237 4755 44,
1256 4694 1297 4746 44.
1319 4722 1346 4733 -
1365 4695 1390 4745 4.
1407 4707 1477 4756 m,
1495 4695 1539 4756 qm·
1549 4719 1586 4732 -·

260 4767 515 4818 macomariam
529 4795 555 4805 -
570 4768 594 4819 4.
607 4770 735 4820 musas:
754 4770 855 4819 (4444444
866 4767 980 4818 TlillW
993 4793 1020 4802 -
1034 4768 1106 4829 Quod
1120 4768 1494 4831 st--pompitspitssnaost
1507 4771 1586 4831 Quin·

261 4840 407 4904 tiianusV,
420 4840 460 4903 44,
474 4841 550 4892 aa-
569 4844 593 4892 5.
611 4842 658 4892 xii
672 4843 721 4892 TE
740 4869 767 4879 -
786 4843 810 4892 6.
829 4842 966 4906 defenderet
982 4841 1048 4892 TE:
1065 4841 1200 4903 4444444444
1217 4843 1278 4892 0-
1296 4843 1389 4904 ispum
1404 4845 1464 4895 E·
1484 4845 1508 4895 7.
1525 4844 1585 4908 pia-

260 4916 329 4966 dium
344 4915 460 4966 colun
468 4917 568 4980 porrici
583 4916 675 4980 lepidos
691 4916 792 4968 habeut
807 4918 843 4977 B;
861 4914 1005 4967 Diomedes
1022 4929 1049 4980 p·
1062 4916 1120 4977 466,
1140 4918 1185 4978 45;
1204 4915 1283 4967 iulius
1294 4916 1384 4968 Victor
1393 4932 1420 4984 p.
1433 4918 1491 4980 444,
1503 4918 1583 4968 36.-

260 4993 285 5044 3.
302 4992 379 5056 soto]
396 4991 465 5043 notis
480 4993 580 5043 44444444
597 4991 676 5043 lulius
688 4993 784 5044 Victor.
801 5019 827 5031 -
842 4993 877 5042 ad
892 4991 1015 5041 ltomioom
1031 4992 1190 5041 occidosdscu
1205 4991 1267 5041 TE:
1286 4991 1385 5056 allisio)
1403 4992 1526 5043 nomm
1541 5005 1585 5043 oc-

259 5067 389 5119 cidendus
404 5069 441 5127 B;
459 5080 512 5118 om.
525 5068 708 5129 Quintilianus,
726 5067 879 5127 Diomedes,
898 5063 977 5116 lulius
994 5067 1091 5116 Victor.
1113 5093 1140 5106 -
1156 5066 1257 5130 porripi
1272 5067 1382 5117 44444444
1396 5066 1490 5130 botius
1504 5065 1585 5119 lulius

260 5142 357 5192 Victor.
377 5167 405 5180 -
426 5141 664 5204 Δηὼ-4444444
681 5140 763 5192 habet
780 5143 798 5192 44
817 5168 844 5178 ·-
871 5141 910 5190 44.
929 5139 1251 5190 4444444444--446444444
1266 5138 1349 5192 hebet
1364 5140 1536 5201 Quintilianus
1553 5142 1583 5202 V,

259 5218 300 5278 44,
319 5218 359 5268 46.
380 5242 408 5254 -
435 5217 475 5267 43.
492 5216 624 5280 locas„
635 5217 724 5268 4444444
745 5216 816 5267 idom
832 5216 901 5276 vill,
919 5216 944 5275 o,
964 5216 1004 5264 44.
1024 5240 1051 5251 -
1078 5216 1220 5266 aduam
1235 5215 1256 5264 T
1282 5242 1309 5253 -
1337 5216 1377 5266 44.
1393 5216 1585 5266 4444444444--

258 5290 326 5341 auito
339 5297 415 5354 puoto
430 5291 513 5342 liceret
529 5289 612 5342 habet
628 5289 798 5351 Quintilianus
814 5291 846 5353 V,
864 5288 905 5351 44,
924 5289 969 5349 44;
991 5290 1134 5340 laudatori
1144 5291 1290 5340 --iniusto
1310 5301 1362 5338 aar
1376 5291 1524 5341 Priscianus
1540 5289 1582 5349 Vi,

259 5366 300 5427 48,
318 5365 358 5417 93.
377 5391 405 5402 -
423 5365 482 5427 osu]
498 5365 541 5416 lac
558 5367 577 5416 E
597 5389 624 5401 -
644 5366 684 5415 44.
703 5366 746 5415 list
761 5365 852 5429 444444,
876 5364 1194 5428 incircumpscritum
1209 5363 1292 5415 habet
1308 5360 1481 5422 Quintilianus
1496 5363 1539 5425 ili,
1557 5361 1582 5424 3,

259 5440 305 5500 443;
323 5455 374 5491 oca
389 5441 498 5503 scripto,
519 5441 563 5490 aad
578 5445 642 5490 noto
659 5440 700 5490 lec
717 5441 858 5491 llartianus
875 5436 982 5503 Capella
999 5437 1015 5502 5
1032 5440 1089 5490 540.
1109 5467 1136 5476 -
1162 5440 1241 5504 444444·
1257 5438 1331 5488 riis
1348 5440 1377 5488 ct
1393 5436 1581 5498 Quintilianus:

258 5515 324 5565 4444
340 5516 401 5565 0-
420 5515 460 5567 48.
478 5528 567 5567 carran
583 5517 658 5566 ctiam
674 5527 707 5565 ec
724 5514 806 5564 TS-
826 5514 867 5565 49.
885 5514 1013 5565 laesimus
1029 5514 1153 5564 om.T-
1172 5514 1214 5564 44.
1231 5516 1255 5563 ct
1271 5509 1351 5561 TES:
1369 5512 1464 5562 cio-
1482 5511 1523 5561 44.
1541 5510 1585 5560 64-

260 5587 309 5639 imi
325 5589 438 5639 caimn
448 5591 580 5654 rspstsado
596 5589 679 5641 habet
695 5587 866 5650 Quintilianus
881 5589 913 5650 V,
933 5588 973 5651 44,
987 5590 1032 5646 44;
1051 5588 1129 5638 Silam
1144 5589 1211 5639 44444
1226 5586 1291 5652 uper
1305 5585 1371 5636 inter
1386 5598 1461 5636 unna
1477 5585 1584 5635 Servius

260 5661 295 5713 ad
309 5661 406 5727 Vergil.
421 5662 475 5715 lici.
488 5666 513 5728 4,
526 5667 554 5716 44
566 5681 573 5725 ;
592 5662 678 5716 schol.
697 5665 794 5714 Lucani
811 5665 830 5725 l,
848 5664 895 5714 444
908 5666 936 5713 et
946 5664 978 5723 44,
991 5663 1053 5722 464,
1072 5660 1152 5713 iulius
1163 5661 1255 5712 Victor
1269 5662 1332 5723 tom.
1345 5660 1420 5723 4444)
1431 5674 1457 5724 p.
1470 5659 1528 5720 444,
1541 5658 1582 5709 36.

262 5762 289 5773 -
309 5737 350 5789 43.
368 5733 1415 5807 4444444444-44.4440;44444444446-44.ΜΜΕ-49.
1433 5730 1585 5795 4444441444-

261 5812 315 5861 dico
331 5813 351 5863 T
370 5839 398 5850 -
415 5827 471 5865 aen
486 5814 506 5866 T
522 5840 550 5852 —
569 5813 610 5865 34.
626 5813 733 5878 laurici
753 5812 809 5863 444
823 5813 845 5865 Ε
861 5811 943 5864 solus.
959 5838 986 5849 -
1004 5810 1046 5865 34.
1062 5823 1136 5877 asopo
1150 5810 1246 5865 Bellus
1262 5807 1280 5863 Ι.
1292 5807 1310 5862 l.
1328 5805 1388 5862 coll.
1407 5822 1436 5876 p.
1448 5805 1523 5870 4444,
1540 5806 1583 5857 46.

261 5886 334 5950 itti,
353 5887 394 5940 48.
415 5916 443 5927 -
465 5887 506 5942 33.
523 5892 583 5944 emt
599 5886 672 5941 idem
688 5885 747 5940 coll.
765 5900 793 5953 p.
811 5888 884 5951 4464,
902 5887 927 5937 4.
