3800 7350
291 1178 374 1246 itas
669 1137 861 1243 mannua
881 1178 936 1242 ar
959 1176 1229 1243 oonmoauua.

292 1363 322 1402 sa
339 1361 401 1400 cum
418 1346 538 1413 pondere
556 1346 681 1396 orationis
692 1344 854 1407 referantur,
871 1345 969 1408 partim
980 1345 1072 1395 iudicio
1083 1349 1107 1396 at
1116 1344 1244 1395 calculata
1254 1346 1281 1395 et
1290 1349 1401 1407 maer,
1418 1348 1517 1411 partim
1528 1349 1556 1401 c.
1570 1352 1625 1402 Ro-

292 1434 351 1484 birii
367 1434 394 1483 et
409 1431 516 1492 rororis,
534 1430 633 1481 onaissa
650 1431 786 1480 communi
803 1428 924 1491 notione,
942 1429 970 1479 in
987 1441 1039 1493 qua
1057 1426 1158 1480 nullum
1174 1428 1209 1480 sit
1224 1428 1349 1493 pondust
1368 1431 1396 1481 at
1411 1430 1449 1482 sic
1464 1434 1625 1496 pravissima

293 1517 407 1569 allicitur
431 1514 576 1574 sententia,
603 1514 679 1576 quasi
704 1513 774 1564 inter
798 1526 828 1564 sa
851 1513 977 1563 contrarii
1001 1513 1054 1564 sint
1074 1518 1150 1575 puter
1171 1511 1312 1577 adoptivus
1333 1516 1362 1565 et
1381 1519 1463 1565 mutar
1484 1517 1625 1569 naturalis.

293 1602 406 1652 Omnino
424 1599 477 1649 duo
495 1600 597 1648 tantum
614 1597 737 1649 homines
753 1598 823 1647 inter
839 1610 869 1648 ae
886 1600 1084 1661 componuntur
1099 1596 1331 1661 significaturque,
1349 1610 1405 1661 quo
1421 1598 1524 1650 moola
1541 1601 1626 1653 Rabi-

292 1686 363 1735 rium
380 1685 536 1735 Postumum
553 1682 722 1744 contingant,
741 1681 847 1732 Curtius
865 1685 892 1731 et
903 1681 933 1732 C.
948 1679 1078 1731 Rabirius.
1103 1680 1186 1731 Curtii
1203 1682 1346 1732 Postumus
1360 1682 1429 1746 tilieti
1440 1685 1511 1745 erat,
1528 1684 1558 1735 G.
1571 1687 1626 1737 ita-

293 1768 353 1819 birli
374 1770 466 1817 autem
485 1764 620 1816 voluntate
640 1766 707 1829 Ῑιιιιιι
728 1767 800 1826 erat,
824 1766 918 1815 natura
933 1766 1028 1815 eoram
1041 1765 1121 1828 titius,
1144 1765 1234 1829 itaque
1250 1765 1303 1815 boc
1319 1767 1487 1829 postremum
1503 1779 1554 1831 pro
1568 1782 1625 1819 uno

294 1855 336 1903 est
357 1847 488 1901 vacabulo
511 1847 785 1914 (uscbweeteraolun),
811 1861 865 1912 quo
887 1847 917 1898 ut
932 1849 963 1898 ut
979 1850 1006 1898 et
1025 1846 1081 1909 illa,
1110 1861 1178 1912 quae
1200 1847 1306 1899 videtur
1329 1850 1357 1899 in
1378 1850 1493 1912 repetito
1516 1851 1625 1902 nomine

293 1936 405 1987 offensio
425 1946 499 1994 esse,
523 1931 643 1983 elevetur
665 1944 715 1983 nec
739 1930 791 1982 ulla
807 1945 871 1982 vere
888 1933 934 1993 sit,
955 1933 982 1982 et
998 1933 1183 1983 necessarium
1198 1945 1309 1996 prorsus
1331 1934 1366 1983 ait
1385 1933 1433 1995 atu
1451 1932 1624 1985 vocabulum.

293 2020 404 2071 ttmnc.

359 2114 376 2176 s
393 2111 425 2164 ιθ
445 2123 473 2175 p.
492 2108 566 2171 itta,
583 2108 626 2161 tt.
649 2108 729 2160 llulta
746 2109 831 2159 notari
848 2109 874 2158 in
891 2108 933 2159 his
950 2109 1077 2161 extremis
1090 2107 1221 2174 capitibus
1238 2110 1376 2174 poterant,
1395 2120 1465 2171 quae
1482 2107 1558 2159 ulcus
1574 2109 1626 2158 lra-

293 2196 360 2248 bent
381 2193 529 2253 occultum,
552 2192 602 2244 sed
624 2205 676 2243 uno
700 2191 758 2243 loco
781 2194 996 2245 contentusero.
1023 2194 1065 2243 Sic
1083 2193 1154 2243 enim
1172 2205 1244 2243 nunc
1260 2192 1355 2243 Cicero
1372 2191 1407 2243 de
1424 2191 1529 2243 Rabirio
1545 2191 1624 2243 dicit:

294 2282 326 2333 At
346 2281 392 2331 boc
413 2280 490 2330 etiam
511 2282 581 2340 optat
603 2278 692 2338 mira,
713 2280 742 2325 ut
763 2276 938 2326 cananaea
959 2289 977 2326 ιι
997 2275 1080 2336 colaia,¹
1105 2277 1143 2326 ita
1159 2275 1361 2336 boaaoaaaont,
1386 2276 1627 2326 ιιιιοιιιιιιιιιιιιιιιιι

294 2367 384 2428 cutam
399 2363 520 2413 ιοιυιιιιιι.
546 2361 647 2411 llocine
664 2364 694 2410 ut
710 2360 804 2411 Cicero
821 2360 847 2409 in
864 2358 969 2424 epilogo
986 2358 1095 2422 dixerit,
1118 2373 1196 2421 eum,
1220 2372 1340 2425 proquo
1357 2358 1443 2421 dicat,
1466 2362 1573 2424 optare,
1596 2362 1628 2407 ut

296 2447 510 2499 condemnetur?
535 2442 639 2494 scilicet
655 2441 716 2494 ideo
733 2443 785 2493 boo
802 2445 889 2508 optat,
915 2447 945 2492 ut
966 2442 1037 2494 bona
1053 2455 1150 2506 magno
1167 2444 1283 2495 veneant
1299 2442 1530 2506 creditoribusque
1547 2440 1627 2507 plane

296 2531 415 2584 satisfiat.
441 2532 486 2591 At,
512 2531 542 2579 ut
563 2527 634 2578 bona
655 2528 790 2587 venirent,
814 2525 1037 2578 condemnatione
1061 2525 1132 2577 nulla
1148 2538 1216 2590 opus
1233 2531 1304 2587 erat;
1328 2540 1360 2577 ea
1382 2529 1475 2577 contm
1496 2526 1625 2588 eluceret,

296 2618 325 2666 ut
341 2614 475 2665 bonorum
492 2612 589 2663 Rabirii
607 2623 702 2674 magna
720 2623 797 2675 pars,
821 2610 932 2661 fortasse
950 2611 1040 2661 omnia
1057 2609 1130 2660 bona
1147 2609 1324 2661 creditoribus
1342 2608 1452 2673 reliquis
1468 2613 1572 2674 erepta,
1598 2611 1628 2659 in

297 2699 430 2749 aerarium
452 2695 638 2758 redigerentur
658 2691 693 2743 ad
716 2706 777 2743 eam
795 2694 936 2757 pecuniam
954 2692 1160 2755 restituendam,
1185 2706 1255 2757 quae
1272 2693 1307 2744 ad
1324 2706 1388 2744 eum
1403 2707 1421 2743 a
1437 2692 1547 2743 Gabinio
1563 2706 1628 2757 per-

296 2782 402 2832 venisse
419 2779 534 2830 iudicata
551 2780 636 2837 esaet3
659 2778 700 2827 sin
718 2775 855 2828 absolutus
872 2780 958 2838 esset,
984 2776 1057 2840 quod
1075 2778 1169 2828 Cicero
1205 2779 1301 2840 ugnat,
1322 2789 1411 2841 neque
1428 2776 1575 2840 quidquam
1591 2776 1627 2827 ab

297 2878 330 2915 eo
347 2862 390 2913 illo
408 2864 515 2913 nomine
533 2863 670 2921 exactum,
692 2863 796 2925 poterat
813 2861 925 2911 tortasse
942 2859 1020 2911 bonis
1037 2859 1151 2911 venditis
1168 2790 1277 2923 *vatis
1294 2860 1470 2911 creditoribus
1486 2859 1565 2925 pleae
1582 2873 1628 2912 sa·

297 2947 403 3007 tisllari;
426 2946 454 2996 ld
470 2944 580 3010 optabat
596 2943 732 3003 Rabirius,
758 2942 835 3005 nihil,
854 2947 884 2994 ut
898 2945 935 2993 ait
952 2945 1058 3005 Cicero,
1077 2945 1127 2994 nisi
1143 2944 1226 2994 iidem
1243 2956 1354 3004 curans,
1373 2944 1408 2994 ad
1425 2943 1628 2995 acerbissimam

298 3034 412 3089 sortem,
431 3028 564 3080 bonorum
582 3027 777 3090 venditionem,
801 3027 970 3078 subeundam
988 3030 1105 3093 paratus.
1131 3029 1224 3093 ltaque
1241 3029 1321 3079 etiam
1338 3027 1444 3079 subiicit
1459 3028 1567 3088 Cicero,
1584 3029 1628 3077 iu·

298 3114 385 3175 dices,
403 3114 426 3163 sl
443 3111 578 3163 Rabirium
595 3111 846 3173 condemnaverint,
864 3110 928 3162 nihil
945 3113 996 3163 nisi
1012 3111 1094 3163 iidem
1112 3114 1136 3163 ei
1148 3113 1253 3177 eripere
1269 3124 1357 3176 posse.
1385 3112 1434 3171 Qui
1450 3112 1528 3174 igitur
1545 3110 1628 3162 fidem

298 3210 380 3248 unam
402 3195 525 3257 curabat,
547 3197 570 3246 is
593 3195 767 3247 condemnari
784 3195 903 3257 volebat,
927 3200 959 3247 ut
973 3196 1041 3247 fides
1060 3196 1111 3247 sibi
1129 3197 1294 3263 eriperetur‘l
1319 3198 1410 3259 Nugae
1428 3196 1559 3246 maximae
1576 3195 1628 3244 bae

299 3285 368 3333 sunt.
396 3281 490 3331 Cicero
507 3284 650 3344 postquam
667 3282 795 3332 misarum
813 3279 996 3345 acerbumque
1013 3282 1196 3345 praeconium,
1213 3280 1354 3344 quoquest
1370 3281 1428 3343 ipse
1440 3278 1509 3330 bana
1521 3278 1629 3329 Rabirio

299 3364 423 3416 sestertio
440 3375 550 3413 nummo
568 3363 666 3415 addicit
683 3365 721 3427 (ιιι
738 3361 844 3429 emptor
855 3363 1033 3415 creditoribus
1049 3362 1163 3415 solidum
1175 3363 1282 3426 solvat),
1301 3362 1462 3428 deploravit,
1480 3375 1540 3414 sese
1551 3374 1629 3412 revo-

300 3461 364 3499 cans
381 3446 470 3497 addit:
488 3447 520 3498 at
535 3448 581 3498 boc
597 3450 673 3499 ιιιιιιιι
688 3454 758 3512 optat
768 3449 855 3510 mirer,
872 3455 901 3499 ut
911 3452 948 3499 itu
962 3449 1028 3499 boae
1038 3454 1153 3510 veneunt,
1170 3454 1199 3499 ιιι
1208 3449 1314 3498 ιοιιιιιιιιι
1323 3461 1397 3498 auum
1406 3448 1496 3509 cuique
1505 3446 1627 3495 ιοιιιιιιιιν.

299 3533 350 3593 Ea,
374 3543 443 3595 quae
466 3531 492 3580 in
515 3531 652 3583 codicibus
675 3534 743 3582 inter
765 3537 793 3582 ut
815 3535 842 3582 st
863 3533 901 3582 ita
922 3534 1126 3597 interponuntur
1148 3533 1339 3582 «condemnetur
1354 3545 1372 3581 a
1387 3530 1469 3581 vebis»
1487 3529 1577 3580 addita
1594 3528 1628 3578 ab

300 3614 387 3679 aliquo
409 3618 485 3674 sunt,
512 3615 558 3679 qui
580 3613 733 3679 longissime
756 3629 771 3665 a
793 3618 925 3667 sententia
947 3616 1091 3666 aberravit.
1117 3613 1207 3666 Simile
1229 3614 1440 3666 additamentum
1463 3614 1629 3677 nescioquo

300 3712 392 3750 errore
410 3703 499 3749 ortum
515 3697 594 3764 paulo
611 3704 672 3763 past
688 3700 747 3763 §li
764 3700 859 3751 haeret
874 3703 901 3752 ln
919 3701 960 3753 his
970 3700 1070 3762 verbis,
1089 3699 1161 3764 quod
1178 3702 1267 3752 statim
1279 3699 1390 3751 notabo:
1407 3700 1509 3750 Porsena
1518 3699 1631 3749 ascitam

299 3784 390 3834 multos
407 3784 538 3848 [reductor]
556 3789 627 3833 tester
643 3783 801 3835 liberalitatis
817 3791 884 3836 tuae.
911 3782 1073 3848 intelligunt,
1092 3785 1200 3848 opinor,
1219 3784 1344 3834 reductos
1362 3797 1395 3833 ex
1409 3781 1496 3843 exilio,
1514 3781 1564 3832 sed
1580 3794 1630 3830 ne-

302 3880 354 3931 que
372 3866 399 3917 id
416 3869 451 3916 ita
468 3866 586 3917 breviter
603 3866 654 3916 dici
671 3865 724 3917 ullo
741 3868 822 3918 modo
839 3873 927 3933 potest
944 3882 1032 3932 neque
1049 3869 1072 3919 is
1089 3871 1135 3919 aut
1151 3867 1271 3919 Rabirius
1283 3870 1330 3918 aut
1345 3870 1421 3931 pater
1433 3868 1491 3917 eius
1507 3867 1566 3926 luit,
1585 3872 1630 3928 qui

301 3966 335 4003 ex
351 3951 428 4002 exilia
445 3951 567 4001 homines
584 3964 711 4001 revocare
729 3956 828 4016 posset.
856 3951 951 4004 llultos
968 3954 1082 4017 pecunia
1099 3956 1125 4002 et
1142 3966 1171 4002 ra
1190 3951 1309 4004 familiari
1325 3952 1456 4001 iuverant.
1483 3949 1536 4000 Sed
1553 3962 1632 3999 meu·

301 4037 398 4086 dorum
415 4035 472 4097 liic,
490 4038 521 4084 ut
536 4034 604 4095 dixi,
623 4037 711 4085 omnia
728 4034 820 4100 plena,
839 4038 974 4088 utstatim
992 4036 1092 4086 edltur:
1111 4037 1160 4087 Sed
1176 4037 1242 4098 ιιιιιι,
1261 4036 1393 4099 quoniam,
1411 4039 1530 4096 uipera,
1547 4034 1629 4097 (idern,

301 4132 380 4182 quum
392 4120 477 4182 potui,
495 4118 539 4168 tibi
552 4121 684 4181 praestiti,
703 4121 829 4182 Ροιιιιιιιι,
846 4122 952 4171 reddam
968 4121 1044 4170 etium
1061 4121 1193 4181 lacrimas,
1212 4133 1277 4182 quar
1290 4118 1371 4170 debeo.
1397 4116 1498 4177 Voluit,
1517 4117 1562 4180 qui
1580 4115 1632 4165 bac

302 4205 341 4253 sio
358 4203 519 4267 composuit,
538 4204 697 4253 concinnam
714 4206 861 4255 orationem
879 4203 1001 4263 cificere,
1021 4205 1152 4254 contrarie
1170 4205 1238 4254 inter
1255 4217 1284 4253 se
1297 4202 1338 4252 his
1349 4200 1452 4253 relatis:
1469 4201 1632 4265 adaequem

299 4288 371 4349 potui
388 4288 415 4336 et
431 4286 551 4335 tactim
567 4300 630 4348 qaue
646 4287 733 4345 ιιιιιος
756 4287 805 4338 sed
827 4287 889 4338 nibil
911 4289 1031 4345 inanium
1056 4300 1119 4337 nam
1136 4300 1189 4338 non
1206 4289 1293 4337 miuus
1309 4285 1433 4338 lacrimas
1451 4297 1532 4348 quam
1549 4283 1632 4334 fidem

302 4371 388 4434 potuit
407 4372 543 4434 praestare
566 4372 594 4420 et
613 4370 744 4432 reddere,
768 4370 831 4421 illud
848 4385 925 4433 quum
942 4373 1015 4434 potui
1032 4371 1071 4423 sic
1088 4371 1184 4421 dicitur
1201 4371 1276 4435 quasi
1293 4361 1457 4420 contrarium
1474 4366 1573 4430 aliquid
1589 4368 1630 4424 sit,

303 4452 376 4517 quod
399 4454 493 4503 Cicero
513 4457 652 4517 praestare
675 4469 728 4506 non
750 4456 874 4520 potuerit.
900 4457 993 4519 ltaque
1010 4468 1044 4505 ex
1060 4457 1185 4519 corrupta
1203 4453 1326 4504 codicum
1345 4452 1490 4516 scriptura:
1515 4448 1563 4500 Sed
1579 4449 1633 4497 ium

303 4537 423 4597 quonum
438 4549 510 4599 sparo
524 4539 599 4600 sidem
616 4552 693 4600 quam
713 4540 828 4602 praestiti
843 4541 957 4589 Postume
973 4540 1024 4590 cet.
1044 4537 1107 4602 quid
1125 4537 1193 4589 ellici
1211 4537 1322 4597 debeat,
1345 4536 1450 4586 nescio:
1474 4532 1538 4584 illud
1554 4544 1633 4594 quum

301 4621 372 4683 potui
389 4618 484 4671 laisum
502 4634 562 4673 esse
579 4624 649 4682 scio;
675 4637 726 4673 neo
748 4626 838 4674 tamen
859 4623 1013 4686 negaverim
1030 4622 1161 4673 hactenus
1178 4635 1273 4673 varum
1289 4620 1399 4679 vidisse,
1422 4619 1469 4681 qui
1487 4617 1513 4667 ld
1530 4617 1633 4681 primus

303 4705 405 4768 posuit,
429 4707 459 4754 ut
475 4707 549 4756 recte
567 4705 696 4756 iudicaret
714 4706 844 4759 excidisse
862 4705 969 4769 aliquid.
996 4704 1162 4757 Probabilius
1180 4707 1231 4756 erit
1246 4706 1297 4755 boc
1314 4702 1544 4768 supplementum:
1568 4713 1633 4762 quo-

303 4788 388 4848 niam,
406 4793 434 4838 ut
449 4802 531 4850 spero
546 4791 634 4854 ιιιιιιιι,
653 4803 731 4852 quum
748 4789 800 4853 [itti
816 4790 895 4854 dedii,
912 4790 1041 4853 praestiti,
1060 4791 1171 4840 Ροιιιιιιιι
1183 4793 1234 4839 cet.
1260 4786 1407 4839 Similitudo
1425 4785 1573 4836 litterarum
1590 4783 1634 4833 tibi

305 4874 332 4920 et
348 4872 387 4920 titi
403 4884 523 4923 errorem
541 4872 658 4924 obiicere
674 4875 767 4937 potuit.
790 4875 899 4925 blauviu.

370 4976 386 5036 s
404 4972 435 5025 tt
453 4987 479 5038 p.
493 4974 595 5037 lt50,6
613 4977 679 5037 quod
694 4989 768 5039 saepe
784 4978 870 5026 audivi
884 4977 956 5038 patri
971 4982 1014 5026 tuo
1030 4975 1071 5025 cui
1087 4975 1114 5024 id
1128 4986 1221 5037 mopso
1238 4975 1380 5023 adimanto
1394 4973 1490 5036 secum
1503 4970 1634 5020 iciudlcio

304 5058 394 5118 capitis
412 5057 496 5120 fabre.
528 5059 570 5108 Sic
593 5060 715 5120 codices;
740 5062 813 5125 quod
836 5061 935 5121 editur,
961 5062 989 5110 et
1010 5062 1117 5110 inanem
1137 5057 1219 5108 habet
1241 5057 1399 5108 sententiam
1417 5058 1444 5107 in
1460 5054 1524 5105 illis:
1548 5056 1592 5115 qui
1607 5055 1634 5103 id

303 5141 398 5204 [οιιιιιι
414 5139 498 5203 (tacite
515 5143 588 5191 enim
605 5142 769 5208 intelligitur,
789 5147 826 5203 ei,
845 5146 890 5208 qui
907 5144 934 5194 id
949 5158 1002 5194 non
1016 5144 1137 5203 lecisset,
1156 5155 1218 5193 cam
1229 5155 1288 5192 rem
1300 5141 1454 5192 adiumento
1465 5153 1519 5189 non
1532 5138 1632 5198 luisse),

306 5238 356 5275 nec
378 5222 552 5289 probabiliter
569 5239 584 5275 e
601 5227 724 5280 codicum
741 5230 857 5292 vestigiis
878 5229 1004 5278 ellectum
1025 5231 1079 5289 est,
1103 5226 1229 5290 quoniam
1246 5225 1322 5275 verbi
1344 5221 1536 5289 transponendi
1553 5234 1634 5272 causa

305 5322 359 5359 nan
380 5312 500 5372 apparet.
530 5311 595 5359 Puto
619 5312 777 5364 Ciceronem
800 5313 955 5377 scripsisse:
978 5312 1044 5374 quod
1063 5323 1136 5373 sarpa
1152 5311 1239 5361 audiui
1257 5311 1329 5373 putri
1347 5314 1390 5358 tuo
1407 5308 1519 5359 Curtio
1541 5319 1634 5370 mwao

306 5394 449 5443 ιιιιιιιιιιοιιιο
465 5393 492 5443 ιιι
507 5393 600 5443 iubeto
616 5396 806 5459 captiosarum,
832 5401 859 5446 at
874 5397 969 5458 ferbui
985 5395 1105 5445 additum
1123 5407 1196 5454 esse,
1214 5408 1300 5458 quum
1316 5406 1407 5444 errore
1423 5403 1573 5457 pronomen
1589 5403 1635 5440 re·

306 5477 414 5527 latinum
432 5481 520 5528 ortum
538 5480 618 5528 esset.
649 5481 815 5543 significatur
837 5479 909 5529 idem
933 5479 1072 5540 iudicium,
1091 5479 1163 5542 quod
1179 5491 1230 5542 pro
1246 5478 1311 5529 Rab.
1329 5476 1405 5542 perd.
1424 5489 1471 5526 reo
1489 5488 1513 5525 c.
1531 5474 1556 5534 3,
1574 5474 1591 5536 s
1607 5474 1633 5523 i.

307 5563 373 5612 liam
395 5561 429 5611 de
447 5563 477 5613 C.
496 5563 594 5613 Rabirii
616 5563 803 5628 perduellionis
825 5562 922 5613 iudicio
943 5564 971 5613 h.
989 5562 1006 5612 i.
1026 5563 1134 5625 cogitari
1154 5575 1207 5613 non
1230 5565 1329 5627 potest3
1354 5573 1417 5610 nam
1433 5571 1522 5623 neque
1539 5558 1633 5608 Cicero

307 5645 341 5696 de
359 5658 392 5695 eo
408 5646 517 5708 iudicio,
537 5649 562 5698 in
580 5660 634 5711 quo
651 5648 708 5712 lpse
725 5661 803 5697 reum
820 5647 997 5709 defendisset,
1016 5647 1113 5697 audura
1128 5645 1279 5697 sediceret
1295 5657 1383 5708 neque
1394 5643 1466 5708 apud
1478 5641 1633 5693 duumviros

227 5753 236 5781 ι
306 5728 495 5793 perduellionis
516 5734 562 5781 aut
583 5731 618 5781 ad
639 5730 767 5796 populum
788 5732 840 5782 boc
861 5744 960 5795 genera
981 5729 1178 5782 misericordiae
1201 5729 1349 5781 movendae
1366 5727 1459 5780 utendi
1475 5725 1550 5779 locus
1566 5727 1632 5776 erat.

309 5815 340 5864 lit
356 5812 519 5866 liberalitatis
535 5816 690 5879 significatio
706 5816 740 5867 ad
759 5817 878 5867 Curtium
895 5817 1019 5880 pertinet.
1043 5815 1152 5866 Mansio.
