3800 7350
677 1209 751 1274 o».
773 1210 969 1274 xiv-xv.
996 1205 1043 1292 §s
1064 1205 1213 1271 si-ee.
1523 1193 1605 1263 reso

284 1381 388 1444 dinem
419 1379 500 1442 bene
533 1380 734 1443 sentientium
764 1379 932 1442 admodum
964 1378 1077 1461 pauci:
1111 1397 1245 1460 quorum
1271 1374 1550 1459 opprimendorum
1573 1371 1605 1434 di

284 1474 477 1537 immortales
505 1474 721 1537 incredibilem
752 1473 797 1536 rei
817 1470 970 1557 'publicae
999 1479 1185 1554 potestatem
1209 1479 1241 1533 et
1262 1469 1419 1533 iortunam
1440 1466 1606 1531 dederunt.

282 1567 329 1630 rid
363 1588 400 1630 eu
429 1568 512 1631 enim
542 1568 716 1650 praesidia,
741 1565 832 1651 'quae
859 1566 1028 1640 babemus,
1061 1566 1123 1629 iem
1145 1566 1296 1628 accedent
1317 1562 1464 1627 consules
1485 1577 1607 1623 summa

282 1661 464 1743 prudentia,
494 1662 625 1735 virtute,
656 1661 841 1736 concordia,
872 1661 989 1724 multos
1018 1679 1142 1724 menses
1165 1660 1204 1721 de
1227 1659 1272 1722 rei
1296 1657 1441 1740 publicae
1462 1654 1607 1718 libertate

226 1764 229 1771 '
282 1756 483 1819 commentati
510 1764 606 1839 atque
638 1754 790 1819 meditati.
827 1756 883 1818 llis
904 1754 1087 1818 auctoribus
1109 1763 1140 1818 et
1163 1754 1315 1826 ducibus,
1346 1752 1394 1814 dis
1416 1746 1631 1819 iuvantibus,5

282 1848 373 1911 nobis
386 1848 589 1931 vigilantibus
611 1859 644 1913 et
663 1849 797 1913 multum
819 1850 852 1912 in
876 1858 1038 1931 posterum
1055 1846 1311 1929 providentibus,
1333 1844 1452 1928 populo
1466 1844 1607 1905 Romano

282 1942 517 2017 consentiente,
539 1942 656 2006 erimus
679 1942 822 2028 prolecto
844 1943 935 2005 liberi
956 1942 1044 2006 brevi
1067 1950 1218 2024 tempore.
1262 1938 1482 2003 iucundiorem
1503 1945 1609 2001 autem

281 2034 374 2098 laciet
395 2035 571 2098 libertatem
596 2037 755 2099 servitutis
778 2035 964 2099 recordatio.

365 2130 434 2192 XV.
456 2125 507 2191 37.
531 2128 617 2206 Quas
640 2131 679 2192 ob
702 2150 773 2203 res,
795 2128 883 2213 quod
906 2129 1023 2193 tribuni
1047 2129 1088 2212 pl.
1110 2130 1206 2193 verba
1226 2128 1385 2202 iecerunt,
1410 2129 1457 2191 uti
1480 2134 1607 2191 senatus

281 2222 432 2287 Kalendis
454 2224 607 2286 ianuariis
628 2232 695 2287 tuto
717 2224 825 2287 baberi
848 2224 1088 2307 sententiaeque
1106 2223 1146 2285 de
1164 2243 1284 2286 summa
1306 2243 1340 2285 re
1363 2221 1489 2305 publicu
1510 2221 1646 2283 liberett

282 2318 343 2382 dici
366 2318 505 2400 possint,
528 2317 567 2379 de
590 2338 627 2380 ea
648 2338 683 2380 re
706 2319 747 2380 ita
770 2337 900 2392 censeo,
923 2318 969 2381 uti
993 2317 1026 2378 C.
1049 2318 1149 2380 Pansa
1171 2320 1207 2380 Α.
1223 2318 1361 2389 Hirtius,
1384 2316 1531 2379 consules
1554 2313 1609 2377 de-

281 2412 416 2494 signati,
445 2411 521 2473 dent
541 2431 670 2493 operam
693 2411 740 2474 uti
764 2419 893 2474 senatus
915 2409 1068 2473 Kalendis
1091 2410 1245 2473 ianuariis
1267 2417 1335 2472 tuto
1357 2409 1465 2473 baberi
1487 2408 1608 2492 possit:

282 2505 433 2589 quodque
456 2505 593 2568 edictum
615 2507 652 2569 D.
675 2505 781 2580 Bruti,
810 2504 1026 2587 imperatoris,
1056 2505 1195 2567 consulis
1218 2504 1389 2587 designati,
1412 2503 1607 2587 propositum

282 2602 339 2673 sit,
362 2606 506 2661 senatum
530 2600 710 2662 existimare
731 2602 769 2661 Ι).
789 2602 938 2672 Brutum,
960 2601 1197 2681 imperatorem,
1221 2596 1384 2661 consulem
1399 2598 1608 2679 designatum,

282 2693 399 2775 optime
431 2691 470 2754 de
492 2712 526 2755 re
557 2693 683 2777 publica
706 2693 836 2767 mereri,
866 2714 937 2756 cum
960 2700 1087 2756 senatus
1110 2692 1329 2754 auctoritatem
1352 2688 1524 2774 populique
1547 2690 1647 2751 ito-u

282 2786 366 2848 mani
388 2785 565 2849 libertatem
588 2788 819 2871 imperiumque
842 2785 1006 2850 defendat:
1029 2783 1079 2847 38.
1098 2786 1247 2868 quodque
1265 2785 1459 2868 provinciam
1475 2783 1608 2847 Galliam

282 2878 481 2952 citeriorem,
511 2880 701 2962 optimorum
731 2889 763 2943 et
783 2881 1024 2943 fortissimorum
1047 2880 1374 2963 amicissimorumque
1396 2879 1442 2940 rei
1464 2877 1609 2960 publicae

283 2973 414 3046 civium,
443 2975 681 3057 exercitumque
702 2976 735 3037 in
758 2983 885 3038 senatus
915 2981 1071 3057 potestate
1093 2973 1243 3046 retineat,
1270 2972 1304 3034 id
1327 2992 1397 3036 eum
1421 2974 1610 3037 exercitum·

283 3087 345 3149 que
369 3068 452 3140 eius,
474 3068 662 3148 municipia,
685 3068 825 3131 colonias
849 3068 1031 3150 provinciae
1054 3066 1174 3129 Galliae
1197 3075 1281 3129 recte
1303 3074 1398 3149 atque
1421 3066 1532 3129 ordine
1554 3085 1610 3127 ex·

282 3180 345 3242 que
374 3180 408 3221 rc
439 3161 564 3242 publica
592 3161 704 3225 iecisse
734 3171 766 3224 et
793 3162 912 3225 iacere:
945 3169 1089 3225 senatum
1120 3160 1158 3222 ad
1188 3180 1340 3223 summam
1362 3180 1429 3223 rem
1451 3159 1647 3242 publicamso

281 3255 440 3338 pertinere
462 3256 606 3318 arbitrari
630 3257 668 3318 ab
690 3258 727 3318 D.
751 3259 848 3318 Bruto
872 3263 903 3318 et
925 3256 960 3317 L.
983 3255 1115 3326 Planco,
1144 3254 1404 3335 imperatoribus,
1427 3252 1609 3316 consulibus

282 3349 474 3430 designatis,
505 3350 643 3432 itemque
666 3371 684 3413 a
707 3351 838 3424 ceteris,
862 3349 916 3432 qui
939 3349 1118 3432 provincias
1141 3347 1298 3420 obtinent,
1321 3347 1455 3411 obtineri
1478 3347 1609 3427 exlege

280 3443 378 3517 iulia,
408 3443 515 3526 quoad
544 3463 584 3506 ex
606 3453 735 3508 senatus
757 3444 901 3508 consulto
924 3444 1041 3527 cuique
1064 3462 1173 3506 eorum
1196 3461 1376 3504 successum
1398 3443 1459 3516 sit;
1490 3461 1609 3523 eosque

282 3536 356 3600 dare
378 3555 508 3619 operam
539 3544 573 3600 ut
594 3557 651 3601 eae
678 3539 857 3620 provinciae
879 3545 975 3621 atque
997 3537 1155 3600 exercitus
1177 3538 1209 3599 in
1232 3537 1334 3600 senati
1355 3538 1530 3622 populique
1552 3557 1610 3621 po·

281 3637 392 3695 testato
414 3629 637 3717 praesidioque
658 3631 704 3697 rei
727 3631 873 3716 publicae
896 3631 977 3695 sint:
1006 3646 1142 3714 cumque
1173 3648 1286 3714 opera,
1314 3632 1444 3707 virtute,
1475 3632 1647 3695 consiliose

282 3725 315 3787 C.
340 3724 481 3789 Caesaris
504 3738 691 3808 summoque
714 3746 870 3790 consensu
893 3724 1027 3788 militum
1047 3733 1283 3799 vetemnorum,
1307 3725 1361 3808 qui
1383 3724 1453 3789 eius
1474 3725 1610 3789 unctori-

281 3826 376 3882 tatem
398 3818 499 3882 secuti
521 3819 568 3882 rei
591 3820 735 3904 publicae
758 3817 919 3902 praesidio
942 3826 1017 3881 sunt
1038 3825 1070 3882 et
1091 3818 1236 3894 fuerunt,
1265 3838 1285 3881 a
1311 3819 1503 3901 gravissimis
1527 3817 1610 3902 peri-

282 3912 362 3974 culis
384 3911 523 3994 populus
545 3915 703 3978 Romanus
726 3913 874 3977 defensus
890 3912 931 3976 sit
947 3920 980 3975 et
998 3912 1060 3975 boo
1073 3919 1216 3995 tempore
1230 3911 1435 3987 defendatur3
1456 3909 1508 3974 39.
1523 3933 1610 3975 cum-

282 4024 344 4088 que
367 4004 450 4087 legio
471 4007 581 4068 blartia
602 4007 699 4070 lilbae
722 4007 913 4080 constiterit,
937 4008 969 4068 in
992 4007 1164 4089 municipio
1181 4006 1366 4069 fidelissimo
1380 4014 1411 4068 et
1425 4004 1608 4078 fortissimo,

282 4118 416 4181 seseque
440 4097 480 4160 ad
502 4106 629 4163 senatus
651 4101 867 4164 auctoritatem
889 4100 1067 4184 populique
1085 4101 1218 4164 Romani
1234 4100 1410 4163 libertatem
1425 4098 1646 4174 contulerit320

282 4475 393 4523 nimium
412 4471 500 4532 multi,
518 4475 609 4522 contra
627 4471 819 4524 multitudinem
837 4476 925 4524 tomen
943 4473 1012 4525 bene
1029 4478 1199 4527 sentientium
1211 4475 1356 4526 admodum
1374 4479 1461 4540 ponci.
1480 4477 1606 4530 simillimi

283 4553 345 4598 sunt
366 4547 415 4596 loci
439 4561 466 4610 p.
485 4547 541 4605 sot,
560 4547 656 4595 20-22
674 4551 742 4611 etp.
762 4550 818 4610 968,
839 4553 848 4600 t
870 4564 910 4615 sq.
932 4577 958 4586 —
984 4554 1092 4613 capitote
1107 4553 1129 4600 V
1147 4578 1174 4587 -
1199 4553 1532 4602 contramuttitudinernV:
1559 4566 1607 4615 pro

282 4622 438 4670 multitudine
454 4622 505 4670 Do
525 4647 550 4656 -
571 4622 594 4670 l.
613 4624 757 4671 sententium
773 4618 804 4672 V¹
824 4653 850 4661 -
869 4626 895 4674 di
912 4625 945 4674 V:
965 4627 1000 4675 dii
1017 4628 1036 4676 0
1054 4652 1081 4662 -
1101 4627 1125 4675 2.
1143 4627 1180 4676 rei
1195 4627 1317 4688 publicem
1333 4627 1368 4686 V3
1385 4629 1478 4690 poputo
1495 4628 1523 4677 lt.
1543 4642 1559 4692 g
1578 4653 1604 4662 -

282 4699 306 4746 3.
326 4698 484 4747 accedenti)
505 4723 531 4731 —
550 4697 635 4745 comet
651 4711 723 4748 sumo
740 4699 761 4746 V
776 4724 802 4735 -
823 4699 847 4750 i.
857 4700 935 4750 multo
952 4700 973 4747 V
988 4728 1013 4737 -
1034 4703 1063 4750 de
1080 4717 1102 4751 r.
1119 4716 1145 4763 p.
1165 4701 1214 4751 bt:
1234 4703 1274 4751 dei
1288 4701 1385 4764 publice
1400 4703 1437 4757 V;
1457 4703 1495 4752 rei
1509 4717 1535 4764 p.
1549 4716 1602 4753 orn.

283 4788 310 4833 εις
333 4775 361 4822 de
379 4772 465 4834 populi
487 4773 514 4822 D.
533 4772 592 4835 30;
620 4774 649 4822 de
668 4773 768 4835 publico
786 4777 911 4827 Muretus.
934 4803 960 4812 -
984 4777 1085 4828 liberate
1101 4781 1231 4828 commenti
1248 4778 1285 4837 V;
1313 4776 1354 4826 tib.
1373 4778 1523 4827 conusentoti
1544 4792 1559 4825 a
1578 4804 1604 4811 --

283 4852 307 4898 5.
326 4847 463 4897 dulcibust
482 4873 509 4883 -
533 4848 571 4896 dir
587 4848 695 4898 ant:
719 4849 803 4899 eino
823 4877 850 4886 -
874 4851 897 4900 7.
916 4849 1117 4902 consentientiV
1141 4877 1167 4889 -
1193 4854 1217 4903 9.
1235 4854 1273 4902 suti
1289 4852 1323 4901 V:
1341 4852 1407 4902 utD
1429 4877 1454 4886 -
1478 4852 1518 4901 tu.
1536 4865 1609 4900 sumu

283 4922 349 4969 v-
371 4921 603 4982 tt.dequoreb
624 4949 649 4958 -
669 4924 1606 4991 urb-A.0m.v1-coeuesrpnuteenv-te.urD-itnt.

283 5010 336 5048 om.
356 4997 377 5045 V
396 5022 423 5031 -
443 4996 482 5047 te.
501 4998 614 5060 quodque
630 4999 665 5048 D:
684 5013 780 5061 quoque
796 4999 819 5047 V
837 5026 864 5036 -
884 5001 916 5050 D.
936 5014 990 5052 om.
1008 5003 1030 5052 Ι)
1050 5028 1076 5038 -
1095 5003 1155 5065 imp.
1173 5003 1259 5053 conv
1276 5005 1303 5052 et
1319 5002 1359 5053 sic
1377 5001 1456 5061 intra;
1474 5003 1606 5066 tepens.

283 5071 301 5121 b
321 5099 348 5109 -
372 5073 433 5136 post
454 5073 576 5135 desipnoti
596 5071 696 5124 habent
711 5075 733 5125 Ι)
750 5077 841 5138 optime
856 5076 885 5125 cte
900 5088 930 5126 re
947 5090 975 5138 p.
992 5077 1089 5138 meriti,
1115 5076 1164 5128 sed
1181 5083 1193 5128 t
1210 5079 1316 5139 mereri,
1344 5089 1395 5127 nec
1411 5075 1510 5128 absunt
1525 5077 1560 5129 ab
1577 5080 1609 5130 iis

284 5146 379 5198 eadem
395 5146 479 5197 rerba
495 5150 521 5198 in
538 5160 619 5199 versu
637 5150 677 5200 lb.
696 5175 723 5186 -
744 5151 784 5201 to.
802 5155 916 5201 emotum
931 5150 954 5199 V
973 5176 1001 5186 -
1021 5152 1195 5202 cucuritotern
1207 5167 1235 5214 p.
1253 5166 1277 5214 q.
1295 5166 1319 5202 r.
1337 5155 1388 5215 gt:
1407 5154 1607 5214 auctoritatemq.

284 5226 311 5274 lt.
335 5223 370 5280 V;
392 5223 591 5286 auetoritotemq.
610 5239 636 5286 p.
655 5239 678 5276 r.
696 5237 724 5285 ας
749 5227 923 5276 auctoritem
941 5240 971 5289 p.
989 5241 1012 5275 r.
1031 5225 1050 5276 b
1073 5252 1099 5262 -
1123 5226 1164 5277 tu.
1179 5227 1335 5289 prouiutiuru
1355 5227 1376 5274 V
1396 5252 1423 5263 -
1452 5227 1492 5277 li.
1513 5230 1609 5278 emico-

283 5311 388 5361 rumque
408 5299 442 5357 V;
464 5299 578 5349 utronea
601 5301 855 5364 amicissimorumque
876 5300 940 5361 θος
961 5302 1075 5351 utronea
1096 5302 1229 5353 invectum
1251 5303 1358 5351 estant
1379 5315 1412 5352 ex
1432 5303 1479 5363 iii,
1500 5303 1515 5367 5
1533 5303 1548 5353 6
1564 5306 1610 5354 sut

284 5373 450 5438 eximi.
472 5375 969 5439 -poputng-teeroenv-
994 5377 1343 5439 euconeemuttpg-
1368 5376 1610 5442 iuleceV-et

283 5454 395 5498 motum
412 5447 429 5499 b
444 5476 470 5485 -
489 5463 542 5500 rem
555 5464 581 5512 p.
596 5451 650 5512 (sic)
662 5449 744 5502 babet
754 5451 786 5511 V,
804 5464 856 5501 non
873 5451 911 5502 rei
924 5466 968 5515 p.;
987 5451 1080 5516 reliqui
1098 5456 1151 5503 met
1168 5453 1214 5502 aut
1229 5466 1252 5500 r.
1268 5465 1294 5513 p.
1308 5454 1354 5501 ant
1370 5464 1424 5501 rem
1438 5467 1465 5514 p.
1482 5479 1508 5488 -
1521 5454 1562 5504 et.
1576 5455 1608 5503 cb

285 5527 316 5574 D.
334 5526 412 5573 Bruto
429 5525 466 5574 D:
484 5524 599 5581 bdbr.io
615 5525 651 5583 V;
670 5539 688 5575 o
704 5528 736 5576 D.
754 5527 832 5575 Bruto
849 5526 869 5576 0
889 5552 915 5562 -
935 5532 959 5577 et
975 5528 1009 5576 V:
1027 5532 1050 5577 et
1066 5527 1098 5577 ab
1116 5527 1167 5577 DO
1186 5553 1213 5563 -
1231 5527 1273 5577 22.
1292 5526 1402 5588 optinent
1418 5529 1524 5590 optineri
1541 5531 1609 5593 Vgt

286 5622 312 5634 -
332 5598 373 5647 23.
391 5597 455 5647 lulio
476 5599 512 5647 V:
535 5599 606 5649 tuiiiu
625 5601 645 5650 D
665 5627 690 5636 -
714 5601 813 5662 quodod
833 5604 844 5650 t
870 5628 894 5637 —
918 5601 961 5652 ii.
979 5603 1025 5652 ine
1041 5601 1059 5652 b
1076 5603 1102 5653 in
1119 5614 1172 5652 ras.
1194 5629 1221 5639 -
1242 5608 1317 5664 etque
1332 5604 1456 5652 exeritur
1472 5605 1603 5655 Muretus:

284 5688 330 5736 que
351 5674 474 5724 meritus
493 5675 528 5733 V;
554 5676 694 5739 pediseque
713 5677 889 5733 exerciturm
912 5679 1083 5740 exercituque
1099 5678 1119 5728 0
1137 5700 1164 5713 -
1188 5678 1267 5727 renuti
1284 5677 1318 5726 V:
1342 5683 1441 5727 metue
1462 5679 1498 5735 D;
1521 5679 1553 5729 ci.
1573 5679 1606 5734 ei

284 5766 310 5814 p.
330 5751 390 5808 tot,
409 5750 450 5800 28.
466 5775 494 5786 -
514 5751 648 5813 populique
664 5752 699 5799 V:
721 5751 855 5814 populique
871 5753 939 5802 eom.
959 5754 1023 5813 bt),
1042 5752 1091 5804 sed
1107 5752 1125 5803 b
1139 5753 1227 5815 popuii
1242 5766 1266 5803 r.
1285 5766 1332 5815 que
1357 5777 1383 5788 -
1408 5754 1449 5802 25.
1468 5754 1505 5802 rei
1524 5768 1550 5815 p.
1569 5754 1606 5802 V:

281 5825 367 5887 popuii
384 5825 412 5873 lt.
430 5825 452 5874 D
474 5849 501 5859 ·-
523 5825 565 5874 26.
583 5827 609 5876 C.
628 5839 680 5876 om.
700 5827 767 5874 V-
789 5828 896 5877 militum
912 5841 1029 5878 corescusu
1045 5834 1238 5878 nemunnorum
1254 5828 1277 5876 V
1297 5853 1324 5864 -
1344 5829 1387 5890 qui
1402 5829 1454 5877 ures
1471 5841 1524 5878 om.
1543 5844 1558 5878 a
1577 5855 1605 5866 -

283 5900 324 5950 ti.
344 5914 361 5949 o
377 5897 435 5950 Vb:
454 5905 477 5949 et
493 5913 511 5950 e
526 5902 624 5966 egt-
643 5902 683 5953 28.
700 5903 786 5966 populi
801 5904 939 5954 romuniV
958 5931 986 5942 -
1003 5904 1045 5955 29.
1064 5905 1284 5969 tepio--seuutau
1299 5906 1378 5954 om.t
1395 5929 1421 5940 -
1441 5905 1606 5957 cortiteritv.
