3800 7350
327 1166 409 1236 ll06
716 1171 866 1237 ORATIO
888 1171 966 1239 PRO
990 1173 1051 1237 CN.
1072 1173 1243 1239 PLANCIO

326 1344 406 1407 simo
427 1342 513 1417 viro,
540 1361 604 1405 non
626 1342 695 1405 dico
718 1342 751 1404 C.
775 1342 957 1414 Serranum,
985 1342 1205 1406 stultissimum
1224 1343 1383 1407 hominem
1406 1376 1447 1391 —
1467 1345 1528 1409 fuit
1553 1348 1638 1410 enim

325 1446 430 1503 tamen
460 1436 574 1501 nobilis
596 1469 652 1511 -,
685 1457 748 1499 nou
772 1436 805 1498 C.
827 1436 1013 1510 Fimbriam,
1042 1456 1158 1499 novum
1180 1438 1339 1500 bominem
1359 1472 1401 1487 -
1421 1440 1482 1503 fuit
1503 1441 1585 1503 enim
1608 1449 1641 1503 et

324 1533 420 1596 animi
443 1532 519 1595 satis
542 1531 645 1613 magni
667 1537 699 1592 et
716 1528 840 1592 consilii
854 1563 906 1603 -,
928 1528 985 1591 sed
1007 1528 1061 1592 Cn.
1076 1530 1237 1605 Manlium,
1259 1551 1324 1594 non
1339 1534 1440 1596 solum
1456 1535 1639 1616 ignobilem,

324 1647 433 1691 verum
464 1627 532 1689 sine
562 1624 695 1698 virtute,
730 1623 797 1686 siue
830 1622 974 1704 ingenio,
1007 1624 1070 1686 vita
1101 1623 1195 1685 etiam
1228 1632 1409 1708 contempta
1438 1646 1474 1690 ac
1503 1627 1640 1691 sordida.

301 1717 375 1784 sta.
396 1721 619 1784 Desideratum
640 1724 687 1791 te,
709 1717 828 1799 inquit,
851 1716 933 1779 oculi
955 1717 1032 1789 mei,
1055 1737 1126 1780 cum
1147 1725 1181 1779 tu
1204 1737 1290 1780 esses
1313 1719 1461 1802 Cyrenis:
1483 1743 1533 1784 me
1555 1722 1639 1785 enim

324 1836 417 1899 quam
440 1815 544 1877 socios
565 1819 620 1875 tua
640 1810 702 1873 frui
723 1810 837 1873 virtute
859 1808 1029 1883 malebam,
1057 1817 1106 1883 et,
1136 1830 1199 1892 quo
1221 1811 1291 1893 plus
1313 1814 1477 1887 intererat,
1506 1833 1544 1876 eo
1567 1813 1640 1897 plus

323 1906 433 1971 aberas
463 1927 482 1970 a
509 1926 578 1968 me:
608 1924 729 1967 mecum
758 1909 788 1965 te
816 1921 881 1964 nou
910 1900 1065 1965 videbam.
1105 1901 1227 1965 Deinde
1257 1905 1414 1969 sitientem
1444 1926 1494 1969 me
1515 1908 1639 1970 virtutis

322 2009 396 2065 tuae
417 1999 585 2063 deseruisti
607 2018 644 2061 ac
664 1996 830 2080 reliquisti.
871 1995 1028 2078 Coeperas
1050 1996 1133 2059 enirn
1155 2006 1262 2081 petere
1282 1999 1475 2062 tribunatum
1496 2001 1539 2083 pl.
1561 2008 1639 2064 tem·

321 2097 451 2180 poribus
472 2094 530 2168 iis,
551 2111 634 2175 quae
655 2091 747 2154 istam
770 2090 984 2172 eloquentiam
1005 2098 1037 2153 ct
1056 2091 1203 2153 virtutem
1225 2093 1442 2174 requirebant:
1465 2114 1560 2177 quam
1582 2115 1638 2177 pe-
1662 2081 1667 2088 ⁵

286 2204 313 2249 so
321 2191 464 2254 titionem
486 2207 558 2250 cum
579 2185 778 2268 reliquisses,
800 2183 827 2244 si
848 2182 909 2244 boc
930 2182 1092 2257 indicasti,
1111 2192 1202 2247 tanta
1223 2185 1256 2246 in
1278 2192 1462 2269 tempestate
1477 2195 1508 2251 te
1524 2189 1637 2270 guber-

321 2304 397 2347 nare
418 2303 482 2347 non
504 2300 615 2364 posse,
646 2278 686 2340 de
706 2277 821 2340 virtute
850 2285 903 2338 tua
924 2277 1082 2350 dubitavi,
1113 2278 1140 2340 si
1161 2278 1262 2352 nolle,
1291 2278 1332 2341 de
1353 2280 1525 2344 voluntate.
1570 2282 1636 2356 Sin,

321 2378 406 2461 quod
428 2374 527 2457 magis
547 2371 705 2453 intelligo,
726 2370 921 2452 temporibus
944 2378 974 2432 te
989 2370 1059 2432 aliis
1082 2371 1258 2445 reservasti,
1280 2391 1338 2454 ego
1354 2393 1492 2456 quoque,
1514 2375 1638 2459 inquiet

319 2470 456 2555 populus
477 2471 651 2539 Romanus,
680 2464 720 2527 ad
743 2483 780 2526 ea
801 2471 832 2525 te
854 2471 996 2545 tempora
1016 2464 1177 2537 revocavi,
1204 2462 1243 2526 ad
1267 2485 1348 2547 quae
1371 2474 1404 2529 tu
1427 2474 1457 2529 te
1480 2468 1549 2549 ipse
1572 2487 1637 2530 ser·

319 2586 419 2629 varas.
458 2565 532 2626 Pete
553 2559 650 2642 igitur
670 2579 743 2620 eum
764 2557 995 2639 magistratum,
1023 2557 1057 2619 iu
1079 2577 1143 2639 quo
1165 2557 1240 2620 mihi
1263 2578 1393 2639 magnae
1414 2560 1542 2623 utilitati
1565 2580 1636 2622 esse

282 2660 438 2744 reposcis:
468 2655 587 2719 aediles
615 2652 809 2735 qmcumque
831 2658 939 2723 erunt,
968 2649 1064 2713 iidem
1087 2649 1165 2712 mibi
1186 2658 1259 2712 sunt
1279 2652 1345 2714 ludi
1367 2654 1488 2734 parati:
1517 2653 1636 2716 tribuni

318 2753 418 2837 plebis
439 2746 600 2832 permagni
622 2747 754 2809 interest
773 2745 828 2827 qui
851 2744 923 2806 sint.
959 2742 1063 2818 Quare
1084 2750 1140 2806 aut
1160 2743 1258 2807 redde
1280 2745 1357 2807 mibi
1380 2747 1465 2829 quod
1488 2748 1636 2810 ostende·

317 2866 386 2920 ras,
416 2850 468 2907 aut
489 2842 532 2915 si,
562 2839 648 2925 quod
670 2858 741 2901 mea
762 2837 864 2901 minus
887 2837 1033 2910 interest,
1059 2835 1091 2897 id
1114 2844 1145 2900 te
1168 2838 1266 2919 magis
1288 2837 1368 2902 sorte
1391 2840 1542 2914 delectat,
1564 2839 1636 2902 red-

317 2938 390 3001 dam
417 2936 474 2999 tibi
502 2934 595 2996 istam
624 2930 818 2994 aedilitatem
839 2929 932 2992 etiam
954 2930 1149 3011 negligenter
1171 2930 1309 3011 petenti:
1339 2932 1395 2994 sed
1423 2931 1635 3014 amplissimos

314 3031 452 3094 bonores
472 3034 508 3091 ut
527 3045 585 3109 pro
606 3024 758 3107 dignitate
778 3030 834 3086 tua
854 3042 1065 3106 consequare,
1095 3023 1260 3087 condiscas
1289 3044 1402 3089 censeo
1433 3026 1510 3088 mibi
1537 3025 1634 3108 paulo

278 3121 498 3205 rediligendus
519 3118 724 3202 supplicare.»

399 3216 450 3279 VI.
474 3208 524 3275 ll.
545 3212 630 3276 llaec
652 3210 761 3294 populi
783 3210 884 3273 oratio
906 3218 971 3283 est,
992 3230 1063 3273 mea
1084 3230 1174 3286 vero,
1198 3212 1393 3286 Laterensis,
1415 3213 1510 3276 baec:
1533 3230 1632 3295 quare

314 3311 415 3374 victus
437 3307 497 3382 sis,
519 3326 583 3368 nou
604 3303 721 3367 debere
742 3303 880 3366 iudicem
901 3323 1070 3386 quaerere,
1093 3305 1185 3366 modo
1207 3325 1247 3367 ne
1269 3304 1435 3387 largitione
1457 3306 1499 3368 sis
1520 3306 1632 3367 victus.

314 3405 393 3468 Num
415 3401 459 3475 si,
481 3399 764 3482 quotienscumque
786 3397 974 3480 praeteritus
996 3398 1113 3470 eritis,
1136 3398 1192 3480 qui
1214 3418 1278 3461 non
1293 3398 1439 3461 debuerit
1459 3398 1633 3481 praeteriri,

315 3497 431 3560 totiens
453 3491 609 3577 oportebit
629 3510 718 3563 eum,
747 3489 803 3573 qui
826 3489 926 3552 iaetus
948 3490 1022 3563 erit,
1048 3488 1269 3564 condemnari,
1291 3490 1372 3555 nibil
1393 3492 1456 3554 iam
1478 3489 1632 3574 estquod

276 3588 434 3673 :opopulo
455 3582 658 3667 supplicetur,
679 3581 760 3644 nibil
781 3582 867 3664 quod
886 3582 1037 3656 diribitio,
1059 3584 1138 3648 nihil
1154 3585 1239 3668 quod
1256 3582 1456 3670 [supplicatio
1470 3587 1634 3668 magistra·

314 3675 424 3763 tuum,]
447 3678 636 3741 renuntiatio
661 3670 904 3758 [suffragiorum]
929 3684 1146 3757 exspectetur;
1169 3680 1264 3742 simul
1278 3688 1323 3754 ut,
1339 3681 1393 3764 qui
1409 3680 1471 3744 sint
1487 3680 1634 3762 professi,

313 3777 433 3849 videro,
447 3773 566 3836 dicam:
588 3769 648 3832 llic
660 3768 779 3831 iamilia
794 3769 955 3831 consulari
968 3776 1026 3842 est,
1041 3770 1095 3832 ille
1109 3772 1281 3854 praetoria;
1301 3772 1441 3856 reliquos
1455 3772 1548 3837 video
1564 3792 1633 3835 esse

315 3890 355 3934 ex
377 3865 517 3952 equestri
537 3864 625 3927 loco:
648 3869 723 3926 sunt
741 3882 848 3926 omues
870 3862 938 3925 sine
961 3863 1099 3939 macula,
1121 3873 1195 3929 sunt
1217 3885 1326 3929 omnes
1354 3886 1456 3948 aeque
1476 3867 1552 3929 boni
1574 3865 1634 3929 viri

314 3971 410 4047 atque
432 3957 555 4041 integri,
577 3956 633 4020 sed
648 3955 765 4020 servari
780 3975 910 4020 necesse
926 3963 975 4018 est
989 3956 1121 4038 gradus:
1144 3958 1236 4022 cedat
1250 3958 1407 4022 consulari
1421 3959 1529 4041 generi
1544 3978 1634 4040 prae·

277 4057 443 4130 actorium:
464 4072 505 4116 ne
527 4050 697 4113 contendat
717 4069 787 4112 cum
810 4049 965 4132 praetorio
987 4050 1115 4116 nomine
1130 4061 1277 4133 equester
1297 4053 1397 4115 locus.
1430 4047 1481 4115 lb.
1504 4052 1633 4115 Sublata

315 4156 389 4213 sunt
402 4146 516 4220 studia,
527 4145 700 4208 exstinctae
715 4144 963 4225 suffragatioues,
976 4144 1082 4207 nullae
1095 4148 1324 4221 contentiones,
1333 4146 1420 4209 nulla
1434 4144 1560 4208 libertas
1575 4163 1633 4227 po·

314 4242 382 4327 puli
395 4242 429 4305 in
448 4238 632 4304 mandandis
651 4236 895 4319 magistratibus,
916 4237 1004 4300 nulla
1022 4241 1215 4321 exspectatio
1232 4240 1466 4321 suffragiorum:
1489 4237 1580 4313 nihil,
1597 4244 1633 4300 ut

314 4336 500 4419 plerumque
523 4331 640 4406 evenit,
661 4338 786 4414 praeter
807 4331 989 4413 opinionem
1011 4331 1150 4409 accidet:
1173 4334 1260 4395 nulla
1275 4333 1335 4396 erit
1352 4333 1483 4418 posthac
1498 4334 1632 4396 varietas

315 4428 521 4493 comitiorum.
554 4425 610 4488 Sin
630 4424 693 4489 boc
712 4443 864 4509 persaepe
885 4424 1019 4500 accidit,
1040 4433 1077 4488 ut
1098 4433 1130 4489 et
1149 4426 1250 4491 iactos
1264 4427 1389 4511 aliquos
1405 4433 1437 4492 et
1450 4445 1516 4491 non
1532 4425 1632 4491 factos

382 4736 406 4785 l.
423 4735 562 4783 &nouum
578 4727 701 4780 Orellius:
719 4741 836 4779 mooun
852 4729 900 4779 TE
919 4757 946 4767 -
965 4730 989 4780 3.
1007 4731 1128 4782 muntium
1144 4732 1205 4782 TE:
1224 4733 1339 4783 Mettium
1355 4734 1375 4782 0
1394 4757 1421 4770 —
1440 4731 1465 4784 l.
1482 4733 1633 4799 cerumlui-

315 4824 374 4860 rum
390 4811 409 4859 T
427 4835 454 4844 -
473 4809 497 4857 5.
515 4806 664 4857 Deciderant
679 4803 699 4853 Τ
714 4831 740 4841 -
758 4801 1140 4868 compossessorem
1153 4807 1212 4869 ptus
1228 4807 1257 4867 E,
1276 4806 1326 4858 sed
1342 4806 1389 4858 litt.
1401 4807 1429 4858 tu
1444 4808 1471 4859 in
1488 4809 1588 4872 rasum)
1600 4835 1632 4847 -

316 4884 341 4934 T.
353 4883 441 4932 ubera
452 4882 497 4931 ΤΕ
516 4908 543 4916 -
562 4894 580 4929 α
595 4893 646 4939 me,
663 4892 759 4928 meum
775 4883 798 4929 te
814 4878 970 4928 Fritzschius
986 4880 1012 4929 in
1029 4893 1141 4932 censura
1153 4882 1195 4932 ed.
1206 4882 1401 4934 Wunderianae
1415 4884 1630 4948 (Scbutztp.483l.

317 4961 347 5010 N.
367 4959 414 5008 439
431 4957 517 5021 sqq.):
540 4969 612 5006 ame
626 4967 683 5004 eum
698 4958 722 5005 tc
737 4954 800 5013 TE;
819 4967 836 5002 c
851 4966 907 5003 mc:
924 4958 989 5004 certe
1005 4955 1025 5004 0
1044 4983 1071 4992 -
1090 4957 1209 5008 sitimtcm
1224 4969 1263 5008 mc
1279 4959 1377 5009 uirtutis
1393 4963 1451 5009 tuce
1467 4958 1549 5009 babet
1565 4960 1633 5008 Aru-

317 5034 406 5084 sianus
427 5031 537 5083 blessius
556 5044 584 5095 p.
601 5029 649 5079 263
667 5027 710 5078 ed.
728 5027 847 5078 lindam.
867 5053 895 5061 —
912 5028 1037 5080 mentun
1053 5030 1086 5092 T:
1108 5029 1214 5083 sitiastis
1231 5033 1285 5097 (sic)
1303 5034 1323 5084 E
1339 5060 1373 5070 -
1389 5034 1413 5084 8.
1431 5033 1552 5097 reliquisti
1568 5033 1630 5083 TE:

317 5108 467 5171 dereliquisti
483 5108 503 5156 0
522 5132 549 5143 —-
572 5105 677 5167 Cenem:
692 5105 712 5154 T
729 5129 757 5140 -
781 5104 942 5168 tribrmctran]
962 5109 1016 5155 ter.
1035 5105 1069 5163 T:
1094 5110 1135 5156 .tr.
1154 5106 1174 5156 E
1194 5131 1220 5142 -
1237 5108 1274 5170 pt.
1291 5108 1354 5159 TE:
1375 5107 1453 5171 piebis
1469 5108 1489 5158 0
1508 5135 1536 5145 -
1560 5108 1585 5158 9.
1603 5108 1634 5156 iis

318 5184 404 5234 om.T
421 5208 450 5219 -
469 5183 511 5231 to.
528 5179 642 5229 iudicasti
659 5179 706 5230 ΤΕ
726 5202 753 5214 -
777 5179 817 5227 tt.
835 5178 917 5228 inuio
933 5179 953 5229 T
970 5204 997 5215 -
1022 5180 1632 5247 quoqueluuteruT-ioquist1iuquumstE

317 5283 346 5294 -
365 5256 405 5308 ta.
423 5261 446 5306 tc
461 5269 515 5306 em.
534 5254 554 5305 T
575 5280 603 5290 -
626 5253 660 5302 cd
676 5253 748 5315 quus]
765 5252 824 5312 adq.
842 5252 862 5301 Τ
881 5279 908 5288 -
931 5251 970 5302 tl.
990 5255 1172 5320 mpetratum]
1192 5269 1271 5306 macc.
1290 5255 1327 5316 E:
1346 5269 1392 5306 .cc.
1410 5257 1430 5306 T
1448 5257 1529 5308 -45,
1547 5255 1634 5307 aedilis

317 5333 337 5384 E
357 5358 384 5367 -
401 5331 466 5381 tuen
481 5328 530 5379 TE
547 5354 575 5364 —
594 5327 646 5378 ludi
662 5326 810 5378 Emestius:
827 5326 881 5376 iudi
897 5327 929 5387 T;
947 5327 1075 5379 iudicasti
1095 5353 1121 5364 —
1137 5335 1218 5392 parat
1234 5331 1254 5381 T
1271 5356 1300 5368 -
1320 5335 1361 5382 tr.
1376 5329 1413 5394 pl.
1428 5330 1461 5391 T:
1479 5330 1633 5381 mmm

312 5405 426 5471 plebiso
446 5431 474 5442 -
492 5403 763 5455 t8.edititctemT-
781 5401 1016 5465 uepkpootch-
1035 5402 1076 5453 ΞΤ.
1095 5404 1333 5466 wear-aa.
1351 5405 1631 5468 quotierscusuqusT,

316 5479 583 5544 quociescumque&
607 5478 881 5541 quotiernmqruo-
906 5475 1052 5528 tttctieus
1073 5477 1139 5529 TE:
1159 5480 1313 5531 mticso-
1334 5478 1633 5543 eumlcumT-cou-

316 5556 446 5619 donpuuri
462 5555 482 5605 T
498 5580 532 5591 -
554 5554 657 5604 ostiam
673 5553 693 5603 E
711 5578 738 5588 -
765 5553 831 5615 quod
850 5565 868 5601 c
884 5551 977 5614 populo
994 5552 1041 5604 TE
1059 5575 1087 5586 ·-
1113 5555 1154 5605 ab.
1173 5554 1320 5618 supplicatio
1335 5553 1632 5620 maputrasuumspnrie

316 5643 376 5683 csse
392 5631 493 5696 primus
504 5627 569 5679 vidit
579 5626 716 5678 blauutius.
730 5652 757 5662 -
775 5626 955 5692 :uffruqiomm
971 5625 1110 5676 Garatouio
1127 5629 1235 5678 auctore
1251 5628 1326 5678 uncis
1343 5625 1449 5678 inclusit
1464 5630 1484 5680 0
1498 5656 1524 5667 -
1544 5630 1585 5683 26.
1597 5629 1633 5677 si-

315 5706 368 5755 mut
382 5710 410 5756 ut
425 5709 449 5756 et
465 5703 552 5767 quiE:
572 5700 631 5751 tort.
649 5700 722 5751 amul
737 5705 811 5762 utque
822 5700 878 5762 qui:
897 5700 929 5752 ci.
942 5700 1100 5763 Madvigium
1117 5702 1152 5752 ad
1163 5703 1217 5754 Cic.
1230 5702 1264 5754 ds
1279 5702 1350 5753 Finu.
1364 5715 1391 5767 p.
1404 5703 1462 5754 203.
1476 5729 1505 5742 -
1523 5705 1564 5756 27.
1577 5717 1635 5755 coo-

314 5781 476 5832 ritiun'T-
499 5779 640 5830 iiucE-
662 5777 1000 5842 as.suotomsssequ0r:
1021 5781 1078 5829 suet
1100 5777 1289 5842 uequcEO-
1311 5775 1633 5833 comarumco-

316 5854 357 5908 3t.
373 5849 794 5922 upupam-alpense
810 5852 839 5903 T.
