3800 7350
305 1183 387 1251 isse
503 1198 509 1207 γ’
662 1162 868 1250 'omno
891 1182 1115 1249 enumeres
1135 1184 1217 1249 vur.

304 1358 468 1425 mortales!
502 1376 597 1441 quam
623 1375 770 1439 magnum
798 1362 847 1419 est
873 1374 1042 1438 personam
1069 1355 1104 1417 in
1129 1373 1164 1416 re
1191 1352 1319 1436 publica
1346 1351 1426 1415 tueri
1454 1350 1627 1435 principisl

305 1473 387 1537 quae
408 1472 473 1516 uon
494 1450 607 1514 animis
628 1449 731 1533 solum
754 1449 862 1527 debet,
884 1450 940 1512 sed
963 1449 1057 1512 etiam
1077 1448 1179 1511 oculis
1193 1448 1313 1511 servire
1328 1448 1453 1510 civium.
1486 1447 1627 1508 Domum

303 1548 443 1630 recipere
463 1544 599 1626 legatum
621 1544 776 1617 bostium,
804 1544 839 1606 in
860 1542 1041 1606 cubiculum
1065 1541 1248 1614 admittere,
1278 1541 1372 1604 etiam
1394 1539 1545 1604 seducere
1567 1538 1627 1602 bo·

277 1700 283 1714 ,
303 1640 399 1703 minis
420 1646 469 1702 est
489 1637 568 1701 nihil
588 1638 628 1701 de
650 1637 813 1720 dignitate,
835 1639 965 1701 nimium
982 1637 1022 1700 de
1043 1635 1182 1720 periculo
1198 1635 1376 1718 cogitantis.
1408 1633 1502 1709 Quod
1517 1640 1625 1697 autern

282 1741 352 1798 cest
371 1731 566 1817 periculum?
596 1752 669 1796 nam
690 1732 718 1794 si
739 1731 910 1795 maximum
931 1732 966 1793 in
989 1730 1156 1793 discrimen
1179 1730 1321 1803 venitur,
1343 1734 1398 1791 aut
1418 1729 1548 1791 libertas
1570 1747 1627 1809 pa·

303 1835 370 1889 rata
391 1824 502 1888 victori
523 1831 571 1889 est
591 1834 646 1890 aut
666 1845 752 1889 mors
774 1826 934 1908 proposita
956 1826 1057 1887 victo:
1090 1843 1226 1906 quorum
1255 1822 1385 1885 alterum
1408 1821 1545 1905 optabile
1568 1826 1626 1895 est,

302 1920 436 1983 alterum
458 1920 596 2001 effugere
616 1940 710 1983 nemo
731 1925 858 2003 potest,
885 1917 1000 2001 Turpis
1022 1923 1126 1980 autem
1147 1916 1221 1999 iuga
1237 1915 1346 1979 mortis
1360 1913 1448 1979 omni
1463 1921 1513 1977 est
1525 1921 1625 1978 morte

302 2014 403 2097 peior.
445 2007 497 2075 30.
518 2014 597 2077 Nam
625 2013 704 2076 illud
734 2011 863 2096 quidem
892 2031 957 2075 non
978 2010 1119 2074 adducor
1140 2018 1175 2072 ut
1196 2009 1341 2084 credam,
1366 2029 1437 2073 esse
1458 2007 1625 2091 quosdam,

302 2106 357 2189 qui
379 2105 544 2169 invideant
562 2106 696 2169 alicuius
718 2106 928 2180 constantiae,
951 2105 1007 2187 qui
1029 2103 1131 2167 labori
1153 2105 1239 2178 eius,
1271 2105 1327 2186 qui
1349 2104 1418 2166 eius
1439 2110 1625 2186 perpetuam

266 2203 337 2267 coin
358 2220 393 2263 re
420 2198 545 2284 publica
572 2198 750 2263 adiuvanda
771 2198 964 2270 voluntatem
987 2207 1017 2262 et
1039 2198 1163 2262 senatui
1186 2206 1218 2260 et
1249 2197 1369 2280 populo
1391 2198 1532 2261 Romano
1553 2218 1626 2280 pro·

303 2293 371 2357 bari
400 2292 531 2356 moleste
560 2292 671 2357 ierant
714 2290 832 2356 Omnes
859 2291 893 2355 id
915 2291 1043 2376 quidem
1072 2291 1176 2354 lacere
1198 2289 1406 2365 debebamus,
1435 2310 1537 2373 eaque
1558 2299 1627 2353 erat

303 2407 369 2451 non
396 2387 491 2450 modo
519 2383 604 2469 apud
631 2385 767 2449 maiores
789 2393 932 2462 nostros,
961 2386 1018 2449 sed
1040 2388 1133 2450 etiam
1155 2404 1256 2469 nuper
1277 2405 1399 2449 summa
1420 2385 1489 2448 laus
1510 2405 1627 2448 consu·

303 2482 433 2554 larium,
454 2479 598 2563 vigilare,
619 2478 731 2542 adesse
752 2480 877 2555 animo,
899 2499 1025 2563 semper
1046 2478 1165 2562 aliquid
1187 2499 1245 2562 pro
1265 2498 1301 2542 re
1322 2478 1449 2560 publica
1466 2485 1520 2541 aut
1541 2479 1627 2559 eogi-

303 2583 370 2638 tare
400 2580 455 2637 aut
480 2572 583 2636 iacere
616 2580 670 2636 aut
692 2571 807 2636 dicere.
850 2568 901 2635 3t.
923 2574 1005 2655 Ego,
1033 2582 1139 2656 putres
1164 2573 1351 2654 conscripti,
1381 2572 1419 2647 Q.
1442 2572 1627 2635 Scaevolam

267 2686 453 2751 suauqurem
481 2665 631 2733 memorie
660 2674 753 2730 teneo
780 2666 865 2730 bello
886 2665 1039 2741 Marsico,
1068 2686 1140 2729 cum
1162 2674 1247 2730 esset
1268 2686 1389 2729 summa
1411 2672 1574 2730 senectute
1595 2670 1629 2728 et

303 2762 428 2847 perdite
450 2759 646 2835 valetudine,
677 2759 838 2843 quotidie,
868 2759 963 2823 simul
984 2766 1080 2844 atque
1101 2758 1237 2834 luceret,
1258 2758 1362 2823 iacere
1384 2759 1529 2823 omnibus
1551 2777 1628 2821 con·

303 2853 451 2921 veniendi
483 2859 668 2936 potestatem
698 2855 764 2917 sui:
797 2873 855 2916 nec
884 2874 957 2916 curn
989 2853 1157 2936 quisquam
1183 2852 1238 2916 illo
1266 2851 1352 2915 bello
1373 2852 1450 2916 vidit
1470 2853 1504 2914 in
1526 2851 1627 2926 lecto,

302 2968 465 3031 senexque
487 2946 599 3009 debilis
621 2949 740 3028 primus
762 2947 907 3010 veniebat
936 2949 970 3010 in
993 2947 1123 3009 curiam.
1158 2946 1259 3010 Huius
1281 2944 1467 3010 industriam
1488 2947 1627 3009 maxime

303 3044 433 3129 quidem
455 3040 568 3105 vollem
589 3049 625 3103 ut
646 3042 842 3105 imitarentur
863 3042 903 3114 ii,
932 3060 1014 3124 ques
1037 3039 1216 3123 oportebat:
1247 3038 1388 3103 secundo
1416 3046 1521 3103 autem
1542 3040 1625 3114 loco,

266 3156 342 3203 tone
364 3136 492 3200 alterius
514 3134 613 3198 labori
635 3133 823 3198 inviderent.
866 3135 920 3196 Xt.
943 3130 995 3196 32.
1015 3134 1157 3207 Etenim,
1179 3142 1284 3217 patres
1299 3134 1482 3216 conscripti,
1505 3134 1625 3197 cumin

302 3252 393 3316 spem
408 3228 567 3293 ‘libertatis
589 3229 742 3292 sexennio
764 3235 839 3311 post
860 3227 959 3290 simus
986 3228 1121 3310 ingressi
1143 3228 1328 3311 diutiusque
1349 3229 1530 3291 servitutem
1554 3247 1626 3309 per-

301 3324 403 3409 pessi,
426 3341 521 3407 quam
542 3322 657 3404 captivi
679 3322 762 3384 servi
784 3320 868 3403 frugi
890 3330 921 3384 et
942 3320 1108 3403 diligentes
1129 3322 1249 3395 solent,
1278 3342 1357 3404 quas
1378 3321 1522 3404 vigilias,
1544 3342 1625 3405 quas

303 3416 547 3488 sollicitudines,
570 3434 652 3497 quos
674 3415 797 3478 labores
819 3415 974 3478 liberandi
996 3414 1108 3497 populi
1130 3415 1264 3480 Romani
1287 3435 1381 3478 causa
1402 3433 1547 3478 recusare
1570 3416 1625 3479 de-

301 3511 433 3574 bemus?
462 3507 634 3591 Equidem,
663 3515 767 3591 patres
800 3509 983 3591 conscripti,
1013 3527 1205 3593 quamquam
1224 3508 1288 3575 buc
1307 3510 1430 3574 bonore
1451 3511 1502 3573 usi
1524 3512 1622 3593 togati

265 3604 408 3672 assolent
437 3622 522 3678 esse,
552 3620 623 3663 cum
653 3610 701 3666 est
730 3603 763 3666 in
792 3604 873 3686 sagis
899 3602 1023 3677 civitas,
1052 3604 1146 3665 statui
1168 3612 1272 3667 tamen
1294 3623 1314 3667 a
1335 3603 1424 3669 vobis
1447 3606 1624 3687 ceterisque

303 3697 423 3762 civibus
453 3696 486 3757 in
515 3702 602 3759 tauta
625 3698 786 3762 atrocitate
809 3699 959 3783 temporis
981 3703 1132 3780 tantaque
1153 3698 1390 3781 perturbatione
1411 3701 1457 3764 rei
1479 3699 1624 3782 publicae

301 3812 365 3856 non
388 3791 514 3855 differre
534 3791 660 3855 uestitu.
693 3794 762 3856 Non
786 3793 868 3855 enim
890 3792 935 3855 itu
956 3791 1092 3872 gerimus
1113 3811 1172 3854 nos
1192 3791 1254 3855 boc
1272 3791 1356 3855 bello
1372 3791 1564 3866 consuleres,
1587 3799 1622 3854 ut

302 3904 405 3968 aequo
426 3883 533 3947 animo
555 3885 693 3969 populus
714 3887 874 3950 Romanus
896 3887 1020 3948 visurus
1042 3886 1084 3948 sit
1103 3886 1204 3948 nostri
1225 3886 1357 3948 honoris
1377 3886 1529 3968 insignia,
1552 3904 1623 3948 cum

302 3978 414 4063 partim
444 3999 461 4041 e
489 3978 578 4043 nobis
606 3981 649 4043 itu
676 3980 778 4044 timidi
800 3981 879 4054 siut,
908 3988 943 4043 ut
964 3992 1093 4044 omnem
1110 3980 1221 4063 populi
1242 3979 1374 4043 Romani
1395 3978 1624 4042 beneficiorum

303 4163 359 4176 b..
1134 4169 1618 4179 emm——

365 4305 685 4356 sammvzcmeu
705 4331 732 4342 -
752 4305 993 4356 3.roducorcD-
1019 4304 1622 4368 l.cst]ctV-dc0m.a-cimismom.

300 4394 362 4431 u-
381 4378 563 4431 deomb-
585 4380 860 4432 bstmwimeconi.
879 4382 1002 4432 Faernus.
1023 4408 1049 4417 -
1072 4383 1223 4432 ucoicturD
1242 4387 1385 4443 -poratc
1403 4382 1571 4444 V:pcrtuD
1592 4407 1620 4419 -

301 4457 325 4506 6.
343 4459 378 4504 cst
393 4455 483 4505 actori
500 4453 653 4517 (dumiah)
672 4453 751 4518 abst
773 4460 807 4506 cit
823 4467 877 4506 om.
892 4457 902 4505 t
919 4481 946 4492 -
966 4457 1079 4519 suposito
1095 4458 1157 4506 D-
1175 4457 1241 4506 amco
1257 4457 1292 4505 D:
1310 4456 1417 4515 otmtV3
1436 4455 1621 4506 tortoictts-

301 4529 499 4580 combis
515 4531 526 4579 t
545 4553 572 4567 -
591 4535 627 4581 ost
643 4529 772 4581 omb-
793 4532 1080 4596 aumencourt
1098 4555 1125 4568 -
1144 4532 1170 4581 8.
1187 4531 1478 4592 uam--rcroncutt
1499 4533 1620 4581 omi-

300 4605 355 4655 tltut
370 4605 406 4663 V;
423 4605 482 4654 illuc
498 4617 514 4655 e
532 4630 559 4641 ·-
584 4606 608 4657 9.
627 4607 679 4656 circs
695 4607 775 4669 (broce
790 4609 815 4669 e)
832 4608 876 4668 qui
890 4606 943 4655 σίνε
959 4603 1039 4668 alig:
1058 4605 1101 4667 qui
1117 4606 1169 4655 cius
1185 4616 1238 4655 om.
1257 4604 1309 4656 VO
1326 4603 1460 4666 (laboribus
1475 4606 1519 4667 qut
1535 4606 1588 4656 σιίω
1603 4607 1620 4666 i)

304 4707 331 4718 -
350 4681 390 4730 40.
409 4680 543 4729 otiosam
559 4685 583 4731 ct
600 4681 692 4743 populo
709 4682 737 4732 s.
755 4682 865 4745 scripsi:
887 4686 911 4730 et
927 4679 1368 4741 nemorumnemorum
1389 4684 1413 4729 et
1429 4685 1588 4730 omctoct
1604 4694 1624 4729 c

299 4755 1047 4818 popctolt.DO-prodoritV-ti.modcstcag-
1066 4754 1242 4815 doboomuca3
1262 4755 1496 4818 dobmuebgt—
1516 4756 1624 4807 ided-

301 4843 351 4881 osrc
367 4831 496 4880 Faernus:
515 4832 626 4894 ospitare
641 4831 725 4881 udone
740 4833 803 4882 mei.
824 4832 855 4884 ui
871 4842 953 4894 saepe
967 4830 993 4878 in
1007 4827 1137 4879 Vtectum
1149 4831 1311 4889 invenimus,
1331 4843 1363 4880 er
1374 4831 1493 4894 proxime
1505 4843 1624 4894 sequen-

301 4905 372 4956 tibus
388 4904 501 4955 verbum
519 4917 535 4954 u
551 4904 639 4956 scriba
657 4908 829 4971 praeceptum
847 4908 902 4966 est,
926 4903 997 4969 quod
1015 4903 1111 4954 deinde
1132 4905 1158 4954 in
1175 4903 1254 4954 codd.
1274 4903 1339 4954 dett.
1357 4917 1372 4953 e
1389 4917 1438 4954 suo
1454 4902 1513 4954 loco
1531 4904 1624 4956 detru-

302 4993 363 5031 sum
380 4982 429 5031 est.
449 5005 476 5016 —
496 4979 585 5041 aliquit
600 4980 623 5028 V
636 5005 663 5015 —
678 4994 727 5043 pro
743 4994 772 5031 re
784 4981 822 5045 p]
840 4982 878 5031 roi
891 4994 918 5042 p.
937 4993 954 5043 g
973 5005 1001 5016 -
1020 4984 1066 5029 cut
1080 4980 1192 5042 copitcrc
1207 4992 1261 5030 om.
1277 4980 1316 5029 Di
1335 5003 1362 5014 -
1380 4977 1421 5030 44.
1437 4993 1464 5042 p.
1476 4993 1499 5029 c.
1512 4981 1547 5029 V:
1567 4993 1622 5032 om.

301 5057 370 5105 D-
390 5056 419 5117 0.
437 5067 490 5105 om.
509 5055 527 5104 b
547 5083 574 5093 -
596 5056 637 5105 to.
653 5054 776 5115 mecuriai
791 5056 814 5103 V
833 5082 860 5093 -
883 5057 923 5106 46.
942 5055 1083 5104 udotudim
1099 5053 1182 5104 Vbt:
1205 5054 1343 5104 actium
1358 5066 1399 5117 ag
1416 5080 1444 5090 -
1465 5056 1554 5106 cotidie
1569 5057 1623 5107 VD

303 5157 330 5167 -
349 5134 437 5191 otique
452 5128 475 5176 V
491 5155 519 5164 -
538 5130 620 5180 liceret
636 5129 689 5180 ab²
707 5156 733 5166 —
751 5123 930 5180 cocucoiccdii
948 5130 995 5190 (sc.
1015 5128 1119 5180 duabus
1135 5127 1290 5179 lectionibus
1308 5129 1463 5192 coniunctis)
1476 5135 1557 5193 potest
1572 5145 1624 5181 aa·

301 5209 349 5255 um
364 5205 403 5253 sui
419 5203 454 5262 V;
472 5205 632 5254 cooecoicndi
649 5205 820 5265 (connectendi
838 5206 856 5266 t)
873 5207 912 5254 mi
924 5209 1071 5266 potestatem
1086 5204 1138 5253 D0
1152 5230 1179 5240 -
1198 5204 1238 5254 u.
1256 5216 1334 5264 usquo
1350 5203 1372 5253 D
1385 5229 1413 5240 -·
1431 5204 1472 5256 ts.
1490 5204 1574 5256 debilis
1584 5207 1621 5257 V:

300 5284 324 5330 ct
339 5278 423 5328 mutis
438 5278 505 5336 n0;
523 5279 581 5330 tort.
594 5281 675 5330 recte.
695 5281 739 5330 «ln
756 5279 860 5343 vulgata
876 5278 988 5330 lectione
1007 5278 1100 5330 metius
1117 5279 1310 5342 distinguuntur
1326 5277 1379 5329 duo
1394 5277 1478 5338 mala,
1496 5283 1623 5332 senectus

301 5355 329 5404 et
345 5350 490 5404 debilitas.»
508 5353 608 5403 oretur.
624 5381 657 5390 -
678 5355 818 5406 maximam
839 5357 875 5418 gt
893 5380 920 5391 ·-
943 5354 984 5405 49.
1003 5355 1101 5415 quidem
1117 5351 1154 5403 V:
1175 5355 1286 5417 equidem
1302 5356 1338 5415 D,
1357 5354 1415 5405 tort.
1432 5357 1520 5414 recte;
1542 5368 1568 5405 v.
1587 5356 1622 5406 ad

301 5441 340 5479 or.
357 5429 415 5490 llll,
433 5427 449 5492 5
466 5429 507 5479 48.
525 5456 558 5466 -
573 5430 801 5480 immittereoiurV
819 5456 846 5467 -
865 5430 900 5479 bii
916 5443 944 5488 ας
962 5431 988 5480 bi
1003 5443 1020 5493 g
1038 5456 1063 5468 -
1084 5432 1125 5481 20.
1142 5432 1170 5481 io
1187 5443 1240 5481 om.
1259 5429 1277 5481 b
1297 5456 1325 5467 -
1342 5431 1385 5481 st.
1400 5432 1506 5493 poitV:
1526 5445 1579 5483 om.
1598 5435 1621 5484 D

303 5528 329 5538 -
348 5503 424 5552 etnim
440 5506 516 5567 agi:
534 5518 618 5555 summ
633 5504 724 5566 bvo;
743 5506 1004 5568 quocum-misnae
1020 5505 1088 5555 coni.
1107 5504 1228 5555 Orelli·
1247 5505 1338 5569 incessi
1353 5505 1376 5553 V
1394 5531 1422 5540 -
1440 5507 1481 5556 22.
1497 5508 1564 5557 seui
1580 5507 1619 5557 V:

302 5579 424 5628 om.D0
444 5578 844 5644 -23.pop.u.].r.pr.t-
864 5581 1619 5643 tt.thoidome-bocom.t-2tt.otcctciist-

301 5653 343 5703 26.
361 5653 475 5703 trocttctc
490 5653 512 5703 V
530 5681 556 5690 -
573 5668 599 5717 p.
617 5669 641 5706 r.
657 5668 672 5704 a
692 5682 718 5693 -
737 5657 777 5707 nt.
795 5659 910 5708 cortitum
926 5660 985 5720 agt
1003 5683 1031 5694 ·-
1048 5669 1161 5721 qemun
1176 5655 1215 5706 bt
1233 5658 1284 5718 tuos
1299 5657 1409 5720 quimus
1425 5654 1525 5721 aliquot
1540 5656 1619 5709 codd.

302 5728 420 5790 Ferrarii)
434 5752 461 5764 -
480 5728 521 5780 28.
539 5730 571 5780 sit
586 5743 639 5780 om.
658 5733 668 5781 t
686 5758 713 5768 -
730 5733 830 5796 {ocimo
846 5732 868 5782 V
885 5756 912 5768 -
937 5733 979 5783 tu.
995 5733 1090 5794 purum
1106 5746 1120 5782 e
1134 5732 1393 5783 nom--aotoccrtot
1409 5744 1463 5782 om.
1481 5746 1509 5793 ες
1526 5734 1622 5795 portior

303 5803 1623 5867 emt-combgt-timidiiiotutoomomV:tiuiduiodutoiecmt3timidisistutoso

302 5875 335 5935 b;
353 5875 731 5946 timidisiutotoortcoliig.
