3800 7350
313 1180 395 1246 teti
738 1182 889 1248 ORATIO
911 1183 1137 1248 PHILIPPICA
1158 1185 1211 1249 VI.

313 1352 502 1418 sententiam
524 1352 626 1415 secuti
647 1361 736 1427 sunt,
764 1361 816 1428 ut,
845 1360 1000 1437 quantum
1027 1361 1154 1418 senatus
1179 1350 1350 1415 auotoritas
1372 1355 1545 1433 vesterque
1568 1365 1647 1409 con·

312 1467 427 1512 sensus
449 1445 534 1530 apud
556 1447 727 1510 Antonium
751 1447 902 1510 valiturus
926 1453 1024 1521 esset,
1045 1468 1103 1531 per
1123 1448 1245 1530 legatos
1268 1446 1495 1529 experiremur.

396 1541 435 1602 Π.
456 1538 618 1622 Intelligo,
651 1539 807 1615 Quirites,
840 1560 857 1604 a
885 1540 975 1604 vobis
1003 1540 1084 1604 bano
1113 1541 1300 1604 sententiam
1322 1538 1501 1622 repudiari,
1536 1555 1648 1620 neque

313 1633 437 1697 iniuria.
479 1633 529 1695 Ad
552 1653 646 1718 quem
669 1634 753 1697 enim
774 1634 920 1718 legatos?
948 1633 987 1697 ad
1011 1654 1140 1708 eumne,
1162 1635 1218 1715 qui
1239 1634 1376 1716 pecunia
1396 1633 1526 1717 publiea
1549 1629 1648 1693 dieri-

289 1733 385 1809 epata
406 1735 501 1809 atque
524 1727 637 1803 effusa,
665 1748 722 1811 per
742 1728 806 1791 vim
828 1735 860 1791 ct
881 1737 989 1791 contra
1011 1728 1152 1811 auspicia
1180 1727 1337 1810 impositis
1358 1728 1404 1790 rei
1425 1727 1576 1811 publicae
1598 1725 1648 1788 le-

312 1818 419 1901 gibus,
448 1817 555 1903 fugata
583 1822 747 1896 contione,
774 1821 905 1885 obsesso
929 1830 1041 1885 senatu
1062 1820 1103 1885 ad
1125 1819 1364 1903 opprimendam
1386 1841 1453 1884 rem
1479 1820 1646 1905 publicam

311 1913 481 1977 Brundisio
503 1914 645 1997 legiones
659 1915 851 1989 arcessierit,
873 1915 912 1977 ab
934 1916 973 1978 iis
995 1915 1124 1977 relictus
1139 1934 1208 1977 cum
1231 1913 1387 1977 latronum
1403 1934 1498 1978 manu
1515 1914 1552 1976 in
1568 1912 1648 1976 Gal·

286 2005 386 2080 „liam
414 2008 581 2090 irruperit,
609 2011 739 2072 Brutum
768 2014 946 2094 oppugnet,
976 2008 1130 2073 Mutinam
1152 2008 1401 2071 circumsedeatt
1434 2009 1527 2084 Quae
1548 2007 1647 2071 vobis

311 2108 417 2184 potest
438 2123 509 2166 cum
530 2100 591 2165 boc
613 2102 786 2186 gladiatore
809 2102 1016 2177 conditionis,
1043 2102 1228 2185 aequitatis,
1256 2102 1422 2185 legationis
1450 2121 1523 2166 esse
1554 2120 1647 2164 com-

273 2196 473 2260 tcmunitasl
516 2191 546 2258 t.
562 2195 780 2280 Quamquam,
803 2195 960 2271 Quirites,
982 2216 1047 2259 non
1069 2203 1118 2259 est
1138 2195 1193 2258 illa
1209 2194 1343 2279 legatio,
1366 2196 1423 2260 sed
1437 2193 1645 2260 denuntiatio

310 2289 403 2365 belli,
426 2290 487 2353 nisi
509 2288 670 2373 paruerit:
700 2288 744 2352 ita
766 2289 851 2352 enim
872 2294 921 2352 est
941 2289 1118 2365 decretum,
1141 2296 1177 2353 ut
1198 2288 1226 2352 si
1248 2287 1342 2372 legati
1364 2290 1405 2353 ad
1425 2287 1646 2354 Hannibalem

311 2383 517 2447 mitterentur.
557 2382 726 2446 Mittuntur
746 2383 830 2445 enim
853 2382 908 2467 qui
929 2384 1093 2458 nuntient,
1123 2402 1164 2446 ne
1185 2389 1348 2466 oppugnet
1368 2383 1532 2449 consulem
1556 2379 1646 2444 desi·

311 2483 454 2560 gnatum,
481 2495 523 2541 ne
544 2476 698 2542 Mutinam
719 2475 880 2552 obsideat,
908 2496 949 2540 ne
971 2476 1165 2560 provinciam
1187 2475 1417 2562 depopuletur,
1437 2495 1479 2542 ne
1501 2473 1643 2538 dilectus

310 2569 439 2644 babeat,
461 2570 503 2634 sit
522 2571 556 2634 in
578 2577 706 2634 senatus
727 2570 901 2655 populique
922 2570 1056 2635 Romani
1077 2575 1243 2654 potestate.
1277 2569 1382 2634 Facile
1396 2590 1472 2634 vero
1491 2568 1570 2635 bulo
1584 2565 1643 2631 de-

274 2663 502 2729 ssnunistioni
521 2663 660 2748 parebit,
682 2671 718 2728 ut
738 2666 773 2727 in
793 2672 917 2748 patrum
932 2667 1178 2748 conscriptorum
1201 2672 1297 2749 atque
1313 2664 1346 2727 in
1359 2671 1465 2732 vestra
1479 2667 1642 2746 potestate

309 2758 351 2823 sit
378 2758 434 2842 qui
463 2758 498 2822 in
528 2776 585 2821 sua
613 2777 786 2842 numquam
815 2756 928 2821 fueriti
965 2756 1050 2832 Quid
1072 2757 1156 2821 enim
1178 2756 1232 2821 ille
1253 2777 1404 2842 umquam
1426 2755 1556 2821 arbitrio
1578 2774 1641 2820 suo

308 2839 406 2918 finiti
428 2854 560 2937 Semper
580 2870 619 2915 eo
642 2857 760 2915 tractus
783 2858 846 2926 est,
869 2872 933 2936 quo
956 2849 1055 2915 libido
1070 2851 1191 2934 rapuit,
1215 2871 1277 2935 quo
1300 2850 1427 2927 levitas,
1449 2869 1515 2936 quo
1536 2849 1642 2924 furor,

308 2969 372 3032 quo
393 2946 583 3013 vinolentia:
614 2955 834 3029 semper'eum
856 2944 919 3008 duo
942 2942 1106 3008 dissimilia
1133 2964 1249 3026 genera
1271 2951 1455 3019 tenuerunt,
1484 2943 1641 3007 lenonum

309 3049 342 3105 et
362 3041 537 3116 latronum3
559 3040 604 3105 ita
625 3038 808 3103 domesticis
829 3038 962 3123 stupris,
989 3037 1169 3102 forensibus
1191 3038 1367 3119 parricidiis
1389 3038 1581 3113 delectatur,
1605 3045 1642 3101 ut

270 3135 434 3199 romulieri
466 3134 557 3199 eitius
592 3133 795 3198 avarissimae
826 3133 967 3218 paruerit
1000 3152 1095 3217 quam
1124 3132 1247 3196 senatui
1278 3132 1461 3217 populoque
1481 3134 1639 3197 Romano.

306 3228 359 3294 III.
380 3226 411 3291 5.
432 3227 544 3313 Itaque
559 3228 646 3313 quod
668 3227 763 3311 paulo
785 3235 858 3291 ante
879 3226 940 3290 feci
962 3224 996 3289 in
1017 3232 1128 3290 senatu
1141 3224 1255 3290 faciam
1268 3225 1354 3308 apud
1367 3245 1436 3290 vos.
1457 3224 1639 3302 Testiticor,

185 3397 188 3412 Ι
307 3322 477 3397 denuntio,
505 3329 579 3385 ante
607 3320 756 3407 praedico
786 3320 865 3384 nihil
893 3322 934 3385 bi.
962 3321 1136 3384 Antonium
1164 3340 1292 3396 eorum,
1321 3339 1405 3403 quae
1427 3328 1500 3383 sunt
1521 3319 1639 3404 legatis

306 3415 468 3490 mandata,
490 3414 663 3478 iacturum:
684 3420 877 3478 vastaturum
893 3433 1000 3498 agros,
1018 3413 1170 3478 Mutinam
1187 3414 1398 3488 obsessurum,
1421 3413 1555 3478 dilectus
1571 3433 1639 3499 qua

306 3508 407 3595 possit
427 3505 618 3572 habiturum.
653 3509 683 3572 ls
706 3516 754 3572 est
776 3508 860 3573 enim
882 3507 953 3582 ille,
976 3506 1031 3592 qui
1053 3526 1179 3588 semper
1199 3514 1328 3590 senatus
1349 3506 1504 3573 iudicium
1524 3517 1558 3575 et
1579 3527 1638 3572 au·

267 3604 501 3677 setoritatem,
523 3620 649 3686 semper
670 3602 864 3666 voluntatem
885 3608 1022 3664 vestram
1043 3607 1296 3686 potestatemque
1318 3603 1553 3687 contempserit.
1584 3603 1636 3666 An

304 3699 360 3763 ille
381 3697 414 3761 id
436 3696 546 3773 iaciat,
568 3695 655 3783 quod
676 3696 773 3781 paulo
795 3703 868 3760 ante
891 3695 1049 3759 decretum
1071 3704 1136 3772 est,
1162 3706 1199 3760 ut
1219 3698 1393 3762 exercitum
1415 3697 1492 3762 citra
1513 3692 1636 3763 flumen

304 3791 516 3866 Rubiconem,
539 3789 594 3874 qui
614 3790 688 3855 linis
710 3797 760 3855 est
780 3789 917 3866 Galliae,
940 3790 1102 3866 educeret,
1128 3789 1202 3854 dum
1223 3810 1265 3854 ne
1286 3791 1418 3876 propius
1439 3791 1552 3857 urbem
1570 3790 1635 3854 Ito·

304 3906 388 3949 mam
410 3882 458 3949 CC
480 3880 567 3947 milia
587 3884 789 3949 admoveret?
815 3882 897 3947 Huic
919 3882 1150 3948 denuntiationi
1174 3884 1227 3948 ille
1248 3889 1380 3971 pareat?
1401 3884 1456 3952 ille
1477 3904 1512 3951 se
1533 3884 1634 3950 fluvio

302 3979 465 4044 Rubicone
487 3984 521 4041 et
535 3974 584 4040 CC
604 3974 732 4041 milibus
754 3978 1021 4063 circumscriptum
1042 3997 1113 4042 assa
1134 3981 1298 4060 patiatur?
1320 3977 1350 4042 6.
1363 3981 1434 4048 Nou
1456 3979 1483 4043 is
1499 3985 1549 4043 est
1564 3979 1632 4042 An·

265 4072 420 4136 totonius.
453 4072 533 4134 Nam
554 4068 582 4134 si
604 4079 704 4146 esset,
727 4091 792 4134 non
815 4071 1025 4136 commisisset
1046 4079 1083 4135 nt
1104 4072 1134 4137 ei
1156 4081 1300 4149 senatus,
1327 4083 1488 4157 tamquam
1508 4070 1635 4139 IIanni-

302 4164 368 4230 bali
399 4163 490 4227 initio
521 4162 598 4227 belli
630 4165 758 4240 Punici,
791 4164 992 4230 denuntiaret
1019 4187 1060 4230 ne
1089 4175 1286 4251 oppugnaret
1314 4166 1497 4250 Saguntum.
1535 4165 1636 4242 Quod

242 4320 250 4331 ,
303 4279 378 4324 vero
408 4258 454 4323 ita
478 4265 629 4325 avocatur
648 4277 668 4322 a
689 4259 827 4335 Mutina,
857 4267 891 4324 ut
921 4259 961 4323 ab
983 4261 1062 4324 urbe
1084 4269 1243 4345 tamquam
1265 4259 1414 4343 pestilera
1434 4260 1562 4327 namma
1583 4280 1635 4325 ar-

303 4361 427 4427 ceatur,
449 4370 546 4437 quam
565 4350 662 4415 babet
682 4352 904 4436 ignominiam!
929 4353 1017 4438 quod
1040 4353 1194 4418 iudicium
1212 4351 1356 4416 senatus!
1380 4351 1485 4431 Qnid‘t
1508 4352 1635 4440 quoda

303 4454 415 4511 senatu
438 4445 555 4510 dantur
574 4445 722 4511 mandata
742 4447 872 4529 legatis,
896 4453 930 4512 ut
949 4449 988 4511 D.
1010 4449 1144 4513 Brutum
1166 4447 1344 4531 militesque
1360 4447 1427 4511 eius
1445 4449 1562 4515 adeant
1576 4448 1634 4513 iis·

265 4559 367 4624 esque
395 4540 614 4604 demonstrent
640 4556 762 4605 summa
791 4541 824 4602 in
854 4560 922 4604 rem
949 4541 1113 4625 publicam
1142 4542 1251 4606 merita
1279 4539 1496 4625 beneficiaque
1518 4560 1633 4609 eorum

304 4640 391 4716 grata
419 4653 489 4698 esse
520 4632 644 4698 senatui
675 4633 858 4719 populoque
886 4636 1029 4700 Romano
1058 4636 1165 4722 iisque
1194 4655 1263 4700 eam
1292 4655 1360 4701 rem
1387 4655 1519 4720 magnae
1540 4635 1632 4701 laudi

369 4972 392 5021 4.
410 4950 522 5034 uiaeque
539 4973 619 5037 (prior
635 4987 649 5025 e
666 4973 692 5024 io
708 4976 771 5038 ras.)
789 4975 821 5038 V,
839 4975 898 5026 tort.
917 4989 950 5026 ex
966 4979 1125 5037 nestoriosque
1143 4999 1170 5012 -
1189 4974 1214 5023 2.
1232 4977 1295 5034 aput
1309 4972 1332 5020 V
1344 4997 1373 5009 -
1392 4974 1418 5023 5.
1433 4975 1546 5039 Inpositis
1563 4977 1586 5026 V
1600 5003 1630 5014 -

301 5044 339 5094 rei
351 5044 533 5107 pubiicoeVi:
548 5049 641 5110 populo
657 5049 768 5099 ltonsooo
786 5051 845 5100 0-
865 5052 889 5100 Ἰ.
903 5051 1082 5108 accerseritV3
1100 5048 1242 5100 accederit
1258 5051 1306 5098 l-
1325 5047 1403 5097 iisV:
1422 5049 1460 5100 iis
1475 5051 1484 5101 i
1502 5078 1530 5089 -
1548 5051 1631 5102 &ie-

300 5119 398 5181 ruperit
413 5119 436 5168 V
455 5146 482 5158 -
501 5127 656 5186 oppugnetur
671 5123 734 5172 V-
753 5124 778 5174 9.
796 5125 946 5195 oopdicioais
962 5127 985 5174 V
1001 5151 1028 5161 -
1047 5125 1087 5176 40.
1106 5124 1291 5175 domotiutiooe
1300 5123 1333 5184 V,
1351 5123 1411 5174 tort.
1424 5137 1458 5174 ex
1473 5125 1631 5177 dmmtiotio

297 5207 379 5256 poene
397 5219 425 5230 -
445 5194 652 5246 lt.beiioV¹-
672 5199 948 5250 ta.nsnotmtvi-
969 5200 1009 5252 43.
1028 5199 1205 5250 obredeotvti
1225 5224 1251 5235 -
1270 5198 1560 5251 restituissent:
1579 5202 1630 5254 det.

301 5270 338 5321 io
351 5295 378 5305 -
400 5268 440 5320 tt.
452 5270 637 5323 denuntiatione
648 5271 679 5321 V¹
693 5300 719 5309 -
739 5276 779 5325 tt.
791 5281 886 5327 tructus
902 5281 937 5326 est
947 5275 1050 5340 scripsi,
1068 5274 1278 5339 interpunctione
1295 5270 1345 5323 loci
1357 5272 1516 5326 emendata:
1531 5279 1632 5330 baem

300 5349 323 5394 et
340 5344 362 5394 V
375 5344 416 5407 (ci.
430 5343 463 5393 ad
480 5358 507 5410 p.
519 5345 593 5406 4304,
608 5347 662 5410 ⁴713
681 5353 777 5400 tractus
792 5350 828 5402 io
843 5377 869 5388 -
889 5351 929 5402 48.
947 5350 1087 5400 uiouieotio
1099 5350 1151 5411 Vi;
1169 5349 1287 5400 oiokodo
1303 5347 1403 5413 aliquot
1413 5347 1491 5400 codd.
1504 5350 1628 5405 Ferrarii.

302 5444 330 5455 -
349 5425 480 5470 imperauit
496 5419 519 5469 V
540 5433 609 5471 corr.
634 5434 667 5472 ex
686 5429 777 5474 aerum
800 5451 827 5460 -
855 5426 895 5477 22.
914 5424 1057 5480 dracontio
1078 5423 1114 5484 V;
1140 5424 1256 5474 &omnio
1277 5427 1349 5486 cote,
1372 5424 1493 5488 ρνωάίοο
1509 5423 1631 5479 daumii

299 5495 470 5547 blanckenius
486 5495 513 5545 in
530 5495 645 5548 oosoeo.
663 5498 692 5548 I..
710 5498 739 5548 I..
757 5511 783 5563 p.
802 5498 863 5562 tto,
882 5501 912 5549 ut
928 5501 970 5549 est
985 5499 1013 5549 in
1028 5498 1105 5549 Vcrr.
1118 5499 1176 5549 Act.
1189 5499 1214 5558 l,
1233 5497 1248 5563 5
1265 5496 1305 5548 36.
1321 5524 1349 5535 -
1366 5498 1408 5549 26.
1420 5500 1487 5550 stira
1501 5496 1543 5553 mi
1557 5501 1628 5568 (sup.

298 5567 344 5620 lin.
360 5571 405 5635 po)
423 5571 467 5633 poi
482 5570 505 5621 V
523 5570 557 5634 (ln
574 5584 658 5637 marg.
677 5572 819 5624 rubieom
839 5571 984 5638 additum);
1007 5573 1041 5625 ol.
1060 5587 1099 5625 or.
1118 5573 1176 5635 Vll,
1200 5573 1350 5636 sitisti.
1368 5571 1436 5625 lnlra
1452 5571 1530 5639 adp.
1549 5575 1628 5641 tato,

298 5640 339 5693 30.
360 5669 387 5679 -
407 5643 720 5711 appropinquante
738 5661 763 5698 v.
782 5647 859 5711 adp.
878 5647 953 5711 tate,
971 5647 1054 5700 ib·
1074 5649 1115 5703 28.
1134 5649 1174 5701 CO
1188 5647 1287 5700 om.V¹
1300 5675 1326 5685 —
1344 5647 1397 5699 osii.
1410 5648 1450 5699 Vi
1469 5675 1497 5686 -
1514 5651 1628 5716 purim

297 5717 321 5765 V
340 5744 366 5755 -
386 5719 426 5770 29.
445 5725 468 5771 et
485 5720 614 5772 Faernus:
634 5734 688 5774 om.
706 5720 790 5785 Vol,
811 5721 861 5774 sed
877 5724 962 5776 estin
978 5724 1001 5775 V
1018 5727 1079 5775 ente
1097 5723 1136 5776 GC
1150 5737 1244 5775 rasura
1260 5723 1374 5777 duarum
1390 5723 1505 5777 triumve
1522 5722 1627 5781 littere-

297 5804 368 5843 rum.
383 5819 410 5828 —
428 5795 482 5846 md.
495 5795 534 5846 Vi
554 5824 582 5834 -
599 5796 666 5847 estV
681 5797 708 5846 in
725 5809 778 5848 ras.
796 5796 887 5850 babet.
902 5825 930 5836 —
949 5798 1245 5852 tommosam-
1263 5800 1304 5853 rt.
1322 5797 1466 5851 isetov-
1484 5799 1527 5859 32.
1541 5803 1627 5869 pm

296 5864 1531 5941 habentesquepov-se.mv3mi-isrsnp.t;ierepeitieov.
