3800 7350
528 1719 868 1841 onanron‘ou
896 1753 1352 1840 nfflmonrcanou

745 1973 901 2045 LIBER
925 1973 1143 2048 smnus

366 2366 390 2429 l.
413 2360 443 2427 l.
464 2364 580 2430 Audita
602 2365 691 2431 vohis
713 2385 783 2430 esse
805 2365 953 2441 arbitror,
979 2365 1136 2441 Quirites,
1159 2384 1241 2451 qnae
1264 2366 1328 2430 sint
1347 2373 1417 2431 acta
1434 2368 1602 2444 incenato,

284 2478 366 2543 quae
387 2456 483 2523 inerit
503 2460 658 2544 cuiusque
681 2460 845 2524 sententia.
888 2459 949 2522 Res
972 2460 1056 2522 enim
1081 2479 1121 2523 ex
1142 2459 1293 2523 Kalendis
1314 2461 1468 2526 Ianuariis
1489 2463 1604 2547 agitata

283 2553 378 2637 paulo
407 2560 481 2618 ante
512 2553 653 2618 coniecta
682 2561 745 2629 est,
776 2552 880 2617 minus
911 2553 1039 2637 quidem
1067 2552 1122 2617 illa
1144 2572 1253 2617 severe
1275 2574 1368 2637 quam
1390 2555 1512 2633 decuit,
1540 2578 1603 2620 non

284 2654 391 2712 tamen
412 2647 541 2712 omnino
563 2646 725 2712 dissolute.
757 2649 845 2711 Mora
867 2655 915 2711 est
928 2646 1022 2710 allata
1037 2642 1139 2722 bello,
1160 2668 1225 2712 non
1240 2649 1479 2714 cansasnblata.
1502 2651 1603 2727 Quam

283 2740 324 2803 ob
356 2761 440 2815 rem,
472 2740 558 2825 quod
588 2743 744 2827 qnaesivit
772 2763 812 2806 ex
841 2762 892 2807 me
919 2742 953 2805 P.
975 2740 1145 2824 Apuleius,
1174 2740 1271 2805 homo
1299 2750 1331 2806 et
1359 2742 1464 2807 multis
1494 2742 1628 2808 officiiso

282 2833 361 2897 mihi
384 2842 416 2898 et
436 2855 558 2899 summa
578 2835 789 2899 familiaritate
811 2837 998 2901 coniunctus
1020 2844 1051 2899 et
1066 2835 1155 2900 vobis
1170 2836 1396 2913 amicissimus,
1417 2837 1462 2902 ita
1475 2859 1606 2922 respon-

283 2927 380 3002 debo,
410 2936 446 2991 ut
467 2948 523 3005 ea,
557 2929 674 3014 quihus
695 2950 760 2993 non
781 2930 987 3005 interfuistis,
1013 2949 1109 2993 nosse
1130 2930 1269 3013 possitis.
1306 2931 1407 2994 Causa
1427 2930 1605 2996 fortissimis

284 3022 477 3108 optimisque
500 3024 682 3089 consulibus
697 3024 850 3088 Kalendis
871 3022 1082 3087 Ianuariis'de
1101 3043 1136 3087 re
1158 3023 1284 3107 publica
1298 3025 1434 3107 primum
1449 3024 1605 3089 referendi

281 3114 343 3177 fnit
364 3135 404 3179 ex
427 3137 483 3192 eo,
506 3118 593 3203 quod
615 3139 685 3182 rur.
701 3117 860 3181 Kalendas
882 3117 948 3179 lan.
971 3125 1099 3179 senatus
1122 3136 1171 3180 mo
1193 3123 1321 3182 auctore
1336 3118 1484 3182 decrevit.
1517 3116 1547 3182 2.
1559 3121 1606 3183 Eo

283 3207 335 3271 die
363 3209 517 3293 primum,
547 3211 704 3287 Quirites,
732 3210 937 3274 fundamenta
966 3217 1040 3273 sunt
1068 3211 1150 3274 iacta
1176 3211 1223 3275 rei
1250 3210 1413 3294 publicae:
1441 3212 1502 3277 fnit
1523 3216 1645 3278 enimto

282 3301 377 3386 longo
401 3304 567 3369 iutervullo
589 3307 633 3369 ita
654 3305 737 3369 liber
758 3313 903 3378 senatus,
933 3310 970 3366 nt
991 3322 1048 3366 vos
1070 3302 1242 3388 aliquando
1264 3301 1356 3368 liberi
1377 3308 1500 3371 essetis.
1536 3308 1608 3383 Quo

283 3396 413 3480 quidem
434 3405 595 3482 tempore,
619 3401 714 3463 etiam
736 3400 765 3463 si
786 3399 840 3462 ille
855 3397 923 3462 dies
937 3397 1021 3460 vitae
1043 3392 1138 3460 finem
1153 3398 1230 3461 mihi
1245 3398 1397 3464 allaturus
1411 3409 1512 3477 esset,
1532 3403 1609 3467 satis

284 3510 432 3575 magnum
455 3512 602 3576 ceperam
623 3493 774 3569 fructum,
796 3513 867 3556 cnm
890 3512 945 3556 vos
967 3489 1108 3554 universi
1129 3511 1194 3557 una
1215 3500 1320 3556 mente
1341 3500 1435 3577 atque
1452 3515 1530 3561 voce
1550 3496 1610 3560 ite-

283 3604 353 3648 rum
377 3605 396 3649 a
417 3604 468 3648 me
490 3594 707 3651 conservatam
729 3607 799 3652 esse
821 3607 886 3649 rem
909 3584 1068 3668 publicam
1090 3583 1322 3654 conclamastis.
1355 3586 1424 3650 lloc
1440 3598 1545 3654 vestro
1560 3590 1609 3654 iu·

284 3678 367 3743 dicio
398 3686 486 3745 tanto
515 3687 643 3767 umque
672 3682 836 3765 praeclaro
866 3679 1021 3743 excitatus
1050 3678 1094 3742 ita
1122 3678 1274 3743 Kalendis
1302 3680 1454 3747 Ianuariis
1475 3686 1548 3749 veni
1575 3685 1648 3749 inse

283 3779 446 3848 senatum,
468 3780 504 3838 ut
524 3777 738 3841 meminissem
760 3795 855 3860 qnam
876 3792 1045 3859 personam
1066 3772 1246 3858 impositam
1264 3791 1284 3836 a
1299 3773 1391 3838 vobis
1410 3778 1610 3844 sustinerem.

283 3867 396 3951 ltaque
416 3866 537 3933 bellum
559 3868 714 3933 netarium
735 3869 857 3932 illatum
873 3866 1079 3951 reipublicae
1094 3886 1165 3930 cum
1179 3866 1333 3942 viderem,
1355 3868 1475 3934 nnllam
1489 3892 1610 3937 moram

285 3957 549 4042 interponendam
571 3962 760 4047 insequendi
781 3963 823 4025 ll.
845 3960 1016 4024 Antonium
1036 3960 1161 4043 putavi,
1192 3958 1418 4045 hominemque
1438 3963 1611 4032 audacissi-

283 4073 386 4129 mum,
416 4053 472 4138 qui
501 4053 610 4118 multis
640 4055 769 4120 nefariis
790 4054 886 4119 rebus
908 4060 982 4117 ante
1003 4053 1178 4116 commissis
1199 4052 1261 4115 hoc
1281 4059 1421 4139 tempore
1443 4057 1611 4141 imperato-

280 4165 349 4208 rem
378 4145 489 4231 popnli
518 4149 650 4213 Romani
680 4155 896 4233 oppugnaret,
924 4146 1078 4211 coloniam
1107 4152 1244 4209 vestram
1272 4142 1456 4212 fidissimam
1477 4149 1647 4217 fortissimo

282 4258 428 4325 mamque
451 4241 629 4317 obsideret,
651 4244 737 4307 hello
760 4241 869 4307 censui
891 4238 1164 4326 persequendum:
1186 4239 1355 4304 tumultum
1377 4261 1446 4307 esse
1469 4243 1610 4321 decrevi,

283 4333 440 4399 iustitium
469 4334 567 4412 edici,
596 4357 671 4420 saga
701 4337 783 4401 sumi
813 4335 878 4399 dixi
905 4334 1048 4419 placere,
1077 4353 1142 4418 quo
1164 4353 1275 4398 omnes
1296 4336 1400 4399 acrius
1422 4338 1610 4423 graviusque

282 4428 502 4494 incumberent
530 4430 570 4493 ad
602 4430 801 4494 ulciscendas
832 4428 878 4493 rei
906 4428 1052 4512 publicae
1081 4428 1229 4509 iniurias,
1261 4427 1288 4492 si
1311 4428 1417 4492 omnin
1437 4432 1610 4514 gravissimi

282 4520 360 4584 belli
382 4522 519 4606 insignia
540 4532 688 4607 suscepta
708 4543 727 4588 a
749 4530 862 4588 senatu
876 4520 1030 4585 viderent.
1062 4517 1219 4606 3.1taqne
1239 4523 1319 4587 haec
1334 4523 1500 4600 sententia,
1532 4525 1610 4600 Qui·

283 4615 376 4691 rites,
405 4617 451 4680 sic
472 4617 692 4700 pertriduum
714 4617 831 4693 valuit,
858 4624 908 4693 nt,
938 4635 1130 4701 quamquam
1152 4616 1305 4681 discessio
1326 4617 1409 4680 sacta
1429 4636 1495 4680 non
1517 4626 1647 4694 casatas

284 4715 390 4772 tamen
411 4718 536 4793 praeter
556 4730 674 4794 paucos
696 4731 804 4776 omnes
824 4709 902 4774 mihi
924 4710 1086 4774 assensuri
1104 4709 1296 4773 viderentur.
1329 4709 1490 4775 Hodierno
1504 4718 1609 4775 autem

284 4802 336 4867 die
364 4804 471 4869 nescio
500 4823 564 4888 qua
593 4806 640 4869 eis
662 4805 786 4871 obiecta
808 4825 842 4868 re
863 4805 1028 4869 remissior
1048 4810 1176 4869 senatus
1197 4803 1267 4866 init.
1304 4804 1384 4867 Nam
1409 4803 1518 4887 plures
1540 4823 1608 4867 eam

347 5093 1610 5159 a.octuctav-t.cucrav-s.mom.t-sppuausto-oprusv-o.qoca

283 5181 309 5218 o.
328 5169 352 5219 d.
370 5167 436 5219 Xlll.
454 5170 523 5221 coni.
542 5167 629 5221 Orelll.
650 5196 676 5207 -
697 5171 737 5221 to.
756 5175 814 5222 root
828 5171 898 5223 iacto
914 5171 1055 5222 Garatoni:
1081 5175 1139 5221 aot
1154 5171 1224 5220 toctc
1239 5175 1296 5220 4444
1313 5168 1350 5227 V;
1368 5169 1437 5218 lactc
1451 5173 1509 5218 4444
1524 5169 1561 5218 40
1580 5194 1607 5203 -

178 5273 185 5284 ·
284 5242 324 5293 42.
342 5242 383 5294 ills
399 5242 488 5294 deisV
506 5270 534 5282 -
557 5246 691 5297 4444444444
708 5247 762 5310 (sic)
780 5247 803 5296 V
822 5272 851 5284 -
875 5246 915 5297 43.
934 5259 1064 5309 coeperam
1083 5245 1179 5309 4444444
1196 5245 1264 5309 (ευρ.
1281 5244 1310 5308 [a
1326 5242 1373 5294 litt.
1390 5257 1409 5293 u
1424 5240 1609 5307 superscr.)V

285 5341 314 5354 -
333 5315 375 5369 44.
392 5319 590 5372 cooclorucrsetlr
612 5323 680 5373 conl.
704 5322 817 5374 Ernesti.
841 5348 869 5359 -
897 5323 937 5372 47.
956 5322 1063 5371 tomum
1084 5321 1123 5370 Vl
1147 5346 1175 5357 -
1202 5318 1243 5369 48.
1260 5318 1428 5382 &semodio
1450 5319 1497 5379 (444
1512 5318 1537 5368 lo
1555 5330 1608 5368 rus.

283 5404 319 5442 m.
337 5391 362 5455 t)
380 5394 548 5445 4444444444
567 5421 595 5434 -
621 5395 661 5447 to.
680 5397 818 5459 imperator
833 5396 857 5446 V
875 5424 903 5435 -
926 5397 969 5448 44.
987 5397 1084 5447 decrevi
1099 5396 1155 5445 Vi:
1180 5394 1278 5445 dmenu
1294 5395 1315 5445 0
1334 5420 1361 5430 -
1380 5391 1421 5444 u.
1441 5393 1510 5455 0444.
1530 5392 1610 5442 Faer-

284 5478 347 5517 nus:
367 5479 444 5529 44444
458 5467 495 5530 44;
514 5482 568 5521 om.
586 5471 595 5520 i
612 5496 639 5507 -
663 5470 704 5522 25.
722 5472 792 5535 sacto
806 5484 857 5521 444
873 5472 941 5536 aaut]
966 5470 1149 5522 coniunctivus
1165 5468 1358 5532 Wesenbergio
1375 5469 1402 5518 in
1419 5465 1525 5517 emend.
1543 5467 1610 5516 Tus·

284 5538 336 5590 cul.
354 5542 377 5603 l,
396 5555 423 5608 p.
437 5544 463 5593 44
483 5556 534 5610 per
550 5548 734 5600 attractionem
746 5545 880 5613 quandam
896 5547 998 5614 positus
1011 5545 1129 5607 videtur,
1147 5545 1305 5596 secundaria
1322 5543 1453 5595 sentmtia
1469 5543 1610 5606 primariae

285 5618 495 5669 accommodata.
515 5646 542 5657 -
565 5622 607 5673 26.
622 5635 718 5686 paucos
737 5622 846 5674 44444444
868 5634 952 5672 omncs
967 5621 1003 5683 V,
1030 5625 1059 5672 ut
1081 5621 1165 5672 edidit
1182 5622 1314 5679 tiaratos3
1341 5621 1368 5668 at
1384 5616 1523 5668 manilesto
1540 5615 1609 5664 duaa

286 5687 411 5742 lectiones
428 5693 517 5745 variae
534 5696 689 5747 coniunctae
707 5698 778 5746 sont.
797 5723 825 5736 -
848 5697 979 5748 44444444·
996 5697 1018 5746 V
1037 5725 1064 5734 -
1087 5697 1197 5748 44444444
1213 5693 1246 5745 V¹
1263 5720 1291 5731 -
1310 5694 1351 5744 ti.
1369 5694 1421 5743 dies
1434 5705 1485 5741 ooo
1501 5696 1536 5742 ost
1552 5693 1611 5753 (noo

285 5766 505 5833 ”l'pflssclflltlml
522 5781 595 5832 44444.
621 5770 679 5821 Scio
700 5770 785 5833 cadolt
807 5769 955 5822 4444444444
975 5770 1102 5821 4444444404
1117 5770 1152 5833 V;
1174 5769 1279 5821 strom
1297 5769 1349 5829 103
1376 5767 1535 5819 etFadrnns
1553 5764 1610 5829 (au,

282 5838 354 5904 pam
368 5840 450 5893 4444
466 5855 518 5908 coo
532 5842 626 5899 444444
639 5858 694 5911 sps,
711 5844 839 5898 4444444
854 5847 910 5897 nau
925 5847 950 5910 1,
967 5856 995 5910 p.
1012 5844 1065 5908 av.)

326 5931 416 5983 crem
429 5933 494 5986 Ml.
1348 5937 1389 6004 83
