3800 7350
619 1182 693 1247 co.
715 1180 997 1246 mvn-xnus
1023 1178 1070 1264 §g
1092 1175 1280 1244 too-roe.
1553 1172 1615 1240 ser

289 1351 410 1417 Nollem
424 1351 510 1416 idem
531 1350 594 1416 alio
615 1350 687 1414 loco
705 1351 847 1426 dixisset,
870 1349 959 1434 qnod
981 1349 1166 1431 exciperent
1186 1348 1321 1431 improbi
1342 1348 1438 1421 cives,
1463 1346 1616 1421 «oderint,

286 1447 363 1511 dum
382 1452 564 1520 metuanta3
586 1447 747 1530 praeclara
768 1446 853 1509 enim
875 1444 930 1507 illa
946 1451 1113 1527 praecepta
1127 1441 1258 1505 dederat
1271 1440 1437 1505 iuventuti.
1466 1435 1538 1501 l03.
1554 1437 1616 1502 Sed

287 1550 392 1606 tanen
418 1538 499 1604 haec
521 1540 574 1604 via
600 1559 637 1603 ac
658 1542 739 1604 ratio
763 1540 809 1603 rei
833 1538 981 1621 publicae
1003 1535 1215 1619 capessendae
1238 1534 1314 1597 olim
1337 1542 1405 1598 erat
1424 1534 1525 1617 magis
1545 1552 1618 1615 per

286 1633 495 1709 tinuaanda,
525 1654 597 1697 cum
625 1633 733 1697 multis
762 1635 795 1697 in
816 1632 913 1696 rebus
935 1630 1144 1695 multitudinis
1166 1629 1304 1692 studium
1325 1636 1380 1692 aut
1399 1627 1512 1712 populi
1533 1646 1618 1690 eom·

286 1727 417 1793 aradam
439 1727 479 1790 ab
500 1727 636 1791 utilitate
658 1727 705 1789 rei
728 1726 871 1811 publicae
893 1723 1102 1806 discrepabat.
1137 1721 1314 1785 Tabellaria
1335 1720 1389 1785 lex
1402 1721 1442 1784 ab
1457 1721 1492 1783 L.
1508 1719 1641 1785 Cassios

285 1822 455 1888 terebatur.
488 1820 627 1904 Populus
650 1821 826 1884 libertatem
849 1820 900 1902 agi
923 1817 1053 1901 putabat
1074 1836 1172 1879 suam.
1201 1814 1438 1879 Dissentiebant
1458 1814 1618 1899 principes

285 1925 318 1982 et
343 1916 379 1980 iu
407 1916 510 1980 salute
538 1914 738 1997 optimatium
767 1914 975 1977 temeritatem
1006 1910 1218 1974 multitudinis
1248 1915 1281 1971 et
1301 1908 1435 1972 tabellae
1457 1908 1617 1971 licentiam

284 2010 558 2096 pertimescebant
591 2009 753 2090 agrariam
774 2008 822 2070 Ti.
838 2005 997 2070 Gracchus
1012 2004 1115 2086 legem
1131 2003 1262 2066 ferebat.
1290 2001 1386 2065 Grata
1399 2009 1466 2065 erat
1480 2000 1616 2086 populo:

283 2104 430 2169 lmtnnse
460 2102 611 2166 constitui
638 2102 819 2164 tenuiorum
847 2099 1043 2166 videbantur.
1086 2097 1274 2161 Nitehantur
1302 2102 1413 2158 contm
1438 2095 1617 2178 optimates,

285 2196 372 2282 quod
402 2203 436 2261 et
456 2194 647 2259 discordiam
669 2196 801 2258 excitari
822 2194 973 2259 videbant
993 2200 1040 2266 et,
1070 2213 1141 2255 cuna
1163 2191 1340 2274 locupletes
1361 2187 1616 2273 possessionibus
1626 2205 1654 2252 to

285 2289 444 2356 diuturnis
465 2296 687 2365 moverentur,
708 2288 839 2371 spoliari
862 2309 927 2352 rem
949 2286 1108 2369 publicam
1123 2285 1408 2369 propugnatoribus
1422 2283 1617 2346 arbitraban-

286 2391 345 2448 tur.
376 2384 627 2448 Frumentariam
649 2383 751 2465 legem
769 2382 801 2445 G.
818 2382 975 2445 Gracchus
995 2380 1127 2445 ferebat.
1149 2377 1291 2442 ineunda
1305 2398 1357 2442 res
1371 2375 1492 2462 plebei3
1515 2374 1617 2440 victus

286 2476 370 2540 eninr
396 2477 657 2562 suppeditabatur
685 2474 771 2558 large
793 2477 862 2538 sine
884 2476 1003 2539 lahore.
1046 2472 1276 2556 depugnabant
1295 2471 1387 2546 boni,
1416 2469 1503 2554 quod
1525 2476 1556 2532 et
1576 2466 1617 2529 ab

286 2568 443 2633 industria
471 2570 595 2654 plebem
623 2569 664 2633 ad
695 2570 850 2633 desidiam
879 2569 1006 2633 avocari
1036 2567 1188 2651 putabant
1218 2574 1251 2629 et
1278 2565 1433 2630 aerarium
1456 2559 1616 2627 exhauriri

286 2661 445 2726 ridebant
481 2664 594 2726 XLIX.
611 2659 682 2728 tot.
705 2663 804 2727 Multa
825 2663 921 2727 etiam
940 2669 1048 2726 nostra
1070 2660 1230 2735 memoria,
1252 2679 1334 2745 quae
1360 2657 1506 2723 consulto
1524 2674 1655 2741 prae-se

285 2763 383 2830 tarso,
404 2754 533 2821 fuerunt
555 2759 588 2821 in
610 2777 649 2821 ea
671 2757 887 2831 contentione,
911 2765 944 2820 ut
963 2756 1125 2841 popularis
1143 2755 1298 2837 cupiditas
1314 2775 1332 2818 a
1347 2752 1480 2818 consilio
1503 2751 1617 2836 prinei·

286 2871 364 2936 pum
380 2850 561 2915 dissideret.
592 2853 682 2915 Nunc
706 2852 768 2914 iam
791 2849 872 2913 nihil
887 2857 952 2924 est,
974 2851 1061 2933 quod
1075 2849 1212 2933 populus
1227 2868 1246 2911 a
1260 2848 1392 2913 delectis
1407 2846 1618 2931 principibus·

286 2962 349 3028 que
370 2942 554 3009 dissentiat:
577 2965 636 3008 nec
659 2945 780 3027 flagitat
800 2964 866 3006 rem
888 2943 986 3007 ullam
1009 2964 1115 3028 neque
1130 2963 1283 3006 novarum
1297 2963 1404 3007 rerum
1419 2950 1468 3006 est
1483 2940 1617 3026 cupidus

286 3044 319 3102 et
339 3037 406 3100 otio
429 3058 488 3101 suo
511 3046 543 3102 et
558 3038 717 3122 dignitate
740 3038 853 3120 optimi
875 3038 1030 3121 cuiusque
1054 3046 1085 3101 et
1103 3038 1270 3100 universae
1286 3039 1331 3100 rei
1353 3038 1501 3120 publicae
1515 3037 1618 3121 gloria

287 3130 472 3195 delectatur.
516 3134 628 3216 ltaque
654 3131 799 3196 homines
823 3130 1025 3194 seditiosius
1047 3131 1237 3204 turbulenti,
1267 3132 1342 3214 quia
1363 3132 1450 3195 nulla
1471 3132 1534 3194 iam
1557 3131 1655 3194 lar-so

287 3223 405 3308 gitione
440 3227 595 3308 populum
629 3228 805 3288 Romanum
839 3226 998 3288 concitare
1029 3233 1179 3309 possunt,
1210 3223 1298 3308 quod
1321 3224 1430 3306 plebes
1452 3224 1619 3309 perfuncta

285 3317 483 3402 pravissimis
506 3318 716 3383 seditionibus
731 3339 769 3382 ac
787 3317 954 3381 discordiis
969 3319 1067 3382 otium
1083 3317 1293 3402 amplexatur,
1316 3319 1488 3382 conductas
1501 3318 1619 3382 habent

286 3411 465 3486 contiones,
488 3433 597 3497 neque
620 3414 652 3476 id
676 3420 790 3495 agunt,
812 3419 849 3474 ut
870 3431 907 3474 ea
930 3411 1037 3475 dicant
1057 3420 1112 3483 aut
1133 3411 1253 3487 lerant,
1276 3432 1358 3495 quae
1380 3411 1428 3476 illi
1442 3413 1543 3476 velint
1563 3432 1619 3476 au·

286 3506 373 3578 dire,
403 3506 514 3587 quiin
536 3508 683 3572 contione
705 3515 796 3580 sunt,
825 3507 881 3569 sed
903 3508 1007 3588 pretio
1029 3527 1066 3570 ac
1088 3504 1235 3570 mercede
1256 3502 1440 3590 perficiunt,
1469 3514 1506 3571 ut
1527 3507 1619 3591 quid-

287 3596 362 3684 quid
393 3597 518 3675 dicant,
546 3600 580 3665 id
607 3600 652 3663 illi
680 3600 762 3664 vella
790 3602 901 3664 audire
930 3600 1107 3665 videantur.
1151 3596 1223 3663 405.
1245 3602 1329 3664 Num
1350 3620 1406 3664 vos
1429 3600 1656 3668 existimatisne

289 3691 450 3757 Gracchos
472 3703 527 3759 aut
549 3697 754 3761 Saturninum
775 3704 831 3759 aut
852 3716 1046 3780 quemquam
1060 3696 1188 3761 illorum
1202 3703 1354 3785 vetemur,
1375 3697 1432 3778 qui
1451 3696 1619 3780 populares

285 3786 502 3863 habebantur,
525 3790 626 3853 ullum
648 3809 799 3872 umquam
821 3790 853 3853 in
876 3791 1026 3865 contione
1047 3790 1197 3854 habuisse
1212 3790 1427 3854 conductum?
1449 3791 1549 3855 Nemo
1562 3790 1619 3855 ha-

285 3881 364 3946 huit.
405 3883 478 3965 lpsa
507 3884 592 3946 enim
620 3882 746 3965 largitio
776 3892 807 3946 et
836 3903 909 3966 spes
932 3883 1090 3946 commodi
1118 3883 1273 3966 propositi
1294 3882 1364 3946 sine
1385 3884 1532 3947 mercede
1553 3884 1619 3948 ulla

285 3973 519 4040 multitudinem
550 3976 737 4040 concitabat.
778 3979 891 4060 ltaque
919 3977 1113 4061 temporibus
1141 3977 1219 4051 illis,
1248 3977 1302 4061 qui
1328 3977 1497 4061 populares
1519 3985 1617 4052 erant,

286 4068 492 4133 offendebant
520 4069 567 4133 illi
597 4070 724 4155 quidem
754 4071 838 4154 apud
870 4091 981 4153 graves
1004 4080 1035 4134 et
1056 4070 1206 4135 honestos
1227 4071 1390 4144 homines,
1420 4069 1476 4133 sed
1506 4071 1653 4155 populieo

287 4161 415 4226 iudiciis
437 4168 534 4246 atque
556 4165 643 4228 omni
666 4161 896 4245 significatione
918 4165 1080 4228 florebant.
1114 4164 1171 4228 llis
1193 4167 1226 4228 in
1249 4166 1370 4228 theatro
1392 4164 1616 4249 plaudebatur3

284 4255 318 4319 hi
339 4253 513 4338 suffragiis,
545 4258 631 4341 quod
663 4258 908 4332 contenderant,
937 4258 1228 4340 consequebantur;
1257 4259 1369 4321 horum
1391 4258 1536 4321 homines
1557 4279 1615 4322 no-

284 4351 585 4425 memorationem,
607 4351 746 4424 vultum,
769 4351 928 4414 incessum
950 4351 1107 4415 amabant.
1151 4352 1214 4427 Qui
1237 4358 1343 4415 autem
1365 4351 1615 4416 adversabantur

350 4677 375 4725 4.
393 4675 483 4726 nolim
499 4674 573 4726 1³¹0:
591 4677 688 4726 seuam
703 4678 723 4727 P
735 4690 804 4727 corr.
818 4688 854 4726 m.
868 4677 1015 4728 admodum
1033 4677 1134 4728 recenti
1151 4680 1178 4727 et
1194 4677 1253 4727 0—
1273 4676 1375 4727 dictast
1389 4676 1612 4742 Wesenbergius:

284 4751 376 4802 Mass
391 4750 427 4809 l,
445 4751 490 4814 qui
507 4751 558 4800 ctio
571 4779 586 4789 -
594 4778 608 4789 -
619 4757 730 4802 metuont
747 4751 843 4811 habet;
861 4753 928 4802 dicit
942 4754 962 4802 Ρ
972 4755 992 4802 G
1002 4753 1036 4812 03
1056 4754 1125 4802 dicet
1140 4750 1244 4814 blaehly
1256 4749 1315 4802 cell.
1328 4750 1344 4816 5
1355 4752 1402 4812 27,
1420 4751 1466 4802 uhi
1482 4766 1508 4802 v.
1522 4752 1612 4806 adnot.

283 4824 497 4889 interpunctione
515 4826 656 4877 emendata
673 4826 762 4878 locum
780 4828 882 4878 sanavit
899 4827 1122 4891 Wesenbergtus3
1147 4840 1209 4877 nam
1226 4829 1288 4877 anta
1305 4839 1368 4878 eum
1384 4827 1424 4878 sic
1439 4825 1610 4890 vulgabatur:

279 4900 421 4964 postulare,
439 4900 461 4949 si
477 4900 587 4951 moran
597 4898 701 4952 ‘ammo
716 4916 774 4952 essm
789 4916 853 4952 eura
870 4904 961 4965 efferos
975 4903 1080 4952 sudum.
1106 4904 1173 4952 ldae
1189 4903 1240 4952 alio
1257 4903 1310 4952 loco
1321 4903 1387 4952 dicit
1398 4904 1449 4952 cet.
1467 4926 1495 4937 -
1514 4904 1612 4967 inproba·

282 4983 301 5032 Ρ
321 5003 348 5014 -
367 4976 391 5026 3.
404 4977 464 5026 baec
479 4977 523 5026 aia
539 4991 571 5026 oc
586 4979 653 5028 ratio
669 4976 746 5029 Orelli
760 4979 805 5041 lbi:
824 4979 885 5028 bose
900 4978 945 5027 uia
961 4979 1005 5028 bec
1021 4977 1077 5041 (sed
1088 4978 1104 5027 4
1115 4979 1157 5028 est
1168 4978 1193 5028 in
1205 4979 1268 5040 ras.)
1280 4978 1347 5027 ratio
1364 4978 1397 5036 1³3
1416 4978 1477 5028 haer
1491 4979 1536 5029 oio
1551 4979 1611 5030 haec

282 5050 414 5102 rstioGO.
429 5048 467 5100 Cl.
479 5051 606 5102 Wesenh.
617 5051 759 5117 p.t6.-l.
772 5051 917 5102 actiacob.
930 5052 1026 5115 pm:
1040 5053 1074 5102 ad
1085 5053 1144 5111 PG;
1158 5066 1189 5102 ac
1200 5054 1220 5102 0
1232 5066 1265 5103 er
1277 5054 1346 5103 coni.
1359 5052 1486 5104 lamh-
1501 5055 1525 5104 7.
1537 5061 1610 5117 optra-

280 5126 387 5178 mmm
403 5126 422 5175 P
441 5150 468 5161 -
487 5124 511 5175 8.
529 5127 664 5189 agrariam
682 5126 790 5177 liberios
804 5127 1000 5190 frumentariam
1018 5127 1058 5177 .G.
1077 5126 1204 5176 Gracchus
1218 5127 1313 5189 serebat
1329 5127 1411 5178 habet
1427 5129 1447 5177 Α
1463 5154 1490 5162 -
1510 5128 1557 5192 Τ4.]
1572 5130 1608 5180 J.

281 5202 331 5252 PG
348 5199 433 5265 (tegern
451 5199 486 5250 Ti.
505 5199 632 5250 Gracchos
648 5200 750 5263 bamb.)
771 5226 797 5236 —
821 5203 907 5266 pretio
923 5204 942 5252 P
963 5230 990 5238 -
1015 5201 1039 5251 9.
1058 5203 1194 5253 tmoimem
1211 5204 1239 5253 1²¹
1258 5229 1285 5239 -
1309 5203 1453 5253 ndsbaatrrr
1469 5216 1523 5255 em.
1541 5206 1561 5256 P
1580 5232 1605 5244 -

281 5279 420 5339 optimates
436 5276 495 5325 P-
516 5276 556 5326 40.
575 5277 641 5338 cuod
656 5281 679 5326 st
695 5277 857 5340 llervegius:
877 5278 943 5340 qaod
958 5277 981 5327 ei
998 5279 1047 5328 PG
1066 5304 1093 5313 -
1112 5283 1136 5327 et
1151 5278 1211 5342 post
1226 5277 1343 5328 videbam
1360 5278 1389 5329 C.
1403 5279 1445 5329 Fr.
1458 5280 1609 5332 Hermanno

282 5351 316 5413 (in
332 5349 456 5414 Pts'totopo
471 5351 518 5410 ill,
536 5363 563 5414 p.
582 5351 638 5413 4540)
657 5353 716 5401 ante
733 5351 837 5412 spoliari
853 5351 1081 5417 transponendum
1097 5351 1210 5402 videtur.
1231 5377 1259 5387 -
1285 5353 1324 5402 ta.
1343 5350 1455 5404 iucundo
1475 5349 1506 5404 G’
1524 5382 1551 5391 -
1569 5368 1609 5407 ros

281 5425 318 5475 ,44
333 5422 413 5486 plebei
428 5425 460 5483 P;
484 5426 532 5476 ae.
546 5425 625 5488 plebei
642 5427 679 5483 G;
704 5440 744 5478 ros
756 5427 822 5490 plebi
837 5428 966 5478 Roomaas
982 5426 1030 5477 d0
1049 5452 1075 5463 -
1096 5425 1135 5476 43.
1149 5425 1340 5488 sasppediabatre·
1356 5429 1418 5477 G-
1437 5430 1478 5478 th.
1495 5428 1611 5480 videbant

280 5502 484 5553 llommsanlus:
501 5502 651 5553 videbantur
666 5500 744 5560 P¹G¹;
761 5503 893 5554 matra
909 5499 1044 5554 P¹G²0—
1061 5504 1101 5555 47.
1119 5504 1172 5553 tom
1187 5500 1246 5553 bd:
1265 5505 1393 5562 tosnPG;
1411 5506 1495 5553 tmen
1511 5515 1541 5563 c;
1559 5517 1609 5554 ca·

280 5574 976 5643 melamh.-to.oettomtomtarpsssossma-
996 5579 1036 5629 at.
1055 5578 1405 5641 ematosa-pterea:
1426 5576 1560 5641 plebsGO
1579 5605 1605 5615 -

280 5652 322 5702 22.
339 5651 525 5715 promissis
543 5654 563 5702 G
582 5679 609 5688 -
628 5654 791 5715 comissator
808 5653 966 5717 Madvigius:
984 5654 1130 5705 mulceatur
1145 5650 1183 5715 1²¹,
1201 5655 1376 5705 maturemus
1392 5652 1422 5705 1³²
1440 5652 1607 5716 (aornim,

281 5723 461 5790 seductore),
478 5727 653 5778 molstocotsr
668 5731 702 5788 G;
719 5728 772 5792 [ors
786 5728 860 5779 mode
875 5729 1028 5779 stomaro
1045 5741 1107 5780 cum
1124 5728 1286 5780 Camerario.
1301 5757 1328 5767 -
1347 5727 1388 5780 st.
1407 5729 1525 5791 pstcouid
1540 5730 1560 5778 Ρ
1578 5755 1606 5765 -

281 5800 323 5851 st.
341 5800 426 5850 discat
441 5802 473 5863 Ρ,
499 5801 548 5853 sad
565 5806 608 5853 est
624 5801 709 5854 litters
727 5817 745 5854 a
760 5807 851 5868 aperta
871 5816 940 5867 quaa
957 5805 1081 5866 vocatur,
1108 5815 1177 5867 quaa
1194 5802 1326 5855 simillima
1343 5805 1385 5855 ast
1401 5802 1503 5855 litterae
1519 5816 1550 5865 a,
1577 5805 1607 5853 ut

281 5876 341 5957 tort.
354 5877 439 5928 diest
454 5877 641 5943 corrigendum
658 5878 700 5931 sit.
721 5904 748 5915 -
767 5880 856 5930 osdtrs
871 5879 934 5930 seue
949 5880 970 5929 G
988 5905 1016 5915 -
1035 5878 1076 5929 30.
1093 5878 1182 5944 prom
1197 5881 1226 5930 P.
