3800 7350
300 1185 383 1254 4074
724 1187 877 1254 ORATIO
899 1189 941 1255 ΙΝ
963 1187 999 1253 L.
1020 1187 1199 1254 PISONEM

299 1360 439 1425 omnium
467 1357 608 1442 gentium
639 1359 772 1433 victore,
802 1379 952 1443 umquam
979 1379 1013 1422 se
1040 1359 1085 1423 illi
1113 1380 1179 1422 rem
1209 1359 1367 1442 publicam
1396 1357 1502 1423 delere
1528 1376 1623 1440 posse

299 1452 467 1515 duxerunt
505 1452 533 1515 A
555 1472 605 1516 me
627 1453 755 1537 quidem
777 1454 870 1517 etiam
896 1472 1016 1537 poenas
1038 1454 1217 1537 expetistis,
1247 1452 1363 1537 quibus
1385 1452 1622 1515 coniuratorum

296 1566 405 1609 manes
429 1542 646 1629 [mortuorum]
670 1547 857 1629 expiaretis:
878 1566 972 1611 omne
994 1546 1119 1621 odium,
1146 1547 1302 1611 inclusum
1324 1541 1454 1609 uetanis
1476 1545 1622 1607 sensibus

296 1640 482 1722 impiorum,
503 1638 537 1702 in
559 1658 609 1702 me
631 1638 826 1724 profudistis.
864 1639 1007 1716 Quorum
1029 1660 1089 1723 ego
1111 1640 1209 1704 iurori
1232 1640 1294 1703 nisi
1308 1640 1492 1713 cessissem,
1515 1638 1548 1701 in
1565 1638 1623 1700 Ca·

272 1732 403 1796 44414444
424 1734 517 1798 busto
537 1733 627 1797 vobis
650 1732 784 1796 ducibus
805 1740 959 1797 mactatus
982 1754 1094 1798 essem.
1125 1731 1219 1809 Quod
1236 1740 1341 1797 autem
1356 1734 1456 1797 maius
1469 1731 1621 1795 indicium

294 1825 498 1909 exspectatis,
520 1826 599 1889 nihil
621 1826 782 1891 intervos
804 1833 837 1890 et
860 1827 1026 1890 Catilinam
1047 1826 1247 1901 interfuisse,
1269 1845 1364 1909 quam
1380 1823 1467 1910 quod
1487 1824 1622 1889 eandem

293 1918 379 1982 illam
401 1940 529 1983 manum
552 1939 593 1983 ex
613 1921 830 1984 intermortuis
848 1919 1002 1984 Catilinae
1023 1920 1167 2004 reliquiis
1183 1919 1384 1983 concitastis?
1407 1918 1494 2002 quod
1509 1937 1621 1981 omnes

293 2014 435 2097 undique
457 2012 600 2098 perditos
621 2013 814 2096 collegistis?
837 2012 923 2097 quod
945 2013 980 2076 in
1001 2033 1052 2078 mc
1067 2033 1223 2077 carcerem
1239 2012 1419 2076 effudistis?
1441 2012 1530 2097 quod
1545 2032 1621 2076 con·

293 2106 413 2171 iuratos
434 2107 602 2171 armastis?
625 2106 710 2190 quod
726 2126 834 2170 eorum
851 2106 935 2170 ferro
948 2126 986 2170 ac
1000 2105 1099 2170 furori
1114 2126 1221 2170 meum
1236 2126 1352 2189 corpus
1367 2113 1464 2189 atque
1479 2107 1620 2170 omnium

257 2198 448 2263 tobouorum
469 2200 565 2264 vitam
588 2199 727 2262 obiicere
748 2199 918 2264 voluistis?
950 2200 1033 2262 Vlll.
1057 2195 1107 2262 47.
1131 2200 1193 2263 Sed
1215 2200 1276 2263 iam
1299 2200 1395 2263 redeo
1417 2198 1457 2263 ad
1479 2199 1621 2284 praecla-

293 2312 358 2357 ram
379 2293 465 2358 illam
488 2295 666 2358 contionem
688 2302 785 2358 tuam.
818 2296 915 2356 Tuos
938 2293 1003 2366 ille,
1026 2294 1075 2357 cui
1094 2293 1261 2357 crudelitas
1276 2292 1446 2377 displicett
1468 2293 1534 2377 qui,
1549 2313 1619 2356 cum

293 2393 421 2450 senatus
441 2386 561 2451 luctum
582 2407 619 2452 ec
641 2386 783 2450 dolorem
805 2406 896 2450 suum
917 2387 1015 2452 vestis
1037 2388 1211 2462 mutatione
1233 2386 1457 2451 declarandum
1479 2386 1621 2450 censuis-

292 2489 356 2555 set,
379 2499 449 2545 cum
472 2480 596 2545 videres
617 2499 758 2544 maerere
779 2500 846 2564 rem
866 2480 1028 2566 publicam
1048 2480 1234 2564 amplissimi
1257 2480 1378 2544 ordinis
1399 2480 1503 2555 luctu,
1525 2499 1619 2544 ono·

293 2582 358 2638 ster
377 2575 572 2639 misericorsl
602 2574 679 2659 quid
700 2573 801 2638 incisi
824 2576 909 2658 quod
931 2574 1019 2639 nulla
1041 2575 1075 2638 in
1096 2575 1240 2640 barbaria
1261 2576 1430 2659 quisquam
1452 2583 1617 2660 tyrannus.

255 2680 284 2727 44
293 2666 411 2731 Omitto
432 2668 516 2731 enim
537 2669 633 2744 illud,
655 2668 818 2733 consulem
841 2666 966 2733 edicere
989 2677 1023 2731 ut
1044 2676 1174 2733 senatus
1196 2668 1341 2732 consulto
1364 2689 1404 2732 ne
1420 2669 1620 2752 obtempere-

291 2770 357 2838 tur,
386 2784 451 2848 quo
470 2762 597 2828 foedius
620 2781 679 2825 nee
701 2758 768 2825 fieri
790 2782 850 2826 nec
872 2761 1004 2845 cogitari
1027 2761 1202 2846 quidquam
1224 2769 1346 2847 potest:
1379 2761 1419 2826 ad
1442 2763 1620 2826 misericor-

292 2855 376 2920 diam
397 2855 495 2921 redeo
517 2856 602 2931 eius,
625 2855 677 2919 cui
699 2854 792 2918 nimis
815 2854 940 2919 videtur
961 2864 1089 2920 senatus
1111 2857 1144 2918 in
1159 2855 1376 2921 conservanda
1396 2856 1500 2941 patria
1520 2855 1619 2920 tuisse

291 2948 438 3015 crudelis.
475 2946 526 3014 l8.
548 2948 681 3013 Edicere
704 2956 753 3012 est
775 2968 872 3013 ausus
895 2970 966 3013 cum
989 2950 1045 3014 illo
1060 2970 1118 3014 suo
1132 2951 1218 3034 pari,
1241 2970 1336 3034 quem
1351 2958 1457 3015 umen
1471 2950 1619 3014 omnibus

292 3044 376 3108 vitiis
398 3063 546 3129 superare
569 3042 733 3127 cupiebat,
761 3052 795 3105 ut
817 3051 945 3108 senatus
968 3051 1078 3107 contra
1100 3063 1194 3127 quam
1217 3043 1286 3127 ipse
1307 3044 1483 3109 censuisset
1504 3043 1543 3108 ad
1565 3063 1621 3107 ve-

253 3141 397 3204 uetitum
425 3138 550 3204 rediret.
590 3137 669 3213 Quis
701 3137 762 3201 hoc
783 3136 860 3200 lecit
881 3138 947 3201 ulla
968 3137 1001 3200 in
1025 3135 1152 3221 Scythia
1175 3145 1348 3220 tyrannus,
1376 3144 1413 3201 ut
1433 3158 1508 3213 eos,
1537 3155 1619 3221 qnos

290 3232 376 3297 luctu
399 3232 557 3305 afficeret,
578 3230 688 3314 lugere
710 3251 775 3294 non
798 3230 938 3294 sineret?
960 3233 1135 3295 Macronem
1150 3231 1322 3315 relinquis;
1345 3232 1496 3296 maeroris
1512 3230 1619 3296 aufers

289 3327 443 3410 insignia:
467 3326 563 3407 eripis
585 3324 743 3399 lacrimas,
765 3343 832 3387 non
846 3324 1052 3399 consolando,
1074 3323 1130 3387 sed
1147 3324 1307 3388 minando.
1341 3325 1437 3401 Quod
1456 3326 1483 3390 si
1496 3334 1618 3388 vestem

290 3439 356 3483 non
378 3419 505 3504 publico
527 3418 659 3482 consilio
681 3426 787 3503 patres
810 3417 997 3501 conscripti,
1020 3417 1076 3481 sed
1098 3418 1221 3502 privato
1244 3418 1351 3483 officio
1371 3426 1427 3482 ant
1440 3417 1619 3482 misericor·

291 3511 343 3576 dia
371 3513 592 3587 mutavissent,
622 3520 726 3576 tamen
753 3511 785 3575 id
814 3510 862 3574 his
884 3530 950 3574 non
972 3511 1068 3574 licere
1090 3531 1148 3595 per
1169 3511 1336 3576 interdicta
1357 3512 1522 3597 potestatis
1543 3519 1617 3575 tuse

252 3606 486 3671 ncmdetiouis
508 3613 574 3669 erat
594 3625 659 3669 non
681 3606 847 3670 serendae:
874 3626 945 3669 cum
967 3604 1096 3669 veroid
1118 3614 1248 3670 senatus
1268 3605 1420 3691 frequens
1442 3606 1618 3670 censuisset

290 3709 322 3766 et
343 3721 452 3766 omnes
473 3700 601 3765 ordines
628 3701 742 3784 reliqui
769 3701 831 3763 iam
854 3707 927 3763 ante
949 3698 1113 3775 iecissent,
1142 3710 1193 3774 tu,
1216 3720 1257 3763 ex
1278 3701 1476 3765 tenebricosa
1496 3700 1616 3785 popina

289 3797 402 3860 consul
424 3802 598 3869 extractus,
620 3815 691 3858 cum
713 3793 768 3857 illa
790 3794 949 3858 saltatrice
971 3801 1063 3857 tonsa
1085 3802 1228 3858 senatum
1249 3795 1360 3880 populi
1373 3795 1507 3860 Romani
1522 3813 1615 3859 occs-

289 3911 359 3954 sum
381 3897 478 3975 atque
498 3889 658 3954 interitum
680 3887 726 3951 rei
748 3887 895 3972 publicae
917 3887 1024 3970 lugere
1045 3889 1183 3953 vetuisti.

373 3985 428 4046 lx.
449 3985 554 4067 Atque
576 3981 748 4065 quaerebat
768 3982 863 4044 etiam
884 3981 980 4066 paulo
1001 3990 1075 4046 ante
1096 3985 1136 4048 de
1159 4004 1226 4058 me,
1249 3983 1326 4068 quid
1348 4003 1406 4047 suo
1428 3983 1507 4048 milri
1529 4002 1611 4068 opus

250 4077 401 4141 sciuisset
421 4077 556 4151 aurilio;
586 4096 644 4139 cur
669 4095 733 4139 non
760 4076 839 4138 meis
860 4075 1013 4149 inimicis,
1042 4077 1121 4141 meis
1144 4078 1245 4160 copiis
1267 4077 1465 4142 restitissem.
1510 4076 1611 4153 Quasi

287 4191 363 4235 vero
391 4191 455 4234 uon
483 4169 577 4233 modo
605 4188 679 4252 ego,
711 4169 767 4252 qui
797 4169 903 4232 multis
930 4189 1026 4252 saepe
1048 4171 1170 4234 auxilio
1192 4172 1327 4247 fuerim,
1362 4170 1417 4234 sed
1440 4169 1612 4256 qumquam

287 4275 350 4330 tam
372 4266 465 4348 inops
485 4263 581 4328 tuerit
601 4283 769 4348 umquam,
791 4264 846 4347 qui
867 4264 928 4327 isto
950 4284 1015 4327 uon
1038 4265 1132 4329 modo
1146 4273 1380 4350 propugnatore
1402 4265 1553 4330 tutiorem
1569 4282 1613 4337 se,

351 4583 376 4636 l.
393 4583 435 4636 ille
450 4586 471 4635 Ε
489 4609 516 4622 -
536 4585 560 4636 3.
578 4598 666 4636 moces
681 4586 712 4636 S:
729 4589 821 4637 4444444
837 4584 885 4637 EF
903 4612 929 4623 -
949 4592 1106 4637 ewrtocsum
1122 4581 1255 4649 glossema
1271 4582 1412 4636 videbatur
1427 4581 1563 4635 Abramio.
1584 4607 1611 4619 -

286 4658 344 4710 tort.
362 4660 487 4710 iecissem
501 4660 529 4711 is
544 4659 650 4722 44444444
667 4686 694 4696 -
721 4661 826 4724 sesamis
840 4660 962 4711 4444440444
978 4661 1038 4712 eod.
1057 4660 1231 4712 Victorianus.
1252 4688 1279 4697 -
1298 4662 1323 4711 4.
1343 4662 1414 4724 Quod
1424 4659 1613 4721 --44444444444

286 4732 367 4783 hebet
377 4735 523 4784 Arusianus
538 4746 566 4798 p.
578 4734 626 4785 438
639 4736 666 4785 L.
681 4760 708 4771 -
727 4734 847 4784 iodicium
863 4735 911 4785 FG
925 4762 953 4773 -
970 4736 995 4786 7.
1012 4735 1175 4786 ememor
1192 4733 1273 4785 solos.
1289 4761 1317 4772 -
1335 4736 1360 4787 0.
1373 4750 1405 4786 ec
1420 4735 1503 4799 444444
1519 4733 1609 4783 EGP:

285 4818 339 4857 om.
358 4808 411 4858 FS.
436 4809 518 4861 Caute
536 4811 625 4859 nmen
642 4810 707 4860 dicit
722 4811 861 4860 Garatoni:
881 4811 945 4862 44444
962 4813 1020 4861 erat
1034 4810 1103 4873 ferro
1115 4809 1282 4874 (pracsertim
1293 4801 1446 4875 cum'supra
1461 4810 1494 4859 sit
1504 4818 1612 4871 44444444

284 4893 330 4945 spo
344 4881 448 4945 444444),
466 4885 496 4934 ut
512 4885 591 4935 444444
607 4897 634 4949 p.
653 4883 705 4936 llil.
724 4883 770 4946 44,
790 4883 805 4948 S
822 4884 863 4936 30.
883 4911 912 4921 ·-
936 4887 978 4936 44.
996 4886 1040 4948 qui
1057 4885 1100 4937 ed.
1118 4884 1219 4935 Veneta
1236 4883 1315 4935 lita:
1338 4886 1379 4936 coi
1396 4885 1415 4936 C
1435 4911 1463 4920 -
1482 4884 1522 4934 44.
1539 4894 1612 4931 suess

285 4968 339 5006 om.
358 4957 423 5006 0-
447 4956 488 5008 44.
507 4962 631 5020 tyrassona
651 4960 784 5023 4444444444
806 4961 870 5010 Ρ·-
894 4960 935 5010 ts.
957 4965 1009 5011 ..to
1027 4961 1198 5011 44444--444
1213 4963 1237 5010 tc
1252 4972 1279 5024 p.
1298 4960 1375 5022 4074,
1394 4961 1426 5010 lli
1443 4957 1524 5009 hahet
1541 4957 1561 5006 Τ
1580 4981 1607 4993 -

566 5035 591 5067 m

285 5077 351 5128 enim
366 5090 421 5128 om.
440 5079 458 5128 F
475 5104 503 5115 ·-
521 5080 619 5131 iiled't
638 5107 664 5119 -
683 5087 711 5132 44
726 5081 1287 5145 smolsseoseoitoseoitemperetsrliil?
1304 5080 1362 5145 (sed
1379 5078 1609 5142 erebresceret:

283 5158 313 5203 44
332 5158 432 5204 motus
451 5156 659 5207 smotseconasito
680 5170 712 5207 44
734 5156 948 5225 444444444480
967 5182 994 5193 -
1022 5157 1062 5207 tl.
1083 5156 1159 5219 144444
1180 5168 1235 5205 om.
1254 5156 1271 5205 l'
1290 5181 1317 5192 -
1344 5154 1385 5205 48.
1403 5159 1427 5204 44
1444 5153 1562 5205 dicessit
1580 5174 1608 5189 -

284 5228 326 5279 40.
342 5227 400 5290 iecit
416 5228 449 5290 T,
470 5233 500 5280 ut
516 5230 633 5281 videtur:
654 5229 716 5296 fecit
734 5232 753 5282 C
773 5258 799 5269 -
823 5232 865 5282 44.
882 5232 1003 5293 relinquis
1024 5232 1083 5281 TS:
1107 5245 1158 5280 444
1174 5230 1294 5292 relinquis
1310 5229 1358 5281 EF
1376 5254 1404 5266 -
1427 5227 1468 5278 44.
1486 5227 1524 5276 iis
1545 5224 1608 5276 TE:

283 5302 331 5351 iiis
347 5302 379 5363 F,
396 5301 429 5351 iis
444 5304 499 5354 So.
521 5303 644 5356 lichene
661 5317 691 5355 se
708 5303 805 5366 habet;
824 5318 894 5374 uem
904 5306 967 5357 dicit
979 5307 1033 5357 cic.
1046 5307 1074 5355 in
1090 5307 1194 5356 senatu.
1209 5330 1236 5342 -
1251 5303 1381 5367 potsstotis
1390 5299 1612 5353 moscudeitotis

284 5377 374 5429 TEP:
392 5379 547 5430 4444404444
562 5380 763 5443 tuespoteststis
779 5381 883 5432 FGSO
903 5409 930 5418 -
948 5382 990 5432 45.
1008 5384 1065 5432 eret
1080 5379 1265 5442 4444444444
1281 5392 1336 5430 om.
1354 5379 1411 5428 S-
1429 5375 1471 5427 46.
1489 5380 1512 5425 ct
1528 5387 1611 5425 444444

284 5452 316 5502 t:
335 5463 388 5501 om.
407 5450 486 5502 codd.
503 5453 560 5505 rell.
579 5455 642 5505 eto
661 5482 689 5492 -
712 5453 905 5507 metronii}
922 5481 949 5491 -
972 5457 1092 5518 44444.
1110 5456 1140 5505 ll.
1157 5467 1273 5505 secessim
1294 5467 1348 5506 om.
1367 5453 1400 5514 1²3
1422 5449 1504 5502 Bakio
1521 5448 1611 5514 popuii

282 5583 311 5634 lt.
324 5581 468 5634 delendum
484 5582 597 5634 videtur.
610 5609 637 5620 -
656 5583 698 5634 48.
710 5584 748 5635 ret
761 5597 788 5649 ρ.
802 5598 856 5638 om.
869 5587 895 5639 ll
906 5612 934 5624 -
953 5586 995 5637 40.
1012 5584 1091 5648 Atque
1107 5584 1242 5649 44444044
1258 5597 1321 5637 nos:
1338 5584 1415 5646 eoo.
1433 5523 1561 5633 4444444
1574 5581 1607 5639 Τ;

281 5659 313 5709 As
333 5658 469 5721 4444444444
488 5658 538 5709 (20
558 5687 584 5698 -
609 5659 650 5710 34.
667 5660 759 5723 summ
774 5661 808 5712 r:
834 5660 935 5724 4444444
955 5659 1034 5712 codd.
1052 5658 1109 5712 rell.
1128 5663 1156 5711 et
1178 5661 1209 5712 ο.
1235 5662 1284 5711 «lu
1304 5657 1497 5724 simplicissima
1522 5657 1607 5708 torma

282 5733 412 5784 sententie
428 5733 468 5784 sic
483 5733 649 5786 enuncianda
665 5738 735 5785 erat:
758 5736 794 5787 lui
810 5747 892 5801 saepe
908 5733 1003 5786 auxilio
1020 5732 1090 5797 aliis,
1109 5736 1187 5800 igitur
1203 5747 1255 5786 aon
1272 5733 1398 5800 putabam
1415 5736 1441 5784 te
1459 5743 1610 5797 propugne-

282 5810 340 5858 tore
357 5809 482 5859 tutiorem
497 5821 542 5860 me
559 5808 629 5860 lore:
646 5807 761 5873 ideoque
778 5808 923 5862 dicendum
938 5811 1012 5874 euasi
1026 5823 1082 5879 seo,
1100 5812 1143 5876 osi
1152 5839 1168 5852 -
1177 5810 1278 5877 44444444.
1296 5810 1393 5863 eontra
1409 5820 1472 5863 mox
1488 5806 1548 5872 §2⁰
1566 5809 1608 5856 est

282 5883 325 5946 444
340 5882 514 5949 worm
529 5885 640 5953 propter
656 5883 819 5940 antecedens
833 5885 900 5952 144.»
917 5885 997 5940 Bam.
