3800 7350
310 1169 393 1237 4444
616 1169 767 1237 onemo
789 1170 868 1235 rao
892 1170 924 1234 o.
946 1167 1110 1233 assumo
1133 1149 1323 1233 rosruuo

311 1366 375 1409 non
395 1344 448 1407 1444
469 1344 679 1425 imposuerat:
702 1342 813 1405 oderat
826 1341 972 1406 vestitum
992 1339 1086 1402 etiam
1105 1338 1211 1413 illum,
1234 1335 1374 1401 4444444
1390 1354 1502 1401 44444
1516 1354 1640 1399 nomen

311 1437 388 1501 illud
413 1443 537 1519 poterat
556 1456 616 1499 nec
637 1455 752 1498 munus
772 1434 863 1498 44441.
891 1434 976 1515 Ergo
994 1432 1214 1506 ruderatum,
1228 1429 1322 1494 44444
1336 1435 1429 1512 polita
1446 1429 1501 1494 1114
1516 1436 1640 1504 noster,

587 1549 687 1611 «quae
710 1547 846 1591 summas
867 1527 983 1609 frangit
1003 1522 1202 1607 infirmatque
1224 1544 1328 1608 opesr

311 1621 362 1687 29.
385 1626 575 1698 Morerctur‚
597 1621 739 1705 inquies:
762 1641 834 1684 nam
856 1621 887 1685 id
910 1620 1066 1704 sequitur.
1095 1618 1236 1682 Fecisset
1251 1623 1345 1691 44444,
1368 1617 1395 1681 41
1409 1617 1481 1682 4144
1494 1616 1639 1682 maximo

290 1718 468 1783 444444444
496 1725 560 1779 tam
589 1714 747 1798 impeditis
775 1716 840 1777 suis
862 1714 956 1777 rebus
978 1713 1134 1795 potuisset
1158 1708 1294 1795 [4444414
1336 1712 1392 1774 111.
1414 1710 1519 1774 Nolite
1540 1710 1641 1793 igitur

311 1811 470 1876 fortunam
493 1818 676 1874 convertere
699 1810 731 1872 in
755 1808 895 1890 culpam,
922 1826 1026 1889 neque
1048 1808 1131 1888 regis
1152 1806 1299 1869 iniuriam
1320 1806 1416 1870 huius
1437 1803 1558 1867 crimen
1579 1823 1640 1886 pu·

312 1915 394 1979 tare,
416 1925 475 1968 nec
497 1904 665 1967 consilium
687 1922 727 1965 ex
750 1901 937 1965 necessitate
960 1920 1019 1963 444
1034 1899 1228 1963 voluntatem
1244 1920 1284 1961 ex
1299 1901 1328 1962 vi
1344 1898 1553 1981 interpretari,
1575 1899 1641 1962 nisi

311 1999 394 2063 14444
416 2018 471 2061 444
493 1999 602 2071 etiam,
625 1997 681 2080 qni
703 1995 736 2057 in
757 1994 864 2057 hostes
886 2002 940 2057 aut
960 1994 993 2056 44
1010 1992 1186 2075 praedones
1201 1992 1380 2068 inciderint,
1395 1992 1422 2056 si
1437 1991 1529 2055 aliter
1543 1992 1641 2075 quip-

313 2093 398 2176 piam
421 2092 520 2155 coacti
541 2090 656 2154 iaciant
677 2109 713 2152 44
735 2088 845 2163 1114441,
874 2085 1101 2169 vituperandos
1123 2094 1226 2169 putes.
1262 2090 1361 2152 Nemo
1382 2096 1526 2151 nostrum
1546 2088 1640 2168 igno-

277 2193 378 2260 sorat,
401 2185 496 2248 etiam
518 2185 545 2248 si
567 2184 689 2267 experti
710 2201 775 2245 non
797 2202 922 2255 sumus,
945 2180 1208 2243 consuetudinem
1227 2181 1356 2263 regiam.
1390 2181 1509 2263 Regum
1531 2185 1641 2241 autem

313 2288 388 2344 sunt
407 2280 486 2343 14444
507 2277 640 2360 imperia
663 2275 821 2339 oanimum
844 2276 972 2338 advorte
994 2293 1032 2337 ac
1053 2273 1137 2337 dicto
1159 2294 1271 2357 paren:
1302 2281 1334 2338 et
1358 2280 1501 2357 epraeter
1520 2271 1640 2355 rogita·

314 2380 381 2437 tum
402 2372 430 2436 41
454 2370 568 2457 quido:
590 2378 622 2434 44
642 2370 715 2434 11144
738 2368 859 2431 minae:

610 2465 636 2528 41
658 2473 689 2527 44
712 2462 854 2528 4444444
876 2462 995 2526 lumine
1016 2462 1069 2527 1414
1091 2463 1270 2537 offendero,

608 2558 761 2622 moriere:

278 2676 397 2741 requae
426 2675 507 2729 non,
536 2660 572 2731 44
599 2652 793 2716 4414444444
820 2652 940 2727 solum,
971 2651 1075 2735 legere
1103 2660 1135 2715 et
1163 2659 1306 2734 spectare
1328 2651 1496 2725 debemus,
1524 2648 1581 2713 444
1603 2656 1642 2713 44

316 2769 425 2815 cavere
447 2748 539 2812 etiam
561 2755 593 2810 et
613 2746 722 2829 fugere
745 2745 912 2810 discamus.

399 2841 450 2907 30.
471 2845 512 2906 At
532 2861 574 2905 ex
593 2840 655 2904 hoc
676 2840 746 2923 ipso
769 2840 888 2903 crimen
910 2841 1060 2903 exoritur.
1092 2840 1146 2903 sit
1167 2839 1269 2914 enim,
1300 2858 1368 2902 cnm
1389 2839 1522 2904 Gabinio
1544 2859 1642 2923 pecu·

315 2939 398 3001 niam
421 2940 586 3001 Postumus
609 2940 752 3016 cogeret,
774 2933 915 2996 decumis
931 2933 954 3013 †
969 2934 1191 3016 imperatorum
1215 2935 1382 3015 pecuniam
1404 2934 1464 2998 sibi
1484 2934 1641 3017 coegisse.

315 3034 386 3096 Non
408 3030 550 3112 intelligo
573 3027 635 3090 1444
657 3027 750 3109 quale
773 3028 831 3089 sit:
860 3034 966 3089 utrum
988 3029 1202 3090 accessionem
1224 3027 1392 3103 decumae,
1416 3036 1452 3091 ut
1473 3028 1573 3092 nostri
1593 3025 1643 3091 14·

280 3143 389 3191 socero
411 3130 573 3186 coactores
600 3120 705 3184 solent
731 3120 764 3182 14
786 3122 971 3194 centesima,
1000 3140 1040 3183 an
1067 3120 1283 3184 decessionem
1311 3121 1350 3186 de
1376 3143 1497 3186 summa
1519 3121 1641 3186 1444414.

318 3217 352 3281 84
373 3215 598 3289 accessionem,
627 3213 776 3277 undecim
800 3214 886 3275 milia
907 3214 1058 3277 talentum
1081 3214 1120 3276 ad
1148 3215 1316 3278 Gabinium
1337 3225 1559 3298 pervenerunt
1599 3219 1643 3280 st

317 3332 383 3376 non
404 3310 498 3373 modo
520 3309 575 3372 abs
598 3317 628 3371 te
651 3309 760 3371 decem
782 3308 868 3370 milia
889 3307 1009 3371 obiecta
1031 3316 1120 3383 sunt,
1144 3310 1200 3371 444
1223 3310 1317 3373 etiam
1339 3313 1378 3373 ab
1399 3310 1450 3373 his
1466 3296 1640 3375 aestimata.

318 3400 370 3470 31.
390 3403 481 3467 Addo
509 3399 589 3464 illud
611 3402 721 3465 etiam:
751 3401 805 3483 qui
835 3400 963 3463 tandem
984 3403 1130 3465 convenit
1152 3411 1206 3465 aut
1228 3410 1291 3465 tam
1314 3404 1399 3485 gravi
1422 3424 1518 3467 44444
1541 3405 1641 3467 tribu·

318 3508 422 3563 torum
455 3495 496 3559 ad
526 3502 643 3558 4444444
666 3495 833 3577 pecuniam
856 3495 1027 3577 cogendam
1052 3496 1136 3559 mille
1158 3497 1311 3570 talentum
1333 3499 1548 3580 accessionem
1570 3518 1640 3562 esse

281 3593 451 3666 4441444444,
471 3596 527 3653 444
548 3589 581 3651 14
603 3596 689 3651 tanta
710 3587 854 3650 mercede
875 3588 1028 3662 hominis,
1050 3596 1086 3651 44
1106 3590 1169 3661 414,
1191 3591 1365 3653 avarissimi
1385 3591 1471 3653 mille
1488 3591 1640 3654 talentum

319 3688 537 3751 decessionem
559 3704 629 3746 esse
650 3685 856 3746 concessam?
879 3684 989 3765 Neque
1012 3684 1094 3746 enim
1116 3683 1176 3746 1444
1191 3684 1315 3746 Gabinii
1337 3686 1498 3749 remittere
1519 3692 1640 3748 tantum

320 3782 359 3846 da
381 3800 454 3854 suo,
483 3798 542 3841 neo
570 3778 653 3859 regis
675 3778 837 3858 imponere
859 3784 982 3838 tantum
1004 3777 1069 3857 pati
1091 3776 1169 3840 suis.
1192 3811 1233 3821 —-
1254 3782 1294 3840 At
1315 3786 1407 3840 erunt
1429 3786 1525 3841 testes
1546 3779 1641 3861 legati

318 3872 534 3937 Alexandrini.
548 3906 589 3916 -
611 3872 636 3934 li
657 3870 737 3933 nihil
759 3871 792 3932 14
815 3869 983 3932 Gabinium
1005 3869 1170 3947 dixerunt3
1193 3871 1288 3934 immo
1314 3867 1359 3955 [ii]
1381 3871 1549 3935 Gabinium
1572 3873 1640 3935 lau·

386 4069 410 4117 t.
427 4067 466 4115 4444
483 4065 516 4115 b:
534 4066 578 4114 1444
595 4063 672 4114 codd.
691 4063 864 4113 Mommsenio
881 4076 924 4113 vv.
937 4077 987 4114 non
1002 4065 1026 4114 4.
1039 4065 1125 4127 impos.
1141 4063 1272 4129 glossema
1284 4065 1415 4116 videntur.
1431 4092 1455 4104 -
1476 4067 1501 4117 4.
1520 4068 1642 4130 impeditis

320 4143 364 4193 ed.
377 4144 458 4193 lunt:
476 4140 624 4203 impudentis
634 4138 713 4189 codd.
728 4165 755 4174 -
773 4139 880 4200 potuisse
896 4142 953 4189 8-
973 4141 1060 4199 errori,
1080 4141 1155 4190 cuius
1172 4139 1231 4190 loco
1248 4143 1313 4190 mori
1326 4144 1641 4204 exspectares,·Patricio

319 4218 405 4282 glossa
422 4216 571 4268 videbatur.
585 4240 613 4251 —·
632 4216 656 4265 o.
675 4216 720 4264 1444
736 4216 830 4264 crimen
846 4217 864 4267 U
884 4241 911 4250 -
927 4221 1020 4276 putore
1036 4216 1095 4267 SU:
1111 4216 1203 4276 punire
1220 4216 1270 4264 E·V
1282 4218 1331 4279 (pr.
1344 4218 1391 4276 m.)
1406 4217 1495 4266 6044.
1512 4245 1539 4256 -
1559 4219 1583 4267 4.
1596 4232 1642 4269 ne-

319 4308 367 4356 que
381 4295 430 4344 ool.
443 4295 463 4344 E
476 4320 504 4329 -
522 4293 546 4342 8.
564 4291 668 4340 14444444]
682 4315 709 4326 -
729 4291 859 4352 quippiam
871 4290 930 4340 CG:
950 4291 1079 4352 quidpiam
1090 4292 1110 4340 0
1123 4316 1150 4327 -
1170 4291 1195 4340 9.
1208 4304 1239 4340 ae
1254 4291 1325 4340 liberi
1336 4291 1480 4355 Madvigius
1493 4296 1519 4344 et
1530 4295 1642 4345 Momm·

320 4370 422 4420 senius:
447 4367 522 4417 iibere
538 4366 603 4421 CG,
621 4365 637 4415 4
653 4365 732 4424 044.;
755 4364 905 4417 1444444044.
924 4366 958 4422 T:
977 4379 1052 4428 quom
1069 4365 1142 4415 libere
1159 4368 1178 4416 0
1197 4379 1258 4416 cum
1276 4367 1320 4416 ed.
1339 4369 1422 4425 lunt.;
1440 4369 1519 4418 coacti
1534 4369 1640 4432 44444444,

318 4442 494 4504 vituperandos
513 4441 603 4503 putetis
623 4440 749 4490 Patricius
767 4466 794 4476 -
822 4443 862 4492 40.
881 4440 972 4504 omen]
990 4442 1055 4489 enim
1071 4441 1142 4492 idem
1161 4468 1187 4478 -
1207 4444 1247 4492 tt.
1266 4443 1379 4492 animum
1394 4444 1498 4494 advorte
1513 4445 1639 4509 Scaliger:

321 4517 491 4567 animadverte
508 4516 557 4564 CO
577 4540 603 4552 ··
622 4527 653 4562 44
670 4515 735 4563 dicto
756 4516 829 4576 (1114,
848 4518 894 4567 Ox.
913 4517 940 4576 Τ)
958 4514 999 4564 441
1018 4517 1116 4565 addicto
1134 4517 1226 4568 codd:
1244 4522 1268 4566 et
1283 4519 1347 4567 dicto
1364 4520 1398 4579 0,
1416 4524 1440 4568 44
1456 4520 1577 4570 Ciceroni
1594 4523 1643 4571 tri-

320 4590 416 4641 buens.
436 4615 463 4625 -
482 4590 522 4639 44.
540 4588 562 4637 44
578 4589 638 4649 quid
653 4590 765 4651 scripsi:
783 4591 804 4638 si
817 4591 860 4652 pie
875 4589 916 4641 vel
932 4591 992 4652 piae
1003 4591 1030 4650 (E
1041 4592 1059 4642 U
1069 4592 1105 4650 V,
1124 4591 1224 4653 40444.)
1236 4594 1281 4641 444
1296 4592 1327 4641 sit
1341 4593 1384 4654 pie
1401 4595 1451 4655 (GS
1466 4598 1494 4644 44
1504 4596 1568 4645 044.
1580 4596 1641 4659 Tap)

321 4663 416 4722 codd.;
434 4664 456 4711 si
472 4663 601 4724 quippiam
617 4674 647 4720 a;
666 4663 687 4710 si
703 4676 812 4721 querare
822 4667 842 4714 0
854 4679 915 4715 cum
928 4665 971 4716 ed.
985 4667 1067 4725 lunt.;
1085 4667 1107 4714 si
1122 4667 1228 4728 loquore
1243 4667 1302 4716 cod.
1317 4668 1422 4720 Hotom.
1435 4696 1462 4705 —
1481 4671 1564 4720 minoe
1580 4673 1640 4723 GU:

319 4740 348 4788 in
362 4751 402 4788 me
417 4737 481 4795 Eli,
499 4736 514 4785 4
532 4737 610 4795 044,
628 4749 694 4785 nunc
710 4738 726 4785 S
746 4764 773 4773 -
792 4738 832 4788 ta.
851 4739 896 4788 1444
912 4740 1033 4798 4444444;
1052 4741 1099 4790 buc
1115 4740 1142 4790 b.
1167 4743 1279 4805 Repetiit
1294 4743 1365 4793 bunc
1382 4758 1489 4795 versum
1507 4746 1599 4796 Cicero
1616 4747 1643 4796 in

321 4827 364 4878 ep.
383 4811 417 4861 ad
433 4814 484 4860 4444.
502 4810 561 4870 vll,
580 4811 627 4870 26,
646 4812 674 4871 4,
700 4810 745 4862 ubi
762 4817 835 4863 recte
853 4814 931 4863 codd.
949 4815 989 4864 4444
1009 4843 1035 4853 -
1054 4816 1093 4865 444.
1112 4817 1191 4865 solum
1208 4818 1295 4870 SUV:
1319 4820 1400 4869 sidum
1416 4821 1436 4870 E
1454 4823 1481 4870 et
1497 4820 1512 4872 1
1530 4822 1594 4871 044.
1613 4847 1641 4858 —·

321 4889 361 4939 46.
380 4893 403 4938 et
417 4886 503 4949 supere
519 4885 565 4935 Ox.
585 4886 605 4934 11
623 4888 649 4935 44
667 4888 807 4939 Patricius:
832 4891 939 4952 effligere
956 4891 1031 4940 EGS
1049 4894 1076 4939 et
1092 4889 1148 4940 rell.
1167 4892 1245 4951 Orx.;
1268 4895 1343 4944 etiam
1358 4898 1466 4959 effnpere
1481 4896 1518 4954 V:
1541 4901 1565 4945 et
1580 4898 1645 4958 44444-

320 4975 379 5028 pers
394 4961 443 5014 UO
461 4985 488 4996 -
507 4959 630 5010 4444444444
648 4962 679 5012 U:
699 4962 813 5012 dicamur
830 4964 908 5014 codd.
928 4964 999 5027 rell,
1021 4965 1068 5015 sed
1086 4966 1109 5012 V
1125 4979 1193 5016 corr.
1213 4981 1245 5017 er
1262 4970 1369 5019 dicimur
1385 4996 1413 5007 -
1433 4971 1473 5020 tr.
1491 4984 1548 5020 cum
1565 4971 1644 5021 Lam-

321 5038 414 5088 binus:
432 5049 485 5086 om.
504 5034 598 5094 codd.;
621 5037 681 5086 dum
697 5038 742 5088 aO
761 5066 788 5075 -
807 5039 847 5088 48.
866 5041 974 5090 decumis
992 5042 1041 5090 CG
1059 5043 1085 5091 ct
1101 5040 1116 5092 1
1135 5044 1210 5092 04444
1234 5057 1267 5092 ea:
1284 5046 1390 5094 decumis
1406 5045 1454 5095 b0
1475 5072 1500 5081 -
1522 5048 1644 5108 imperato

319 5116 352 5164 iis
372 5128 402 5172 a;
424 5113 554 5175 imperatis
573 5113 665 5163 Lamb.
688 5114 714 5163 44
739 5128 837 5178 marg.;
864 5118 979 5165 4144444444
1001 5117 1183 5177 imperatorum
1200 5119 1364 5179 pecuniarum
1384 5119 1557 5183 probabiliter
1573 5123 1642 5173 coni.

321 5189 505 5252 Madvigius-
524 5188 565 5237 20.
583 5188 610 5237 in
627 5191 758 5238 centesimo
775 5203 838 5241 nos:
856 5192 964 5240 44444444
977 5190 1071 5257 44414.;
1088 5193 1220 5241 centesimo
1236 5192 1268 5252 b;
1288 5193 1461 5245 centesimon
1474 5210 1536 5247 cum
1550 5196 1642 5248 Lamb.

323 5292 350 5300 -
370 5265 410 5314 44.
428 5264 458 5326 ss]
476 5263 551 5313 44411
572 5288 598 5297 -
621 5265 740 5313 4444444444
757 5278 810 5314 444.
830 5266 849 5314 E
867 5292 899 5301 —
922 5266 963 5314 22.
982 5265 1014 5314 44
1031 5267 1061 5314 444
1083 5265 1162 5317 EUV
1181 5295 1207 5304 -
1231 5269 1271 5318 43.
1291 5273 1343 5318 tom
1359 5271 1433 5332 provi
1449 5285 1523 5321 onere
1537 5273 1644 5322 tributo-

320 5352 378 5388 rum
400 5342 473 5387 tanto
491 5337 600 5398 pemeria
623 5341 733 5401 cogendo
747 5352 782 5388 m.
801 5345 819 5388 t.
837 5353 863 5388 a.
882 5354 903 5389 e.
921 5341 1028 5402 foetore,
1052 5346 1096 5388 out
1112 5342 1141 5390 de
1158 5347 1230 5390 tonto
1247 5346 1298 5392 cet.
1318 5343 1459 5404 Patricius,
1482 5347 1530 5395 nisi
1548 5360 1591 5397 vv.
1610 5349 1644 5396 44

321 5418 419 5462 tantam
432 5425 487 5474 pec.
506 5414 641 5475 cogendum
657 5428 705 5478 pro
723 5414 882 5477 glossemate
900 5416 1023 5465 lrabcnda
1041 5416 1100 5465 sint.
1120 5438 1145 5450 —
1166 5417 1206 5465 25.
1226 5421 1271 5465 4444
1286 5419 1324 5465 444
1340 5418 1374 5476 Ε;
1394 5418 1451 5467 tort.
1464 5428 1492 5468 ut
1508 5425 1536 5469 tu
1550 5422 1596 5482 nis,
1615 5423 1645 5471 ut

322 5487 452 5550 444414.
472 5513 499 5522 -
523 5488 564 5537 16.
582 5489 667 5552 pobini
688 5490 708 5540 E
727 5516 753 5525 —
780 5491 821 5540 27.
839 5504 883 5539 nec
905 5493 971 5554 regis
993 5492 1053 5553 imp.
1072 5495 1170 5538 tontum
1183 5493 1239 5552 pati
1255 5493 1305 5540 suis
1321 5494 1354 5543 U:
1377 5506 1422 5542 nec
1437 5495 1504 5556 repis
1519 5496 1644 5558 imponere

321 5567 417 5612 tontum
439 5564 469 5613 de
488 5575 533 5612 suo
552 5577 597 5613 nec
617 5566 683 5628 repis
704 5566 829 5628 imponere
849 5571 946 5615 tontum
965 5568 1021 5628 poti
1037 5566 1087 5615 saris
1104 5565 1194 5623 ESV;
1218 5580 1262 5615 nec
1277 5567 1344 5629 repis
1359 5568 1418 5627 imp.
1437 5574 1507 5618 tonto
1522 5570 1579 5631 ptus
1594 5572 1645 5620 suis

322 5637 381 5688 cod.
401 5638 520 5695 Η44ο44.;
539 5639 632 5701 imponi
649 5641 717 5690 coni.
737 5642 872 5694 Graevius:
894 5641 1006 5699 rectius,
1025 5641 1126 5703 opinor.
1145 5641 1270 5690 Patricius
1287 5638 1414 5690 intellexit
1427 5644 1482 5703 poti
1499 5643 1644 5695 tollendum

322 5724 395 5773 csse,
413 5726 466 5776 quo
484 5712 587 5764 sublato
605 5715 709 5778 egregia
728 5717 827 5766 exsistit
842 5715 1036 5766 adnominatio:
1054 5716 1179 5764 remittere
1195 5721 1293 5765 tontum
1310 5717 1339 5764 de
1354 5730 1399 5766 suo
1411 5720 1438 5766 et
1449 5718 1574 5780 imponere
1586 5724 1645 5769 ton·

322 5791 375 5834 tum
390 5788 449 5836 suis.
470 5812 497 5822 -
517 5794 544 5837 ot
560 5795 632 5838 erunt
648 5788 805 5852 Madvigius:
824 5791 930 5839 oderunt
947 5791 1011 5844 CO:
1029 5791 1134 5841 oderunt
1152 5792 1173 5840 G
1191 5815 1219 5828 -
1237 5791 1278 5842 28.
1296 5791 1315 5841 ii
1326 5816 1363 5830 -·
1374 5792 1393 5842 ii
1410 5792 1474 5842 CG:
1493 5791 1607 5846 altorum
1625 5794 1645 5847 44

324 5872 385 5911 cum
403 5861 521 5913 Ernestio
538 5860 701 5915 inclusimus.
721 5890 748 5901 -
767 5865 885 5915 44444444
901 5866 921 5914 G
939 5876 979 5927 pr.
998 5875 1034 5914 m.
