3800 7350
659 1177 852 1244 manuni
873 1179 925 1244 ΕΤ
948 1177 1217 1244 cormesius.
1515 1171 1599 1241 4453

283 1346 364 1406 04000,
388 1344 461 1410 quod
476 1344 632 1397 tantundem
649 1344 757 1398 sceleris
775 1347 909 1399 contineat
925 1347 953 1397 et
969 1345 1090 1398 eiusdem
1107 1347 1213 1410 generis
1229 1346 1277 1407 sit,
1298 1348 1379 1409 atqua
1396 1344 1423 1395 ld
1439 1344 1511 1410 quod
1528 1345 1601 1396 cati-

282 1428 334 1481 lina
350 1430 448 1481 iecerit
478 1430 615 1481 Postremo
627 1443 680 1494 quo
698 1431 812 1496 pertinet
821 1431 969 1482 vehemens
986 1431 1053 1482 haec
1071 1431 1252 1494 interrogatio:
1270 1430 1490 1492 0040004--0400
1504 1428 1600 1480 omis?

283 1518 329 1565 aut
345 1526 398 1578 quo
415 1513 519 1565 vinculo
537 1527 599 1565 cum
616 1516 660 1574 iis,
684 1527 754 1578 quae
770 1516 948 1580 praecedunt,
971 1518 1017 1565 aut
1034 1528 1096 1567 cum
1116 1516 1161 1575 ils,
1185 1527 1253 1579 quae
1270 1517 1433 1577 sequuntur.
1456 1514 1600 1565 cobaereti

282 1601 348 1650 Nam
371 1601 432 1663 post
454 1611 513 1648 eam
537 1600 705 1650 continuatur
727 1600 903 1664 comparatio,
926 1598 1047 1650 traducta
1065 1602 1167 1651 tantum
1188 1597 1222 1650 ab
1244 1612 1298 1649 nno
1316 1598 1425 1650 Catilina
1441 1598 1476 1649 00
1492 1610 1600 1649 omnem

283 1684 478 1733 coniuratorum
500 1695 608 1733 menum
629 1682 685 1747 (ilo
704 1684 915 1747 menosuvos).
942 1684 1027 1737 Unum
1047 1682 1206 1734 vocabulum
1225 1682 1422 1734 emendandam
1440 1685 1467 1734 et
1484 1681 1600 1733 tollenda

283 1765 448 1832 interpolatio
465 1770 507 1818 est
522 1767 573 1817 boe
590 1766 684 1818 modo:
703 1768 767 1832 leges
782 1768 923 1829 4000004000,
940 1780 985 1817 eos
1000 1768 1154 1833 abrogasse·
1170 1769 1199 1818 iii
1216 1773 1338 1819 terrers
1354 1767 1433 1834 [quae
1449 1769 1505 1834 ipsa
1522 1765 1600 1818 lectio

283 1853 324 1902 est
340 1852 365 1901 in
384 1854 416 1911 G,
436 1853 465 1901 ut
481 1854 534 1902 iam
551 1852 665 1902 coniecit
676 1852 820 1917 Zumptius]
835 1854 964 1915 petiiom:
982 1853 1043 1915 0040
1058 1858 1093 1903 004
1103 1851 1319 1903 uobiiconiiilibus
1333 1858 1429 1917 0004000
1438 1853 1491 1902 sine
1501 1850 1601 1902 0000404

283 1936 369 1996 Quum
388 1935 481 1985 Cicero
498 1935 524 1985 in
541 1935 593 1987 boc
610 1939 729 1986 extremo
745 1936 868 1987 membro
885 1935 999 1987 iormam
1016 1936 1181 2000 figuramque
1198 1937 1322 1987 orationis
1334 1940 1445 1987 eatenus
1461 1939 1599 1998 mutasset.

282 2021 311 2069 ut
327 2029 376 2084 pro
393 2019 566 2070 affirmatione
584 2020 638 2084 (0οο
654 2021 734 2069 ornile
749 2022 833 2070 omnio
849 2020 941 2085 egistis)
959 2022 1191 2084 interrogationem
1208 2024 1335 2085 poneret,
1353 2020 1460 2085 aliquis,
1479 2023 1525 2085 qui
1536 2034 1601 2071 ean-

282 2104 441 2167 dematque
463 2103 489 2153 ln
513 2102 695 2168 superioribus
712 2103 841 2155 membris
858 2105 983 2155 orationis
1000 2103 1113 2155 lormam
1129 2104 1282 2168 requirebat
1299 2105 1405 2165 00040,
1428 2104 1499 2170 quod
1517 2096 1601 2168 quae·

282 2187 371 2248 rebat,
389 2188 416 2237 in
433 2188 489 2252 ipsa
508 2188 711 2251 interrogatione
729 2188 817 2239 inesse
834 2187 1072 2249 animadverterat,
1098 2190 1218 2253 ineptum
1234 2187 1297 2239 illud
1314 2202 1358 2239 iios
1373 2189 1503 2240 0040040440
1518 2190 1601 2240 intar-

282 2273 378 2335 posuit.
407 2272 447 2322 l'i'i
463 2273 491 2321 et
506 2286 582 2321 oraio
598 2272 695 2323 eodem
713 2285 811 2335 genere
829 2274 1010 2333 continentur.
1029 2272 1124 2323 eadem
1142 2275 1213 2324 sunt.
1235 2275 1357 2336 (Prorsus
1374 2273 1465 2325 similis
1482 2275 1601 2339 interpo-

282 2354 343 2406 latio
359 2354 452 2406 codice
469 2356 595 2406 40440000
612 2356 743 2420 antiquior
759 2370 773 2406 a
791 2356 919 2408 lambino
936 2356 1103 2423 deprebensa
1121 2359 1163 2408 004
1178 2358 1194 2422 5
1210 2358 1242 2408 tt
1259 2358 1286 2407 in
1297 2356 1387 2408 verbis
1403 2358 1462 2409 40040
1477 2364 1520 2410 est.
1543 2360 1600 2410 lion
1663 2403 1674 2426 ,

282 2438 447 2491 intellexerat
468 2441 513 2504 qul
534 2440 714 2505 interpolavit,
737 2439 805 2492 hoec
827 2443 896 2492 inter
916 2454 946 2493 se
964 2442 1095 2491 contraria
1117 2440 1228 2492 reierrl:
1254 2441 1498 2493 400440440--004004
1521 2442 1601 2494 lucen

281 2524 482 2588 mlenloreingiie
501 2526 625 2590 [00400440.
657 2525 723 2577 Nihil
746 2527 860 2591 ineptius
881 2524 994 2577 levitatis
1012 2526 1146 2577 mentione
1163 2526 1189 2575 in
1206 2524 1290 2577 altero
1307 2525 1445 2584 membro:
1468 2527 1600 2579 contraria

282 2610 344 2660 vitia
367 2612 505 2671 notantur,
531 2610 601 2660 inter
622 2622 691 2674 quae
712 2611 785 2660 recte
801 2610 867 2660 ratio
885 2609 1004 2661 medium
1021 2608 1108 2661 locum
1127 2609 1217 2673 tenet.)
1243 2611 1329 2662 Possit
1345 2609 1422 2662 044004
1438 2611 1463 2661 40
1482 2614 1601 2662 mentem

176 2719 183 2734 ι
282 2694 372 2745 venire
393 2695 419 2744 oi
442 2700 524 2745 400000
537 2695 665 2758 petriam
688 2693 737 2745 sed
754 2700 835 2745 tenere
847 2696 963 2757 petriam
980 2708 1074 2759 pamm
1092 2707 1152 2745 esse
1168 2693 1273 2745 videtur
1289 2694 1415 2757 (debebat
1431 2694 1483 2746 dici
1499 2708 1602 2758 oppres·

282 2791 337 2828 iem
353 2778 442 2841 tniera)
460 2780 488 2830 et
503 2778 611 2829 omnino
629 2779 715 2844 aptior
725 2777 841 2830 terroris
857 2779 970 2840 menti03
988 2778 1097 2844 propius
1114 2780 1195 2830 aliam
1211 2778 1335 2831 0004000]
1348 2780 1466 2843 iesugus
1481 2780 1602 2832 04400000

283 2874 362 2926 quam
378 2862 495 2913 04404000.
513 2864 623 2915 murro.

346 2953 410 3019 gai
427 2969 454 3020 p.
474 2954 550 3018 ieri,
570 2956 610 3006 ir.
628 2955 707 3006 Hlils
722 2960 762 3018 ii,
781 2955 916 3007 munnae
931 2956 1003 3007 eene
1018 2958 1070 3008 cei.
1088 2958 1162 3007 recia
1179 2957 1316 3020 00000,
1334 2958 1364 3007 ui
1378 2942 1493 3009 00000.

346 3057 362 3121 S
378 3058 410 3109 84
426 3071 453 3123 p.
472 3058 545 3120 4049,
557 3057 582 3109 4.
601 3058 640 3110 De
657 3058 817 3110 necessitate
833 3058 1050 3111 emendationum
1062 3056 1155 3109 lialmii
1166 3058 1288 3110 dubitare
1299 3058 1402 3120 licebit:
1421 3059 1489 3112 conl.
1503 3073 1529 3126 p.
1542 3059 1599 3125 884,

282 3143 309 3192 44
330 3155 361 3191 oe
377 3143 471 3203 4000ος
494 3155 521 3207 p.
540 3142 601 3203 884,
621 3143 648 3193 44
669 3156 700 3193 oe
722 3143 848 3205 400004ος
868 3144 907 3207 (p.
927 3143 1001 3204 4404,
1020 3143 1035 3194 8
1052 3157 1084 3193 oc
1100 3143 1214 3206 iodicii3)
1233 3156 1260 3208 p.
1278 3144 1352 3206 4440,
1372 3143 1388 3195 8
1405 3157 1436 3195 00
1451 3146 1597 3206 immistis:

281 3238 308 3290 p.
327 3225 400 3288 4404,
420 3227 451 3277 49
468 3229 495 3277 04
512 3227 609 3289 4449,4
630 3241 648 3278 0
663 3225 797 3287 iudicibus:
816 3239 843 3293 0.
862 3227 934 3289 4408,
953 3228 986 3279 is
1002 3241 1020 3278 0
1036 3228 1140 3289 Micio:
1158 3241 1185 3293 p.
1205 3228 1278 3290 4444,
1295 3227 1328 3278 88
1344 3229 1577 3294 nimietatem.)

346 3327 362 3393 5
379 3328 411 3380 40
428 3342 454 3394 p.
473 3329 550 3391 4084,
568 3330 600 3379 84
623 3328 706 3380 verba
729 3330 767 3380 sic
789 3327 975 3393 distinguenda
992 3329 1128 3381 videntur:
1154 3330 1196 3381 000
1213 3330 1287 3381 00400
1302 3344 1335 3381 eoi
1349 3332 1477 3383 octontuta
1495 3359 1522 3371 -
1540 3333 1601 3385 nili

281 3414 347 3464 enini
363 3426 502 3475 iiiimgiioin
517 3414 612 3465 veniret
627 3415 653 3463 iii
669 3418 775 3463 mentem
789 3413 901 3476 00000000
912 3418 935 3464 04
951 3415 1077 3464 insoniam
1087 3419 1176 3478 optare
1184 3414 1263 3478 vobis,
1280 3416 1308 3465 iii
1319 3427 1396 3477 00000
1405 3417 1534 3468 incidistis.
1552 3417 1600 3481 (B.)

346 3506 361 3572 5
378 3507 410 3558 89
426 3520 451 3572 p.
472 3508 545 3569 4084,
564 3507 595 3556 44
611 3508 684 3557 ardet
699 3504 831 3569 glossema
848 3506 961 3557 videtur.
981 3508 1028 3570 (Β.)

348 3600 363 3664 5
381 3601 455 3664 840.
475 3599 551 3661 4088,
569 3600 611 3651 si.
628 3601 657 3649 i..
682 3599 944 3663 Croesus--ipieiilie
963 3612 1044 3663 prope
1062 3605 1187 3650 00040400
1207 3605 1243 3651 est
1262 3601 1334 3663 alpes
1355 3604 1406 3652 004.
1437 3601 1600 3654 Obscurstus

283 3689 324 3738 est
340 3686 418 3736 buius
435 3682 486 3735 loci
502 3683 585 3748 lepos.
612 3685 670 3736 iion
683 3697 764 3747 prope
779 3686 912 3735 scrutatus
930 3688 972 3737 est
989 3685 1101 3736 Crassus
1117 3683 1210 3749 Alpes,
1231 3685 1280 3736 000
1301 3683 1379 3751 04000
1401 3689 1599 3750 perscrutatos:

281 3771 369 3835 inepte
391 3771 482 3820 aulem
504 3768 610 3819 additur
632 3770 659 3820 in
680 3768 732 3819 bac
749 3769 884 3819 communi
901 3767 1036 3819 scrutandi
1053 3768 1243 3832 significatione
1260 3771 1288 3819 et
1303 3770 1416 3834 imagine
1434 3771 1601 3823 instrumenti

282 3867 395 3912 noman:
414 3866 476 3904 nam
492 3865 581 3916 neque
596 3866 660 3903 iere
678 3853 853 3903 instrumento
869 3852 949 3904 huius
966 3851 1038 3904 modi
1055 3851 1098 3903 ilia
1114 3854 1240 3904 scrutatio
1256 3853 1394 3916 40040004,
1413 3857 1441 3906 04
1456 3857 1560 3919 nmen,
1577 3855 1601 3907 si

281 3937 451 3999 locinosset,
470 3949 522 4000 quo
539 3934 590 3986 aiio
606 3937 780 3988 instrumento
797 3937 942 4002 imperator
958 3938 987 3988 et
1002 3936 1098 3989 mibtes
1114 3939 1266 4000 04000οῐ00,
1290 3939 1340 3990 0404
1361 3939 1462 3991 bestisi
1486 3940 1516 3991 in
1538 3939 1599 3992 cod.

280 4022 340 4072 ilat.
359 4021 488 4086 scriplum
505 4022 591 4072 exstat
603 4020 707 4084 00004440
722 4020 841 4086 (04044040
852 4019 976 4087 pecoliis).
995 4022 1089 4073 Cicero
1105 4022 1263 4087 scripserat:
1280 4024 1421 4086 specillis
1433 4037 1514 4088 prope
1528 4037 1601 4075 serii·

281 4111 348 4157 40400
363 4111 411 4167 004,
434 4107 465 4156 04
480 4118 559 4168 prope
575 4104 706 4169 pertineat
722 4104 756 4155 ad
773 4106 858 4157 totum
873 4106 926 4157 hoc
941 4106 1047 4168 specillis
1062 4107 1180 4157 0004004.
1205 4106 1305 4173 Lepide
1321 4107 1393 4158 anim
1410 4108 1504 4159 eicere
1520 4109 1601 4160 Cras-

281 4202 342 4242 anm
360 4203 413 4241 non
429 4190 518 4241 minus
533 4201 618 4255 prope
635 4187 775 4253 diiigenter
790 4188 870 4254 lilpes
886 4192 1034 4241 scrutatum
1050 4202 1110 4242 esse
1128 4191 1192 4241 dicit
1204 4203 1285 4255 quam
1301 4191 1399 4242 medici
1415 4191 1530 4257 specillis
1540 4190 1601 4243 vul-

282 4288 345 4326 nero
363 4275 515 4326 scrutantur
530 4276 569 4337 el,
589 4286 653 4324 num
671 4273 734 4337 quid
750 4271 843 4335 104004,
861 4276 965 4325 4004004
980 4273 1040 4338 (last
1054 4273 1101 4325 init
1116 4275 1214 4326 800000
1230 4275 1426 4340 0004000004).
1443 4277 1553 4329 Mansio.

348 4366 363 4432 fi
380 4366 412 4418 73
429 4380 456 4433 p.
475 4367 552 4429 iusi,
570 4366 612 4418 43.
634 4368 767 4418 Poetoiness
786 4380 855 4419 niori
871 4368 967 4419 4000400
982 4368 1027 4418 lior
1042 4367 1146 4432 intelligi
1160 4368 1297 4420 00404004.
1322 4369 1385 4431 Vix,
1408 4373 1488 4436 pato,
1506 4371 1600 4423 Cicero

281 4453 376 4504 4000400
397 4465 447 4517 pro
468 4464 501 4503 eo
523 4450 595 4515 quod
618 4455 660 4504 est
680 4453 782 4516 4000000
802 4453 898 4518 posuit.
930 4453 1072 4503 Vaticanus
1092 4451 1175 4503 babet
1193 4454 1343 4504 0004000400.
1369 4455 1463 4505 Cicero
1479 4456 1597 4520 scripsit:

281 4538 414 4588 0004000400
428 4548 499 4587 mors
513 4548 580 4587 siim
595 4536 731 4598 locatim
747 4537 793 4587 boc
808 4536 912 4602 inteligi
926 4536 1003 4588 00404.
1021 4537 1132 4590 ulons.
1158 4535 1197 4588 Ci.
1215 4536 1430 4591 emendationem
1447 4552 1462 4589 a
1479 4537 1557 4590 nobis
1573 4540 1600 4590 in

282 4621 372 4672 adnot.
390 4621 561 4686 propositam.

347 4715 456 4779 sitip.
475 4713 1601 4778 ioss,26.riim0nonnecinipeiieiieaminoieriieiloioineeeolenisaies·

282 4801 342 4850 lien
361 4797 486 4849 00000004
510 4799 622 4849 Omnino
644 4812 698 4850 non
718 4800 803 4862 egitur
821 4797 948 4850 hocloco
965 4797 999 4849 de
1023 4799 1157 4863 praesenti
1173 4799 1219 4849 aut
1235 4798 1322 4849 tuturo
1339 4801 1473 4864 tempore,
1498 4799 1547 4852 aad
1565 4800 1599 4852 00

283 4883 402 4948 Pompeii
418 4883 498 4933 animi
515 4880 607 4933 babitu
624 4885 652 4933 et
668 4882 765 4934 0440040
782 4885 853 4945 tum,
871 4895 955 4947 quum
972 4884 998 4933 iu
1014 4883 1076 4934 Asia
1090 4883 1225 4934 ciceronis
1235 4895 1345 4934 versum
1361 4882 1423 4947 legit
1438 4884 1481 4948 (sit
1495 4887 1602 4949 offensus

285 4993 312 5005 -
332 4973 367 5018 est
383 4972 518 5018 0000000400
534 4991 561 5003 -
580 4971 634 5016 mni
649 4966 756 5018 0000440
769 4965 874 5030 (illel).
898 4968 991 5031 ltaque
1012 4980 1066 5017 non
1085 4966 1251 5029 mangonelli
1268 4967 1362 5018 Cicero
1378 4969 1532 5033 scripserat,
1550 4968 1599 5021 sed

281 5050 463 5115 comperiebat.
482 5052 589 5102 «Nonne
606 5050 707 5112 stetim¹
726 5063 809 5115 00040
825 5049 899 5103 illum
914 5063 1023 5102 versum
1040 5050 1115 5115 legit,
1137 5052 1242 5103 etiamsi
1258 5052 1389 5104 oliensum
1408 5054 1599 5118 putaverimus,

281 5139 372 5188 umen
389 5149 451 5188 cum
468 5134 510 5186 illo
527 5133 719 5200 compensabat
735 5133 828 5187 laudes
844 5147 906 5187 suas
923 5148 1033 5201 saepes
1046 5138 1358 5189 mecommemoratssi·
1375 5138 1486 5189 440000.
1506 5139 1599 5202 illique

282 5220 342 5272 adv.
358 5221 454 5284 004000,
476 5218 547 5283 quod
564 5219 695 5283 significat
709 5220 795 5282 linitio,
818 5220 853 5270 iiii
874 5225 955 5271 000400
969 5219 1131 5284 4000044404,
1153 5221 1317 5285 iungendum
1333 5224 1375 5273 est
1391 5235 1453 5274 eum
1469 5221 1553 5273 verbo
1568 5223 1601 5273 sit

282 5307 400 5369 0000000,
417 5306 471 5356 sio:
489 5304 538 5354 800
553 5304 585 5354 044
600 5305 706 5367 offense
718 5304 816 5367 pilino:
832 5318 914 5355 nosne
929 5307 981 5355 cet.
1001 5305 1048 5369 (B.)

346 5400 363 5463 s
379 5398 411 5449 78
427 5410 454 5462 0.
474 5396 546 5457 4093,
565 5396 597 5448 44
617 5398 690 5449 reete
713 5398 733 5448 T
753 5402 822 5450 04000
842 5399 870 5448 iii
888 5411 934 5449 sieo
955 5398 1061 5460 4004040,
1087 5399 1105 5448 4.
1123 5412 1148 5449 0.
1166 5400 1193 5449 40
1214 5411 1263 5451 000
1288 5398 1323 5450 00
1348 5400 1475 5451 Cicerone
1501 5399 1599 5451 4004040

282 5493 465 5549 perseverare.

346 5576 363 5641 4
379 5573 411 5627 88
427 5587 454 5640 0.
473 5575 547 5637 4098,
563 5574 605 5626 is.
624 5572 772 5638 Glossema,
791 5575 863 5640 quoii
879 5574 993 5629 lectione
1009 5577 1037 5627 in
1047 5576 1098 5628 ilo
1111 5576 1240 5641 0000044440
1250 5575 1493 5643 oumlioproditur,
1510 5579 1599 5645 potius

282 5662 308 5711 in
324 5659 408 5711 verbo
424 5658 538 5721 0004440,
556 5660 587 5710 04
602 5662 694 5712 monet
708 5660 840 5725 anterus,
859 5660 1044 5726 quaerendum
1060 5662 1111 5714 ast.

346 5753 363 5818 s
380 5752 412 5805 88
428 5765 455 5821 p.
474 5752 546 5817 4094,
562 5753 587 5804 i.
606 5753 671 5816 0040
686 5759 803 5817 00000400
818 5754 946 5807 0004440400
960 5755 1066 5808 reiectio
1077 5755 1253 5819 praepositui?
1268 5753 1444 5808 scribendum
1461 5758 1515 5808 est:
1534 5756 1600 5822 oiiiii

282 5843 400 5902 00000400
418 5836 578 5892 0004440440
601 5836 728 5892 00400440
747 5839 925 5906 moltis?
948 5838 1128 5907 lieprebendit
1150 5839 1259 5904 cicero,
1285 5837 1358 5904 quod
1379 5839 1439 5893 Piso
1462 5841 1599 5908 pmvlnets
