<?xml version="1.0" encoding="UTF-8"?>
<!DOCTYPE html PUBLIC "-//W3C//DTD XHTML 1.0 Transitional//EN"
    "http://www.w3.org/TR/xhtml1/DTD/xhtml1-transitional.dtd">
<html xmlns="http://www.w3.org/1999/xhtml" xml:lang="en" lang="en">
 <head>
  <title>
</title>
<meta http-equiv="Content-Type" content="text/html;charset=utf-8" />
  <meta name='ocr-system' content='tesseract 3.04.00' />
  <meta name='ocr-capabilities' content='ocr_page ocr_carea ocr_par ocr_line ocrx_word'/>
</head>
<body>
  <div class='ocr_page' id='page_1' title='image "./operaquaesupers08halmgoog/operaquaesupers08halmgoog_0381.png"; bbox 0 0 3800 7350; ppageno 0'>
   <div class='ocr_carea' id='block_1_1' title="bbox 479 1178 1599 1267">
    <p class='ocr_par' dir='ltr' id='par_1_1' title="bbox 479 1178 1599 1267">
     <span class='ocr_line' id='line_1_1' title="bbox 479 1178 1599 1267; baseline 0 -19"><span class='ocrx_word' id='word_1_1' title='bbox 479 1183 631 1249; x_wconf 81' lang='lat' dir='ltr'><strong>enarro</strong></span> <span class='ocrx_word' id='word_1_2' title='bbox 653 1185 732 1249; x_wconf 81' lang='lat' dir='ltr'><strong>rao</strong></span> <span class='ocrx_word' id='word_1_3' title='bbox 755 1185 817 1249; x_wconf 82' lang='lat' dir='ltr'><strong>cn.</strong></span> <span class='ocrx_word' id='word_1_4' title='bbox 837 1184 1013 1249; x_wconf 74' lang='lat' dir='ltr'><strong>resumo</strong></span> <span class='ocrx_word' id='word_1_5' title='bbox 1039 1184 1112 1250; x_wconf 75' lang='lat' dir='ltr'><strong>on.</strong></span> <span class='ocrx_word' id='word_1_6' title='bbox 1128 1184 1225 1249; x_wconf 79' lang='lat' dir='ltr'><strong>1-u.</strong></span> <span class='ocrx_word' id='word_1_7' title='bbox 1245 1181 1291 1267; x_wconf 72' lang='lat' dir='ltr'><strong>ss</strong></span> <span class='ocrx_word' id='word_1_8' title='bbox 1306 1178 1399 1247; x_wconf 83' lang='lat' dir='ltr'><strong>s-o.</strong></span> <span class='ocrx_word' id='word_1_9' title='bbox 1517 1179 1599 1249; x_wconf 82' lang='lat' dir='ltr'><strong>stoa</strong></span> 
     </span>
    </p>
   </div>
   <div class='ocr_carea' id='block_1_2' title="bbox 279 1350 1605 1530">
    <p class='ocr_par' dir='ltr' id='par_1_2' title="bbox 279 1350 1605 1530">
     <span class='ocr_line' id='line_1_2' title="bbox 280 1350 1602 1437; baseline -0.001 -19"><span class='ocrx_word' id='word_1_10' title='bbox 280 1354 449 1418; x_wconf 63' lang='lat' dir='ltr'><strong>ohtrictus</strong></span> <span class='ocrx_word' id='word_1_11' title='bbox 478 1354 630 1416; x_wconf 89' lang='lat' dir='ltr'><strong>memoria</strong></span> <span class='ocrx_word' id='word_1_12' title='bbox 657 1350 801 1416; x_wconf 87' lang='lat' dir='ltr'><strong>beneficii</strong></span> <span class='ocrx_word' id='word_1_13' title='bbox 829 1353 1029 1436; x_wconf 82' lang='lat' dir='ltr'><strong>sempiterna.</strong></span> <span class='ocrx_word' id='word_1_14' title='bbox 1069 1355 1179 1437; x_wconf 88' lang='lat' dir='ltr'><strong>ltaque</strong></span> <span class='ocrx_word' id='word_1_15' title='bbox 1202 1374 1266 1416; x_wconf 93' lang='lat' dir='ltr'><strong>uon</strong></span> <span class='ocrx_word' id='word_1_16' title='bbox 1289 1354 1461 1417; x_wconf 77' lang='lat' dir='ltr'><strong>extimesco</strong></span> <span class='ocrx_word' id='word_1_17' title='bbox 1482 1372 1523 1418; x_wconf 91' lang='lat' dir='ltr'><strong>ue</strong></span> <span class='ocrx_word' id='word_1_18' title='bbox 1546 1352 1602 1417; x_wconf 85' lang='lat' dir='ltr'><strong>Cn.</strong></span> 
     </span>
     <span class='ocr_line' id='line_1_3' title="bbox 279 1440 1605 1530; baseline -0.007 -19"><span class='ocrx_word' id='word_1_19' title='bbox 279 1448 408 1511; x_wconf 80' lang='lat' dir='ltr'><strong>Plancio</strong></span> <span class='ocrx_word' id='word_1_20' title='bbox 430 1447 574 1510; x_wconf 89' lang='lat' dir='ltr'><strong>custodia</strong></span> <span class='ocrx_word' id='word_1_21' title='bbox 596 1467 684 1509; x_wconf 85' lang='lat' dir='ltr'><strong>meae</strong></span> <span class='ocrx_word' id='word_1_22' title='bbox 707 1446 820 1509; x_wconf 89' lang='lat' dir='ltr'><strong>salutis</strong></span> <span class='ocrx_word' id='word_1_23' title='bbox 840 1447 924 1529; x_wconf 90' lang='lat' dir='ltr'><strong>apud</strong></span> <span class='ocrx_word' id='word_1_24' title='bbox 953 1467 1007 1510; x_wconf 92' lang='lat' dir='ltr'><strong>eos</strong></span> <span class='ocrx_word' id='word_1_25' title='bbox 1029 1447 1127 1521; x_wconf 88' lang='lat' dir='ltr'><strong>obsit,</strong></span> <span class='ocrx_word' id='word_1_26' title='bbox 1149 1449 1205 1530; x_wconf 90' lang='lat' dir='ltr'><strong>qui</strong></span> <span class='ocrx_word' id='word_1_27' title='bbox 1226 1467 1276 1510; x_wconf 91' lang='lat' dir='ltr'><strong>me</strong></span> <span class='ocrx_word' id='word_1_28' title='bbox 1298 1447 1361 1529; x_wconf 91' lang='lat' dir='ltr'><strong>ipsi</strong></span> <span class='ocrx_word' id='word_1_29' title='bbox 1383 1444 1520 1507; x_wconf 89' lang='lat' dir='ltr'><strong>maxime</strong></span> <span class='ocrx_word' id='word_1_30' title='bbox 1542 1440 1605 1503; x_wconf 88' lang='lat' dir='ltr'><strong>sal-</strong></span> 
     </span>
    </p>
   </div>
   <div class='ocr_carea' id='block_1_3' title="bbox 280 1533 1645 4997">
    <p class='ocr_par' dir='ltr' id='par_1_3' title="bbox 280 1533 1645 3872">
     <span class='ocr_line' id='line_1_4' title="bbox 280 1533 1604 1625; baseline -0.005 -21"><span class='ocrx_word' id='word_1_31' title='bbox 280 1561 356 1604; x_wconf 82' lang='lat' dir='ltr'><strong>vum</strong></span> <span class='ocrx_word' id='word_1_32' title='bbox 377 1540 485 1604; x_wconf 81' lang='lat' dir='ltr'><strong>ridere</strong></span> <span class='ocrx_word' id='word_1_33' title='bbox 507 1541 692 1613; x_wconf 83' lang='lat' dir='ltr'><strong>voluerunt,</strong></span> <span class='ocrx_word' id='word_1_34' title='bbox 723 1540 930 1625; x_wconf 79' lang='lat' dir='ltr'>saepiusque,</span> <span class='ocrx_word' id='word_1_35' title='bbox 952 1542 1090 1614; x_wconf 89' lang='lat' dir='ltr'><strong>iudices,</strong></span> <span class='ocrx_word' id='word_1_36' title='bbox 1112 1541 1190 1604; x_wconf 89' lang='lat' dir='ltr'><strong>mihi</strong></span> <span class='ocrx_word' id='word_1_37' title='bbox 1212 1542 1353 1604; x_wconf 84' lang='lat' dir='ltr'><strong>venitin</strong></span> <span class='ocrx_word' id='word_1_38' title='bbox 1374 1544 1527 1609; x_wconf 90' lang='lat' dir='ltr'><strong>mentem,</strong></span> <span class='ocrx_word' id='word_1_39' title='bbox 1549 1533 1604 1597; x_wconf 91' lang='lat' dir='ltr'><strong>ad·</strong></span> 
     </span>
     <span class='ocr_line' id='line_1_5' title="bbox 280 1631 1605 1714; baseline -0.005 -17"><span class='ocrx_word' id='word_1_40' title='bbox 280 1634 457 1697; x_wconf 89' lang='lat' dir='ltr'><strong>mirandum</strong></span> <span class='ocrx_word' id='word_1_41' title='bbox 480 1654 551 1697; x_wconf 87' lang='lat' dir='ltr'><strong>esse</strong></span> <span class='ocrx_word' id='word_1_42' title='bbox 572 1636 614 1698; x_wconf 77' lang='lat' dir='ltr'><strong>sl.</strong></span> <span class='ocrx_word' id='word_1_43' title='bbox 637 1635 858 1707; x_wconf 80' lang='lat' dir='ltr'><strong>Laterensem,</strong></span> <span class='ocrx_word' id='word_1_44' title='bbox 879 1635 1041 1697; x_wconf 89' lang='lat' dir='ltr'><strong>hominem</strong></span> <span class='ocrx_word' id='word_1_45' title='bbox 1063 1634 1329 1698; x_wconf 88' lang='lat' dir='ltr'><strong>studiosissimum</strong></span> <span class='ocrx_word' id='word_1_46' title='bbox 1350 1642 1383 1698; x_wconf 90' lang='lat' dir='ltr'><strong>et</strong></span> <span class='ocrx_word' id='word_1_47' title='bbox 1396 1631 1557 1714; x_wconf 73' lang='lat' dir='ltr'><strong>dignitatis</strong></span> <span class='ocrx_word' id='word_1_48' title='bbox 1573 1635 1605 1691; x_wconf 91' lang='lat' dir='ltr'><strong>et</strong></span> 
     </span>
     <span class='ocr_line' id='line_1_6' title="bbox 281 1724 1628 1812; baseline -0.004 -21"><span class='ocrx_word' id='word_1_49' title='bbox 281 1729 392 1792; x_wconf 84' lang='lat' dir='ltr'><strong>salutis</strong></span> <span class='ocrx_word' id='word_1_50' title='bbox 421 1747 525 1800; x_wconf 88' lang='lat' dir='ltr'><strong>meae,</strong></span> <span class='ocrx_word' id='word_1_51' title='bbox 555 1748 643 1790; x_wconf 89' lang='lat' dir='ltr'><strong>reum</strong></span> <span class='ocrx_word' id='word_1_52' title='bbox 669 1727 728 1790; x_wconf 90' lang='lat' dir='ltr'><strong>sibi</strong></span> <span class='ocrx_word' id='word_1_53' title='bbox 760 1728 845 1792; x_wconf 93' lang='lat' dir='ltr'><strong>hunc</strong></span> <span class='ocrx_word' id='word_1_54' title='bbox 866 1729 1063 1810; x_wconf 90' lang='lat' dir='ltr'><strong>potissimum</strong></span> <span class='ocrx_word' id='word_1_55' title='bbox 1086 1728 1260 1811; x_wconf 76' lang='lat' dir='ltr'><strong>delegisse,</strong></span> <span class='ocrx_word' id='word_1_56' title='bbox 1282 1747 1378 1812; x_wconf 92' lang='lat' dir='ltr'><strong>quam</strong></span> <span class='ocrx_word' id='word_1_57' title='bbox 1399 1724 1628 1789; x_wconf 86' lang='lat' dir='ltr'><strong>metuendums</strong></span> 
     </span>
     <span class='ocr_line' id='line_1_7' title="bbox 280 1817 1604 1904; baseline -0.006 -17"><span class='ocrx_word' id='word_1_58' title='bbox 280 1844 321 1887; x_wconf 92' lang='lat' dir='ltr'><strong>ne</strong></span> <span class='ocrx_word' id='word_1_59' title='bbox 343 1824 432 1887; x_wconf 85' lang='lat' dir='ltr'><strong>vohis</strong></span> <span class='ocrx_word' id='word_1_60' title='bbox 454 1824 486 1886; x_wconf 91' lang='lat' dir='ltr'><strong>id</strong></span> <span class='ocrx_word' id='word_1_61' title='bbox 507 1823 562 1885; x_wconf 91' lang='lat' dir='ltr'><strong>ille</strong></span> <span class='ocrx_word' id='word_1_62' title='bbox 584 1841 698 1904; x_wconf 75' lang='lat' dir='ltr'><strong>magna</strong></span> <span class='ocrx_word' id='word_1_63' title='bbox 720 1823 840 1885; x_wconf 90' lang='lat' dir='ltr'><strong>ratione</strong></span> <span class='ocrx_word' id='word_1_64' title='bbox 860 1823 975 1886; x_wconf 83' lang='lat' dir='ltr'><strong>secisse</strong></span> <span class='ocrx_word' id='word_1_65' title='bbox 997 1821 1151 1886; x_wconf 84' lang='lat' dir='ltr'><strong>videatur.</strong></span> <span class='ocrx_word' id='word_1_66' title='bbox 1188 1819 1219 1885; x_wconf 89' lang='grc'><strong>3.</strong></span> <span class='ocrx_word' id='word_1_67' title='bbox 1235 1822 1433 1904; x_wconf 87' lang='lat' dir='ltr'><strong>Quamquam</strong></span> <span class='ocrx_word' id='word_1_68' title='bbox 1448 1817 1525 1882; x_wconf 89' lang='lat' dir='ltr'><strong>mihi</strong></span> <span class='ocrx_word' id='word_1_69' title='bbox 1541 1836 1604 1880; x_wconf 91' lang='lat' dir='ltr'><strong>non</strong></span> 
     </span>
     <span class='ocr_line' id='line_1_8' title="bbox 281 1915 1605 1997; baseline -0.005 -17"><span class='ocrx_word' id='word_1_70' title='bbox 281 1937 371 1982; x_wconf 88' lang='lat' dir='ltr'><strong>sumo</strong></span> <span class='ocrx_word' id='word_1_71' title='bbox 393 1924 514 1981; x_wconf 88' lang='lat' dir='ltr'><strong>tantum</strong></span> <span class='ocrx_word' id='word_1_72' title='bbox 536 1935 641 1997; x_wconf 88' lang='lat' dir='ltr'><strong>nequo</strong></span> <span class='ocrx_word' id='word_1_73' title='bbox 663 1934 793 1997; x_wconf 76' lang='lat' dir='ltr'><strong>arrogo,</strong></span> <span class='ocrx_word' id='word_1_74' title='bbox 815 1916 955 1989; x_wconf 91' lang='lat' dir='ltr'><strong>iudices,</strong></span> <span class='ocrx_word' id='word_1_75' title='bbox 977 1923 1012 1978; x_wconf 86' lang='lat' dir='ltr'><strong>ut</strong></span> <span class='ocrx_word' id='word_1_76' title='bbox 1034 1916 1090 1978; x_wconf 89' lang='lat' dir='ltr'><strong>Cn.</strong></span> <span class='ocrx_word' id='word_1_77' title='bbox 1109 1915 1271 1978; x_wconf 80' lang='lat' dir='ltr'><strong>Plancium</strong></span> <span class='ocrx_word' id='word_1_78' title='bbox 1293 1916 1358 1979; x_wconf 91' lang='lat' dir='ltr'><strong>suis</strong></span> <span class='ocrx_word' id='word_1_79' title='bbox 1379 1933 1453 1996; x_wconf 73' lang='lat' dir='ltr'><strong>erga</strong></span> <span class='ocrx_word' id='word_1_80' title='bbox 1475 1932 1524 1976; x_wconf 91' lang='lat' dir='ltr'><strong>me</strong></span> <span class='ocrx_word' id='word_1_81' title='bbox 1539 1931 1605 1975; x_wconf 90' lang='lat' dir='ltr'><strong>mc·</strong></span> 
     </span>
     <span class='ocr_line' id='line_1_9' title="bbox 280 2008 1605 2094; baseline -0.005 -19"><span class='ocrx_word' id='word_1_82' title='bbox 280 2014 350 2075; x_wconf 87' lang='lat' dir='ltr'><strong>ritis</strong></span> <span class='ocrx_word' id='word_1_83' title='bbox 370 2010 589 2094; x_wconf 76' lang='lat' dir='ltr'><strong>impunitatem</strong></span> <span class='ocrx_word' id='word_1_84' title='bbox 611 2017 815 2071; x_wconf 84' lang='lat' dir='ltr'><strong>consecutum</strong></span> <span class='ocrx_word' id='word_1_85' title='bbox 836 2018 954 2092; x_wconf 78' lang='lat' dir='ltr'><strong>prtem.</strong></span> <span class='ocrx_word' id='word_1_86' title='bbox 987 2010 1055 2072; x_wconf 80' lang='lat' dir='ltr'><strong>Nisi</strong></span> <span class='ocrx_word' id='word_1_87' title='bbox 1069 2010 1138 2072; x_wconf 85' lang='lat' dir='ltr'><strong>aius</strong></span> <span class='ocrx_word' id='word_1_88' title='bbox 1153 2008 1388 2092; x_wconf 69' lang='lat' dir='ltr'><strong>integerrimam</strong></span> <span class='ocrx_word' id='word_1_89' title='bbox 1401 2008 1515 2081; x_wconf 74' lang='lat' dir='ltr'><strong>vitam,</strong></span> <span class='ocrx_word' id='word_1_90' title='bbox 1538 2025 1605 2069; x_wconf 86' lang='lat' dir='ltr'><strong>mo·</strong></span> 
     </span>
     <span class='ocr_line' id='line_1_10' title="bbox 280 2099 1604 2185; baseline -0.004 -17"><span class='ocrx_word' id='word_1_91' title='bbox 280 2105 477 2169; x_wconf 87' lang='lat' dir='ltr'><strong>destissimos</strong></span> <span class='ocrx_word' id='word_1_92' title='bbox 499 2122 619 2176; x_wconf 91' lang='lat' dir='ltr'><strong>mores,</strong></span> <span class='ocrx_word' id='word_1_93' title='bbox 642 2118 794 2166; x_wconf 78' lang='lat' dir='ltr'><strong>sumnam</strong></span> <span class='ocrx_word' id='word_1_94' title='bbox 809 2099 920 2176; x_wconf 82' lang='lat' dir='ltr'><strong>fidem,</strong></span> <span class='ocrx_word' id='word_1_95' title='bbox 942 2102 1184 2177; x_wconf 83' lang='lat' dir='ltr'><strong>continentiam,</strong></span> <span class='ocrx_word' id='word_1_96' title='bbox 1205 2103 1374 2185; x_wconf 76' lang='lat' dir='ltr'><strong>pietaten,</strong></span> <span class='ocrx_word' id='word_1_97' title='bbox 1392 2099 1604 2164; x_wconf 75' lang='lat' dir='ltr'><strong>innocentiam</strong></span> 
     </span>
     <span class='ocr_line' id='line_1_11' title="bbox 281 2195 1642 2279; baseline -0.004 -18"><span class='ocrx_word' id='word_1_98' title='bbox 281 2198 464 2269; x_wconf 86' lang='lat' dir='ltr'><strong>ostendero,</strong></span> <span class='ocrx_word' id='word_1_99' title='bbox 487 2195 567 2259; x_wconf 92' lang='lat' dir='ltr'><strong>nihll</strong></span> <span class='ocrx_word' id='word_1_100' title='bbox 589 2195 630 2258; x_wconf 85' lang='lat' dir='ltr'><strong>da</strong></span> <span class='ocrx_word' id='word_1_101' title='bbox 650 2216 752 2278; x_wconf 86' lang='lat' dir='ltr'><strong>poena</strong></span> <span class='ocrx_word' id='word_1_102' title='bbox 775 2196 943 2259; x_wconf 82' lang='lat' dir='ltr'><strong>recusabo:</strong></span> <span class='ocrx_word' id='word_1_103' title='bbox 966 2195 1015 2257; x_wconf 92' lang='lat' dir='ltr'><strong>sin</strong></span> <span class='ocrx_word' id='word_1_104' title='bbox 1038 2196 1144 2260; x_wconf 89' lang='lat' dir='ltr'><strong>omnia</strong></span> <span class='ocrx_word' id='word_1_105' title='bbox 1166 2196 1370 2279; x_wconf 83' lang='lat' dir='ltr'><strong>praestitero,</strong></span> <span class='ocrx_word' id='word_1_106' title='bbox 1391 2208 1472 2278; x_wconf 76' lang='lat' dir='ltr'><strong>qaae</strong></span> <span class='ocrx_word' id='word_1_107' title='bbox 1492 2200 1567 2257; x_wconf 83' lang='lat' dir='ltr'><strong>sant</strong></span> <span class='ocrx_word' id='word_1_108' title='bbox 1586 2213 1642 2258; x_wconf 86' lang='lat' dir='ltr'><strong>aso</strong></span> 
     </span>
     <span class='ocr_line' id='line_1_12' title="bbox 281 2289 1607 2372; baseline 0 -19"><span class='ocrx_word' id='word_1_109' title='bbox 281 2292 373 2355; x_wconf 84' lang='lat' dir='ltr'><strong>bonis</strong></span> <span class='ocrx_word' id='word_1_110' title='bbox 394 2291 469 2354; x_wconf 80' lang='lat' dir='ltr'><strong>viris</strong></span> <span class='ocrx_word' id='word_1_111' title='bbox 492 2290 719 2372; x_wconf 80' lang='lat' dir='ltr'><strong>exspectanda,</strong></span> <span class='ocrx_word' id='word_1_112' title='bbox 742 2300 865 2372; x_wconf 87' lang='lat' dir='ltr'><strong>petam,</strong></span> <span class='ocrx_word' id='word_1_113' title='bbox 886 2289 1026 2363; x_wconf 90' lang='lat' dir='ltr'><strong>iudices,</strong></span> <span class='ocrx_word' id='word_1_114' title='bbox 1048 2309 1066 2353; x_wconf 91' lang='lat' dir='ltr'><strong>a</strong></span> <span class='ocrx_word' id='word_1_115' title='bbox 1087 2289 1178 2353; x_wconf 86' lang='lat' dir='ltr'><strong>vobis</strong></span> <span class='ocrx_word' id='word_1_116' title='bbox 1199 2297 1252 2362; x_wconf 92' lang='lat' dir='ltr'><strong>ut,</strong></span> <span class='ocrx_word' id='word_1_117' title='bbox 1281 2289 1371 2352; x_wconf 91' lang='lat' dir='ltr'><strong>cuius</strong></span> <span class='ocrx_word' id='word_1_118' title='bbox 1392 2289 1607 2353; x_wconf 81' lang='lat' dir='ltr'><strong>misericordia</strong></span> 
     </span>
     <span class='ocr_line' id='line_1_13' title="bbox 282 2382 1606 2466; baseline -0.001 -18"><span class='ocrx_word' id='word_1_119' title='bbox 282 2385 367 2448; x_wconf 88' lang='lat' dir='ltr'><strong>salus</strong></span> <span class='ocrx_word' id='word_1_120' title='bbox 394 2404 465 2448; x_wconf 88' lang='lat' dir='ltr'><strong>mea</strong></span> <span class='ocrx_word' id='word_1_121' title='bbox 495 2383 651 2447; x_wconf 89' lang='lat' dir='ltr'><strong>custodita</strong></span> <span class='ocrx_word' id='word_1_122' title='bbox 678 2384 733 2455; x_wconf 89' lang='lat' dir='ltr'><strong>sit,</strong></span> <span class='ocrx_word' id='word_1_123' title='bbox 762 2386 792 2446; x_wconf 90' lang='lat' dir='ltr'><strong>ci</strong></span> <span class='ocrx_word' id='word_1_124' title='bbox 819 2402 876 2445; x_wconf 81' lang='lat' dir='ltr'><strong>vos</strong></span> <span class='ocrx_word' id='word_1_125' title='bbox 905 2390 1040 2446; x_wconf 85' lang='lat' dir='ltr'><strong>vestram</strong></span> <span class='ocrx_word' id='word_1_126' title='bbox 1068 2382 1319 2445; x_wconf 89' lang='lat' dir='ltr'><strong>misericordiam</strong></span> <span class='ocrx_word' id='word_1_127' title='bbox 1346 2403 1396 2445; x_wconf 93' lang='lat' dir='ltr'><strong>me</strong></span> <span class='ocrx_word' id='word_1_128' title='bbox 1417 2383 1606 2466; x_wconf 77' lang='lat' dir='ltr'><strong>deprecante</strong></span> 
     </span>
     <span class='ocr_line' id='line_1_14' title="bbox 284 2476 1607 2561; baseline -0.001 -20"><span class='ocrx_word' id='word_1_129' title='bbox 284 2478 438 2541; x_wconf 85' lang='lat' dir='ltr'><strong>tribuatis.</strong></span> <span class='ocrx_word' id='word_1_130' title='bbox 471 2476 627 2560; x_wconf 88' lang='lat' dir='ltr'><strong>Equidem</strong></span> <span class='ocrx_word' id='word_1_131' title='bbox 650 2477 688 2540; x_wconf 91' lang='lat' dir='ltr'><strong>ad</strong></span> <span class='ocrx_word' id='word_1_132' title='bbox 710 2478 852 2561; x_wconf 87' lang='lat' dir='ltr'><strong>reliquos</strong></span> <span class='ocrx_word' id='word_1_133' title='bbox 873 2476 1009 2551; x_wconf 88' lang='lat' dir='ltr'><strong>labores,</strong></span> <span class='ocrx_word' id='word_1_134' title='bbox 1032 2497 1113 2559; x_wconf 94' lang='lat' dir='ltr'><strong>quos</strong></span> <span class='ocrx_word' id='word_1_135' title='bbox 1135 2478 1167 2539; x_wconf 94' lang='lat' dir='ltr'><strong>in</strong></span> <span class='ocrx_word' id='word_1_136' title='bbox 1190 2477 1249 2539; x_wconf 86' lang='lat' dir='ltr'><strong>hac</strong></span> <span class='ocrx_word' id='word_1_137' title='bbox 1270 2494 1365 2539; x_wconf 85' lang='lat' dir='ltr'><strong>causa</strong></span> <span class='ocrx_word' id='word_1_138' title='bbox 1380 2477 1517 2540; x_wconf 87' lang='lat' dir='ltr'><strong>maiores</strong></span> <span class='ocrx_word' id='word_1_139' title='bbox 1537 2497 1607 2540; x_wconf 91' lang='lat' dir='ltr'><strong>sus·</strong></span> 
     </span>
     <span class='ocr_line' id='line_1_15' title="bbox 282 2570 1606 2654; baseline -0.001 -20"><span class='ocrx_word' id='word_1_140' title='bbox 282 2572 367 2653; x_wconf 90' lang='lat' dir='ltr'><strong>cipio</strong></span> <span class='ocrx_word' id='word_1_141' title='bbox 389 2591 484 2654; x_wconf 89' lang='lat' dir='ltr'><strong>quam</strong></span> <span class='ocrx_word' id='word_1_142' title='bbox 516 2572 550 2634; x_wconf 89' lang='lat' dir='ltr'><strong>in</strong></span> <span class='ocrx_word' id='word_1_143' title='bbox 580 2572 711 2645; x_wconf 89' lang='lat' dir='ltr'><strong>ceteris,</strong></span> <span class='ocrx_word' id='word_1_144' title='bbox 742 2571 836 2633; x_wconf 85' lang='lat' dir='ltr'><strong>etiam</strong></span> <span class='ocrx_word' id='word_1_145' title='bbox 859 2571 941 2634; x_wconf 88' lang='lat' dir='ltr'><strong>hanc</strong></span> <span class='ocrx_word' id='word_1_146' title='bbox 962 2570 1139 2634; x_wconf 82' lang='lat' dir='ltr'><strong>molestiam</strong></span> <span class='ocrx_word' id='word_1_147' title='bbox 1159 2589 1306 2643; x_wconf 88' lang='lat' dir='ltr'><strong>assumo,</strong></span> <span class='ocrx_word' id='word_1_148' title='bbox 1335 2571 1422 2653; x_wconf 90' lang='lat' dir='ltr'><strong>quod</strong></span> <span class='ocrx_word' id='word_1_149' title='bbox 1443 2570 1519 2633; x_wconf 82' lang='lat' dir='ltr'><strong>milri</strong></span> <span class='ocrx_word' id='word_1_150' title='bbox 1541 2590 1606 2634; x_wconf 94' lang='lat' dir='ltr'><strong>non</strong></span> 
     </span>
     <span class='ocr_line' id='line_1_16' title="bbox 283 2664 1644 2748; baseline -0.003 -22"><span class='ocrx_word' id='word_1_151' title='bbox 283 2665 386 2727; x_wconf 89' lang='lat' dir='ltr'><strong>solum</strong></span> <span class='ocrx_word' id='word_1_152' title='bbox 412 2683 470 2748; x_wconf 88' lang='lat' dir='ltr'><strong>pro</strong></span> <span class='ocrx_word' id='word_1_153' title='bbox 500 2664 555 2727; x_wconf 85' lang='lat' dir='ltr'><strong>Cn.</strong></span> <span class='ocrx_word' id='word_1_154' title='bbox 578 2664 705 2727; x_wconf 88' lang='lat' dir='ltr'><strong>Plancio</strong></span> <span class='ocrx_word' id='word_1_155' title='bbox 734 2664 903 2728; x_wconf 90' lang='lat' dir='ltr'><strong>dicendum</strong></span> <span class='ocrx_word' id='word_1_156' title='bbox 931 2673 996 2739; x_wconf 90' lang='lat' dir='ltr'><strong>est,</strong></span> <span class='ocrx_word' id='word_1_157' title='bbox 1024 2664 1114 2727; x_wconf 91' lang='lat' dir='ltr'><strong>cuius</strong></span> <span class='ocrx_word' id='word_1_158' title='bbox 1136 2684 1195 2746; x_wconf 72' lang='lat' dir='ltr'><strong>ego</strong></span> <span class='ocrx_word' id='word_1_159' title='bbox 1216 2664 1349 2727; x_wconf 87' lang='lat' dir='ltr'><strong>salutem</strong></span> <span class='ocrx_word' id='word_1_160' title='bbox 1372 2684 1441 2727; x_wconf 22' lang='lat' dir='ltr'><strong>non,</strong></span> <span class='ocrx_word' id='word_1_161' title='bbox 1457 2684 1549 2727; x_wconf 84' lang='lat' dir='ltr'><strong>secus</strong></span> <span class='ocrx_word' id='word_1_162' title='bbox 1569 2680 1644 2727; x_wconf 79' lang='lat' dir='ltr'><strong>acca</strong></span> 
     </span>
     <span class='ocr_line' id='line_1_17' title="bbox 283 2757 1607 2842; baseline 0.001 -21"><span class='ocrx_word' id='word_1_163' title='bbox 283 2777 383 2821; x_wconf 76' lang='lat' dir='ltr'><strong>meam</strong></span> <span class='ocrx_word' id='word_1_164' title='bbox 413 2759 495 2821; x_wconf 89' lang='lat' dir='ltr'><strong>tueri</strong></span> <span class='ocrx_word' id='word_1_165' title='bbox 525 2758 642 2830; x_wconf 84' lang='lat' dir='ltr'><strong>debeo,</strong></span> <span class='ocrx_word' id='word_1_166' title='bbox 672 2757 729 2819; x_wconf 91' lang='lat' dir='ltr'><strong>sed</strong></span> <span class='ocrx_word' id='word_1_167' title='bbox 755 2758 849 2821; x_wconf 83' lang='lat' dir='ltr'><strong>etiam</strong></span> <span class='ocrx_word' id='word_1_168' title='bbox 879 2779 935 2840; x_wconf 92' lang='lat' dir='ltr'><strong>pro</strong></span> <span class='ocrx_word' id='word_1_169' title='bbox 958 2758 1118 2840; x_wconf 90' lang='lat' dir='ltr'><strong>meipso,</strong></span> <span class='ocrx_word' id='word_1_170' title='bbox 1147 2758 1187 2820; x_wconf 91' lang='lat' dir='ltr'><strong>de</strong></span> <span class='ocrx_word' id='word_1_171' title='bbox 1209 2778 1274 2842; x_wconf 90' lang='lat' dir='ltr'><strong>quo</strong></span> <span class='ocrx_word' id='word_1_172' title='bbox 1297 2766 1494 2822; x_wconf 85' lang='lat' dir='ltr'><strong>accusatores</strong></span> <span class='ocrx_word' id='word_1_173' title='bbox 1515 2758 1607 2842; x_wconf 84' lang='lat' dir='ltr'><strong>plum</strong></span> 
     </span>
     <span class='ocr_line' id='line_1_18' title="bbox 281 2848 1607 2937; baseline 0 -21"><span class='ocrx_word' id='word_1_174' title='bbox 281 2872 384 2935; x_wconf 90' lang='lat' dir='ltr'><strong>paene</strong></span> <span class='ocrx_word' id='word_1_175' title='bbox 405 2872 501 2935; x_wconf 88' lang='lat' dir='ltr'><strong>quam</strong></span> <span class='ocrx_word' id='word_1_176' title='bbox 523 2852 564 2913; x_wconf 91' lang='lat' dir='ltr'><strong>de</strong></span> <span class='ocrx_word' id='word_1_177' title='bbox 585 2872 619 2913; x_wconf 89' lang='lat' dir='ltr'><strong>re</strong></span> <span class='ocrx_word' id='word_1_178' title='bbox 639 2871 760 2934; x_wconf 89' lang='lat' dir='ltr'><strong>reoque</strong></span> <span class='ocrx_word' id='word_1_179' title='bbox 782 2850 939 2914; x_wconf 79' lang='lat' dir='ltr'><strong>dixerunt.</strong></span> <span class='ocrx_word' id='word_1_180' title='bbox 983 2853 1022 2914; x_wconf 92' lang='lat' dir='ltr'><strong>ll.</strong></span> <span class='ocrx_word' id='word_1_181' title='bbox 1044 2848 1074 2912; x_wconf 79' lang='lat' dir='ltr'><strong>l.</strong></span> <span class='ocrx_word' id='word_1_182' title='bbox 1091 2851 1310 2936; x_wconf 80' lang='lat' dir='ltr'><strong>Quamquam,</strong></span> <span class='ocrx_word' id='word_1_183' title='bbox 1332 2852 1466 2927; x_wconf 89' lang='lat' dir='ltr'><strong>iudices,</strong></span> <span class='ocrx_word' id='word_1_184' title='bbox 1486 2852 1607 2937; x_wconf 91' lang='lat' dir='ltr'><strong>siquid</strong></span> 
     </span>
     <span class='ocr_line' id='line_1_19' title="bbox 282 2944 1606 3030; baseline 0.001 -21"><span class='ocrx_word' id='word_1_185' title='bbox 282 2956 331 3010; x_wconf 90' lang='lat' dir='ltr'><strong>est</strong></span> <span class='ocrx_word' id='word_1_186' title='bbox 358 2948 393 3009; x_wconf 92' lang='lat' dir='ltr'><strong>in</strong></span> <span class='ocrx_word' id='word_1_187' title='bbox 421 2966 471 3009; x_wconf 92' lang='lat' dir='ltr'><strong>me</strong></span> <span class='ocrx_word' id='word_1_188' title='bbox 498 2946 568 3030; x_wconf 91' lang='lat' dir='ltr'><strong>ipso</strong></span> <span class='ocrx_word' id='word_1_189' title='bbox 595 2948 639 3009; x_wconf 83' lang='lat' dir='ltr'><strong>ite</strong></span> <span class='ocrx_word' id='word_1_190' title='bbox 661 2944 898 3028; x_wconf 88' lang='lat' dir='ltr'><strong>reprehensum,</strong></span> <span class='ocrx_word' id='word_1_191' title='bbox 928 2954 963 3009; x_wconf 94' lang='lat' dir='ltr'><strong>ut</strong></span> <span class='ocrx_word' id='word_1_192' title='bbox 984 2944 1018 3007; x_wconf 90' lang='lat' dir='ltr'><strong>id</strong></span> <span class='ocrx_word' id='word_1_193' title='bbox 1040 2946 1161 3009; x_wconf 85' lang='lat' dir='ltr'><strong>abhoc</strong></span> <span class='ocrx_word' id='word_1_194' title='bbox 1185 2946 1362 3009; x_wconf 89' lang='lat' dir='ltr'><strong>seiunctum</strong></span> <span class='ocrx_word' id='word_1_195' title='bbox 1384 2947 1441 3021; x_wconf 93' lang='lat' dir='ltr'><strong>sit,</strong></span> <span class='ocrx_word' id='word_1_196' title='bbox 1469 2967 1533 3010; x_wconf 91' lang='lat' dir='ltr'><strong>non</strong></span> <span class='ocrx_word' id='word_1_197' title='bbox 1554 2967 1606 3010; x_wconf 92' lang='lat' dir='ltr'><strong>me</strong></span> 
     </span>
     <span class='ocr_line' id='line_1_20' title="bbox 282 3039 1608 3123; baseline 0 -20"><span class='ocrx_word' id='word_1_198' title='bbox 282 3042 315 3103; x_wconf 89' lang='lat' dir='ltr'><strong>id</strong></span> <span class='ocrx_word' id='word_1_199' title='bbox 338 3060 452 3123; x_wconf 74' lang='lat' dir='ltr'><strong>magno</strong></span> <span class='ocrx_word' id='word_1_200' title='bbox 473 3060 570 3122; x_wconf 89' lang='lat' dir='ltr'><strong>opere</strong></span> <span class='ocrx_word' id='word_1_201' title='bbox 592 3039 774 3116; x_wconf 70' lang='lat' dir='ltr'><strong>conturbats;</strong></span> <span class='ocrx_word' id='word_1_202' title='bbox 803 3060 866 3102; x_wconf 93' lang='lat' dir='ltr'><strong>non</strong></span> <span class='ocrx_word' id='word_1_203' title='bbox 890 3040 972 3102; x_wconf 93' lang='lat' dir='ltr'><strong>enim</strong></span> <span class='ocrx_word' id='word_1_204' title='bbox 995 3040 1093 3104; x_wconf 89' lang='lat' dir='ltr'><strong>timeo</strong></span> <span class='ocrx_word' id='word_1_205' title='bbox 1114 3060 1170 3115; x_wconf 91' lang='lat' dir='ltr'><strong>ne,</strong></span> <span class='ocrx_word' id='word_1_206' title='bbox 1202 3040 1277 3123; x_wconf 90' lang='lat' dir='ltr'><strong>quia</strong></span> <span class='ocrx_word' id='word_1_207' title='bbox 1297 3060 1425 3123; x_wconf 89' lang='lat' dir='ltr'><strong>perraro</strong></span> <span class='ocrx_word' id='word_1_208' title='bbox 1447 3040 1528 3123; x_wconf 69' lang='lat' dir='ltr'><strong>grati</strong></span> <span class='ocrx_word' id='word_1_209' title='bbox 1548 3040 1608 3104; x_wconf 83' lang='lat' dir='ltr'><strong>lao-</strong></span> 
     </span>
     <span class='ocr_line' id='line_1_21' title="bbox 281 3132 1645 3218; baseline 0 -21"><span class='ocrx_word' id='word_1_210' title='bbox 281 3136 381 3197; x_wconf 89' lang='lat' dir='ltr'><strong>mines</strong></span> <span class='ocrx_word' id='word_1_211' title='bbox 402 3133 616 3218; x_wconf 83' lang='lat' dir='ltr'><strong>reperiantur,</strong></span> <span class='ocrx_word' id='word_1_212' title='bbox 646 3132 780 3206; x_wconf 89' lang='lat' dir='ltr'><strong>idcirco,</strong></span> <span class='ocrx_word' id='word_1_213' title='bbox 807 3154 879 3195; x_wconf 88' lang='lat' dir='ltr'><strong>cum</strong></span> <span class='ocrx_word' id='word_1_214' title='bbox 902 3154 952 3195; x_wconf 92' lang='lat' dir='ltr'><strong>me</strong></span> <span class='ocrx_word' id='word_1_215' title='bbox 973 3133 1106 3196; x_wconf 93' lang='lat' dir='ltr'><strong>nimium</strong></span> <span class='ocrx_word' id='word_1_216' title='bbox 1129 3140 1250 3216; x_wconf 77' lang='lat' dir='ltr'><strong>gratum</strong></span> <span class='ocrx_word' id='word_1_217' title='bbox 1272 3133 1319 3195; x_wconf 91' lang='lat' dir='ltr'><strong>illi</strong></span> <span class='ocrx_word' id='word_1_218' title='bbox 1341 3153 1413 3197; x_wconf 88' lang='lat' dir='ltr'><strong>esse</strong></span> <span class='ocrx_word' id='word_1_219' title='bbox 1434 3133 1553 3208; x_wconf 87' lang='lat' dir='ltr'><strong>dicant,</strong></span> <span class='ocrx_word' id='word_1_220' title='bbox 1574 3134 1645 3197; x_wconf 83' lang='lat' dir='ltr'><strong>idas</strong></span> 
     </span>
     <span class='ocr_line' id='line_1_22' title="bbox 281 3226 1608 3309; baseline 0 -18"><span class='ocrx_word' id='word_1_221' title='bbox 281 3226 360 3292; x_wconf 85' lang='lat' dir='ltr'><strong>milri</strong></span> <span class='ocrx_word' id='word_1_222' title='bbox 383 3228 587 3290; x_wconf 88' lang='lat' dir='ltr'><strong>criminosum</strong></span> <span class='ocrx_word' id='word_1_223' title='bbox 609 3247 678 3289; x_wconf 90' lang='lat' dir='ltr'><strong>esse</strong></span> <span class='ocrx_word' id='word_1_224' title='bbox 701 3226 812 3308; x_wconf 87' lang='lat' dir='ltr'><strong>possit.</strong></span> <span class='ocrx_word' id='word_1_225' title='bbox 845 3226 935 3301; x_wconf 88' lang='lat' dir='ltr'><strong>Quae</strong></span> <span class='ocrx_word' id='word_1_226' title='bbox 958 3246 1034 3289; x_wconf 81' lang='lat' dir='ltr'><strong>vero</strong></span> <span class='ocrx_word' id='word_1_227' title='bbox 1054 3227 1099 3289; x_wconf 91' lang='lat' dir='ltr'><strong>ita</strong></span> <span class='ocrx_word' id='word_1_228' title='bbox 1120 3235 1196 3290; x_wconf 89' lang='lat' dir='ltr'><strong>sunt</strong></span> <span class='ocrx_word' id='word_1_229' title='bbox 1216 3228 1332 3309; x_wconf 72' lang='lat' dir='ltr'><strong>agitata</strong></span> <span class='ocrx_word' id='word_1_230' title='bbox 1352 3228 1393 3289; x_wconf 90' lang='lat' dir='ltr'><strong>ab</strong></span> <span class='ocrx_word' id='word_1_231' title='bbox 1407 3227 1481 3301; x_wconf 91' lang='lat' dir='ltr'><strong>illis,</strong></span> <span class='ocrx_word' id='word_1_232' title='bbox 1501 3236 1538 3291; x_wconf 91' lang='lat' dir='ltr'><strong>ut</strong></span> <span class='ocrx_word' id='word_1_233' title='bbox 1551 3236 1608 3291; x_wconf 87' lang='lat' dir='ltr'><strong>aut</strong></span> 
     </span>
     <span class='ocr_line' id='line_1_23' title="bbox 283 3320 1607 3404; baseline 0.001 -21"><span class='ocrx_word' id='word_1_234' title='bbox 283 3323 391 3385; x_wconf 88' lang='lat' dir='ltr'><strong>merita</strong></span> <span class='ocrx_word' id='word_1_235' title='bbox 415 3322 470 3384; x_wconf 87' lang='lat' dir='ltr'><strong>Cn.</strong></span> <span class='ocrx_word' id='word_1_236' title='bbox 486 3321 603 3385; x_wconf 91' lang='lat' dir='ltr'><strong>Plancii</strong></span> <span class='ocrx_word' id='word_1_237' title='bbox 625 3341 707 3403; x_wconf 75' lang='lat' dir='ltr'><strong>erga</strong></span> <span class='ocrx_word' id='word_1_238' title='bbox 721 3342 770 3383; x_wconf 89' lang='lat' dir='ltr'><strong>mc</strong></span> <span class='ocrx_word' id='word_1_239' title='bbox 793 3321 913 3383; x_wconf 91' lang='lat' dir='ltr'><strong>minora</strong></span> <span class='ocrx_word' id='word_1_240' title='bbox 935 3340 1005 3383; x_wconf 87' lang='lat' dir='ltr'><strong>esse</strong></span> <span class='ocrx_word' id='word_1_241' title='bbox 1027 3320 1185 3394; x_wconf 90' lang='lat' dir='ltr'><strong>dicerent,</strong></span> <span class='ocrx_word' id='word_1_242' title='bbox 1208 3339 1303 3403; x_wconf 84' lang='lat' dir='ltr'><strong>quam</strong></span> <span class='ocrx_word' id='word_1_243' title='bbox 1324 3340 1344 3382; x_wconf 92' lang='lat' dir='ltr'><strong>a</strong></span> <span class='ocrx_word' id='word_1_244' title='bbox 1365 3321 1501 3403; x_wconf 92' lang='lat' dir='ltr'><strong>meipso</strong></span> <span class='ocrx_word' id='word_1_245' title='bbox 1516 3340 1607 3404; x_wconf 86' lang='lat' dir='ltr'><strong>prae·</strong></span> 
     </span>
     <span class='ocr_line' id='line_1_24' title="bbox 283 3414 1608 3498; baseline 0.001 -21"><span class='ocrx_word' id='word_1_246' title='bbox 283 3416 476 3488; x_wconf 82' lang='lat' dir='ltr'><strong>dicaremus,</strong></span> <span class='ocrx_word' id='word_1_247' title='bbox 498 3423 566 3487; x_wconf 86' lang='lat' dir='ltr'><strong>aut,</strong></span> <span class='ocrx_word' id='word_1_248' title='bbox 590 3417 616 3478; x_wconf 90' lang='lat' dir='ltr'><strong>si</strong></span> <span class='ocrx_word' id='word_1_249' title='bbox 639 3423 745 3478; x_wconf 90' lang='lat' dir='ltr'><strong>essent</strong></span> <span class='ocrx_word' id='word_1_250' title='bbox 765 3434 903 3487; x_wconf 88' lang='lat' dir='ltr'><strong>summa,</strong></span> <span class='ocrx_word' id='word_1_251' title='bbox 926 3420 1079 3496; x_wconf 76' lang='lat' dir='ltr'><strong>negarent</strong></span> <span class='ocrx_word' id='word_1_252' title='bbox 1099 3432 1136 3475; x_wconf 91' lang='lat' dir='ltr'><strong>ea</strong></span> <span class='ocrx_word' id='word_1_253' title='bbox 1158 3420 1264 3477; x_wconf 89' lang='lat' dir='ltr'><strong>tamen</strong></span> <span class='ocrx_word' id='word_1_254' title='bbox 1285 3414 1329 3477; x_wconf 84' lang='lat' dir='ltr'><strong>ita</strong></span> <span class='ocrx_word' id='word_1_255' title='bbox 1350 3415 1477 3497; x_wconf 72' lang='lat' dir='ltr'><strong>magni,</strong></span> <span class='ocrx_word' id='word_1_256' title='bbox 1498 3424 1534 3478; x_wconf 91' lang='lat' dir='ltr'><strong>ut</strong></span> <span class='ocrx_word' id='word_1_257' title='bbox 1549 3435 1608 3498; x_wconf 73' lang='lat' dir='ltr'><strong>eqo</strong></span> 
     </span>
     <span class='ocr_line' id='line_1_25' title="bbox 282 3506 1608 3591; baseline 0 -20"><span class='ocrx_word' id='word_1_258' title='bbox 282 3516 440 3590; x_wconf 90' lang='lat' dir='ltr'><strong>putarem,</strong></span> <span class='ocrx_word' id='word_1_259' title='bbox 463 3507 611 3591; x_wconf 88' lang='lat' dir='ltr'><strong>ponderis</strong></span> <span class='ocrx_word' id='word_1_260' title='bbox 633 3509 718 3590; x_wconf 94' lang='lat' dir='ltr'><strong>apud</strong></span> <span class='ocrx_word' id='word_1_261' title='bbox 740 3528 797 3570; x_wconf 82' lang='lat' dir='ltr'><strong>ros</strong></span> <span class='ocrx_word' id='word_1_262' title='bbox 820 3527 890 3570; x_wconf 90' lang='lat' dir='ltr'><strong>esse</strong></span> <span class='ocrx_word' id='word_1_263' title='bbox 912 3507 1044 3580; x_wconf 86' lang='lat' dir='ltr'><strong>debere,</strong></span> <span class='ocrx_word' id='word_1_264' title='bbox 1071 3506 1151 3569; x_wconf 88' lang='lat' dir='ltr'><strong>haec</strong></span> <span class='ocrx_word' id='word_1_265' title='bbox 1173 3507 1250 3569; x_wconf 88' lang='lat' dir='ltr'><strong>milri</strong></span> <span class='ocrx_word' id='word_1_266' title='bbox 1272 3515 1346 3570; x_wconf 93' lang='lat' dir='ltr'><strong>sunt</strong></span> <span class='ocrx_word' id='word_1_267' title='bbox 1365 3510 1537 3582; x_wconf 68' lang='lat' dir='ltr'><strong>tractam,</strong></span> <span class='ocrx_word' id='word_1_268' title='bbox 1559 3511 1608 3573; x_wconf 91' lang='lat' dir='ltr'><strong>iu·</strong></span> 
     </span>
     <span class='ocr_line' id='line_1_26' title="bbox 283 3599 1645 3686; baseline 0.001 -22"><span class='ocrx_word' id='word_1_269' title='bbox 283 3602 383 3675; x_wconf 88' lang='lat' dir='ltr'><strong>dices,</strong></span> <span class='ocrx_word' id='word_1_270' title='bbox 406 3610 438 3664; x_wconf 94' lang='lat' dir='ltr'><strong>et</strong></span> <span class='ocrx_word' id='word_1_271' title='bbox 459 3600 599 3675; x_wconf 88' lang='lat' dir='ltr'><strong>modice,</strong></span> <span class='ocrx_word' id='word_1_272' title='bbox 619 3622 660 3664; x_wconf 92' lang='lat' dir='ltr'><strong>no</strong></span> <span class='ocrx_word' id='word_1_273' title='bbox 682 3602 759 3686; x_wconf 92' lang='lat' dir='ltr'><strong>quid</strong></span> <span class='ocrx_word' id='word_1_274' title='bbox 780 3602 849 3684; x_wconf 89' lang='lat' dir='ltr'><strong>ipse</strong></span> <span class='ocrx_word' id='word_1_275' title='bbox 870 3601 1045 3675; x_wconf 77' lang='lat' dir='ltr'><strong>offendam,</strong></span> <span class='ocrx_word' id='word_1_276' title='bbox 1067 3606 1100 3663; x_wconf 93' lang='lat' dir='ltr'><strong>et</strong></span> <span class='ocrx_word' id='word_1_277' title='bbox 1121 3609 1187 3663; x_wconf 91' lang='lat' dir='ltr'><strong>tum</strong></span> <span class='ocrx_word' id='word_1_278' title='bbox 1209 3599 1359 3686; x_wconf 88' lang='lat' dir='ltr'><strong>denique,</strong></span> <span class='ocrx_word' id='word_1_279' title='bbox 1382 3621 1453 3664; x_wconf 88' lang='lat' dir='ltr'><strong>cum</strong></span> <span class='ocrx_word' id='word_1_280' title='bbox 1475 3620 1645 3686; x_wconf 82' lang='lat' dir='ltr'><strong>respon-ss</strong></span> 
     </span>
     <span class='ocr_line' id='line_1_27' title="bbox 284 3694 1605 3778; baseline 0.002 -20"><span class='ocrx_word' id='word_1_281' title='bbox 284 3696 359 3759; x_wconf 89' lang='lat' dir='ltr'><strong>dero</strong></span> <span class='ocrx_word' id='word_1_282' title='bbox 388 3694 591 3768; x_wconf 79' lang='lat' dir='ltr'><strong>criminibus,</strong></span> <span class='ocrx_word' id='word_1_283' title='bbox 622 3716 661 3758; x_wconf 87' lang='lat' dir='ltr'><strong>no</strong></span> <span class='ocrx_word' id='word_1_284' title='bbox 690 3715 754 3757; x_wconf 92' lang='lat' dir='ltr'><strong>non</strong></span> <span class='ocrx_word' id='word_1_285' title='bbox 786 3705 847 3758; x_wconf 85' lang='lat' dir='ltr'><strong>tam</strong></span> <span class='ocrx_word' id='word_1_286' title='bbox 877 3696 1058 3759; x_wconf 89' lang='lat' dir='ltr'><strong>innocentia</strong></span> <span class='ocrx_word' id='word_1_287' title='bbox 1088 3715 1161 3758; x_wconf 92' lang='lat' dir='ltr'><strong>reus</strong></span> <span class='ocrx_word' id='word_1_288' title='bbox 1189 3715 1246 3758; x_wconf 90' lang='lat' dir='ltr'><strong>sua</strong></span> <span class='ocrx_word' id='word_1_289' title='bbox 1268 3715 1364 3778; x_wconf 90' lang='lat' dir='ltr'><strong>quam</strong></span> <span class='ocrx_word' id='word_1_290' title='bbox 1386 3696 1605 3761; x_wconf 89' lang='lat' dir='ltr'><strong>recordatione</strong></span> 
     </span>
     <span class='ocr_line' id='line_1_28' title="bbox 283 3784 1061 3872; baseline -0.003 -19"><span class='ocrx_word' id='word_1_291' title='bbox 283 3811 422 3853; x_wconf 85' lang='lat' dir='ltr'><strong>meorum</strong></span> <span class='ocrx_word' id='word_1_292' title='bbox 445 3798 621 3872; x_wconf 90' lang='lat' dir='ltr'><strong>temporum</strong></span> <span class='ocrx_word' id='word_1_293' title='bbox 645 3789 796 3852; x_wconf 83' lang='lat' dir='ltr'><strong>defensus</strong></span> <span class='ocrx_word' id='word_1_294' title='bbox 817 3784 894 3854; x_wconf 88' lang='lat' dir='ltr'><strong>esse‘</strong></span> <span class='ocrx_word' id='word_1_295' title='bbox 909 3790 1061 3853; x_wconf 86' lang='lat' dir='ltr'><strong>videatur.</strong></span> 
     </span>
    </p>

    <p class='ocr_par' dir='ltr' id='par_1_4' title="bbox 283 3880 1644 4997">
     <span class='ocr_line' id='line_1_29' title="bbox 366 3880 1607 3965; baseline 0.002 -19"><span class='ocrx_word' id='word_1_296' title='bbox 366 3882 396 3945; x_wconf 82' lang='lat'><strong>5.</strong></span> <span class='ocrx_word' id='word_1_297' title='bbox 418 3884 481 3946; x_wconf 87' lang='lat' dir='ltr'><strong>Sed</strong></span> <span class='ocrx_word' id='word_1_298' title='bbox 503 3881 581 3946; x_wconf 85' lang='lat' dir='ltr'><strong>mihi</strong></span> <span class='ocrx_word' id='word_1_299' title='bbox 603 3885 636 3946; x_wconf 93' lang='lat' dir='ltr'><strong>in</strong></span> <span class='ocrx_word' id='word_1_300' title='bbox 658 3903 752 3946; x_wconf 87' lang='lat' dir='ltr'><strong>causa</strong></span> <span class='ocrx_word' id='word_1_301' title='bbox 773 3883 857 3946; x_wconf 80' lang='lat' dir='ltr'><strong>facili</strong></span> <span class='ocrx_word' id='word_1_302' title='bbox 879 3891 974 3964; x_wconf 89' lang='lat' dir='ltr'><strong>atque</strong></span> <span class='ocrx_word' id='word_1_303' title='bbox 998 3882 1156 3965; x_wconf 82' lang='lat' dir='ltr'><strong>explicata</strong></span> <span class='ocrx_word' id='word_1_304' title='bbox 1176 3880 1389 3965; x_wconf 85' lang='lat' dir='ltr'><strong>perdifficilis,</strong></span> <span class='ocrx_word' id='word_1_305' title='bbox 1415 3883 1553 3958; x_wconf 87' lang='lat' dir='ltr'><strong>iudices,</strong></span> <span class='ocrx_word' id='word_1_306' title='bbox 1575 3894 1607 3948; x_wconf 87' lang='lat' dir='ltr'><strong>et</strong></span> 
     </span>
     <span class='ocr_line' id='line_1_30' title="bbox 283 3975 1607 4059; baseline -0.001 -17"><span class='ocrx_word' id='word_1_307' title='bbox 283 3979 402 4042; x_wconf 80' lang='lat' dir='ltr'><strong>lubrica</strong></span> <span class='ocrx_word' id='word_1_308' title='bbox 424 3976 619 4039; x_wconf 82' lang='lat' dir='ltr'><strong>detensionis</strong></span> <span class='ocrx_word' id='word_1_309' title='bbox 641 3978 721 4039; x_wconf 92' lang='lat' dir='ltr'><strong>ratio</strong></span> <span class='ocrx_word' id='word_1_310' title='bbox 742 3977 940 4059; x_wconf 89' lang='lat' dir='ltr'><strong>proponitur.</strong></span> <span class='ocrx_word' id='word_1_311' title='bbox 975 3977 1053 4038; x_wconf 85' lang='lat' dir='ltr'><strong>llam</strong></span> <span class='ocrx_word' id='word_1_312' title='bbox 1076 3977 1101 4038; x_wconf 92' lang='lat' dir='ltr'><strong>si</strong></span> <span class='ocrx_word' id='word_1_313' title='bbox 1124 3984 1244 4039; x_wconf 88' lang='lat' dir='ltr'><strong>tantum</strong></span> <span class='ocrx_word' id='word_1_314' title='bbox 1261 3976 1357 4039; x_wconf 92' lang='lat' dir='ltr'><strong>modo</strong></span> <span class='ocrx_word' id='word_1_315' title='bbox 1379 3975 1456 4039; x_wconf 83' lang='lat' dir='ltr'><strong>milri</strong></span> <span class='ocrx_word' id='word_1_316' title='bbox 1477 3996 1607 4041; x_wconf 89' lang='lat' dir='ltr'><strong>necesse</strong></span> 
     </span>
     <span class='ocr_line' id='line_1_31' title="bbox 284 4068 1644 4151; baseline -0.001 -16"><span class='ocrx_word' id='word_1_317' title='bbox 284 4080 368 4135; x_wconf 88' lang='lat' dir='ltr'><strong>esset</strong></span> <span class='ocrx_word' id='word_1_318' title='bbox 388 4078 498 4134; x_wconf 90' lang='lat' dir='ltr'><strong>contra</strong></span> <span class='ocrx_word' id='word_1_319' title='bbox 519 4072 720 4133; x_wconf 75' lang='lat' dir='ltr'><strong>laterensem</strong></span> <span class='ocrx_word' id='word_1_320' title='bbox 744 4069 865 4143; x_wconf 89' lang='lat' dir='ltr'><strong>dicore,</strong></span> <span class='ocrx_word' id='word_1_321' title='bbox 888 4079 993 4133; x_wconf 88' lang='lat' dir='ltr'><strong>tamen</strong></span> <span class='ocrx_word' id='word_1_322' title='bbox 1016 4069 1048 4131; x_wconf 92' lang='lat' dir='ltr'><strong>id</strong></span> <span class='ocrx_word' id='word_1_323' title='bbox 1071 4071 1173 4151; x_wconf 87' lang='lat' dir='ltr'><strong>ipsum</strong></span> <span class='ocrx_word' id='word_1_324' title='bbox 1195 4076 1280 4132; x_wconf 92' lang='lat' dir='ltr'><strong>essct</strong></span> <span class='ocrx_word' id='word_1_325' title='bbox 1301 4068 1333 4131; x_wconf 92' lang='lat' dir='ltr'><strong>iu</strong></span> <span class='ocrx_word' id='word_1_326' title='bbox 1356 4076 1445 4132; x_wconf 86' lang='lat' dir='ltr'><strong>tanto</strong></span> <span class='ocrx_word' id='word_1_327' title='bbox 1466 4092 1526 4135; x_wconf 95' lang='lat' dir='ltr'><strong>usu</strong></span> <span class='ocrx_word' id='word_1_328' title='bbox 1549 4085 1644 4134; x_wconf 68' lang='lat' dir='ltr'><strong>noso</strong></span> 
     </span>
     <span class='ocr_line' id='line_1_32' title="bbox 284 4161 1607 4248; baseline -0.001 -19"><span class='ocrx_word' id='word_1_329' title='bbox 284 4176 349 4229; x_wconf 85' lang='lat' dir='ltr'><strong>stro</strong></span> <span class='ocrx_word' id='word_1_330' title='bbox 371 4172 522 4246; x_wconf 89' lang='lat' dir='ltr'><strong>tantaque</strong></span> <span class='ocrx_word' id='word_1_331' title='bbox 544 4165 680 4226; x_wconf 85' lang='lat' dir='ltr'><strong>amicitia</strong></span> <span class='ocrx_word' id='word_1_332' title='bbox 701 4162 888 4236; x_wconf 71' lang='lat' dir='ltr'><strong>molestum</strong></span> <span class='ocrx_word' id='word_1_333' title='bbox 909 4173 1001 4226; x_wconf 88' lang='lat' dir='ltr'><strong>vetus</strong></span> <span class='ocrx_word' id='word_1_334' title='bbox 1023 4168 1071 4224; x_wconf 85' lang='lat' dir='ltr'><strong>est</strong></span> <span class='ocrx_word' id='word_1_335' title='bbox 1093 4162 1178 4224; x_wconf 90' lang='lat' dir='ltr'><strong>enim</strong></span> <span class='ocrx_word' id='word_1_336' title='bbox 1200 4162 1252 4225; x_wconf 87' lang='lat' dir='ltr'><strong>lex</strong></span> <span class='ocrx_word' id='word_1_337' title='bbox 1266 4161 1321 4224; x_wconf 92' lang='lat' dir='ltr'><strong>illa</strong></span> <span class='ocrx_word' id='word_1_338' title='bbox 1336 4162 1436 4226; x_wconf 87' lang='lat' dir='ltr'><strong>iustae</strong></span> <span class='ocrx_word' id='word_1_339' title='bbox 1450 4184 1607 4248; x_wconf 83' lang='lat' dir='ltr'><strong>veraeque</strong></span> 
     </span>
     <span class='ocr_line' id='line_1_33' title="bbox 283 4255 1607 4341; baseline 0 -20"><span class='ocrx_word' id='word_1_340' title='bbox 283 4258 456 4331; x_wconf 90' lang='lat' dir='ltr'><strong>amicitiae,</strong></span> <span class='ocrx_word' id='word_1_341' title='bbox 479 4276 561 4341; x_wconf 89' lang='lat' dir='ltr'><strong>quae</strong></span> <span class='ocrx_word' id='word_1_342' title='bbox 583 4257 661 4319; x_wconf 85' lang='lat' dir='ltr'><strong>milri</strong></span> <span class='ocrx_word' id='word_1_343' title='bbox 684 4276 755 4320; x_wconf 92' lang='lat' dir='ltr'><strong>cum</strong></span> <span class='ocrx_word' id='word_1_344' title='bbox 777 4256 835 4318; x_wconf 91' lang='lat' dir='ltr'><strong>illo</strong></span> <span class='ocrx_word' id='word_1_345' title='bbox 856 4258 918 4319; x_wconf 85' lang='lat' dir='ltr'><strong>iam</strong></span> <span class='ocrx_word' id='word_1_346' title='bbox 942 4256 996 4318; x_wconf 91' lang='lat' dir='ltr'><strong>diu</strong></span> <span class='ocrx_word' id='word_1_347' title='bbox 1019 4263 1077 4329; x_wconf 89' lang='lat' dir='ltr'><strong>est,</strong></span> <span class='ocrx_word' id='word_1_348' title='bbox 1100 4263 1137 4317; x_wconf 93' lang='lat' dir='ltr'><strong>ut</strong></span> <span class='ocrx_word' id='word_1_349' title='bbox 1151 4255 1234 4318; x_wconf 90' lang='lat' dir='ltr'><strong>idem</strong></span> <span class='ocrx_word' id='word_1_350' title='bbox 1248 4255 1342 4318; x_wconf 84' lang='lat' dir='ltr'><strong>amici</strong></span> <span class='ocrx_word' id='word_1_351' title='bbox 1359 4277 1485 4339; x_wconf 91' lang='lat' dir='ltr'><strong>semper</strong></span> <span class='ocrx_word' id='word_1_352' title='bbox 1498 4259 1607 4334; x_wconf 82' lang='lat' dir='ltr'><strong>velint,</strong></span> 
     </span>
     <span class='ocr_line' id='line_1_34' title="bbox 284 4349 1607 4436; baseline 0 -21"><span class='ocrx_word' id='word_1_353' title='bbox 284 4370 389 4436; x_wconf 89' lang='lat' dir='ltr'><strong>neque</strong></span> <span class='ocrx_word' id='word_1_354' title='bbox 412 4358 460 4413; x_wconf 90' lang='lat' dir='ltr'><strong>est</strong></span> <span class='ocrx_word' id='word_1_355' title='bbox 481 4350 580 4413; x_wconf 94' lang='lat' dir='ltr'><strong>ullum</strong></span> <span class='ocrx_word' id='word_1_356' title='bbox 603 4350 760 4413; x_wconf 90' lang='lat' dir='ltr'><strong>amicitiae</strong></span> <span class='ocrx_word' id='word_1_357' title='bbox 787 4351 903 4413; x_wconf 89' lang='lat' dir='ltr'><strong>certius</strong></span> <span class='ocrx_word' id='word_1_358' title='bbox 925 4349 1087 4413; x_wconf 85' lang='lat' dir='ltr'><strong>vinculum</strong></span> <span class='ocrx_word' id='word_1_359' title='bbox 1109 4369 1204 4434; x_wconf 93' lang='lat' dir='ltr'><strong>quam</strong></span> <span class='ocrx_word' id='word_1_360' title='bbox 1226 4369 1397 4412; x_wconf 79' lang='lat' dir='ltr'><strong>mosomus</strong></span> <span class='ocrx_word' id='word_1_361' title='bbox 1418 4359 1451 4413; x_wconf 92' lang='lat' dir='ltr'><strong>et</strong></span> <span class='ocrx_word' id='word_1_362' title='bbox 1471 4351 1607 4415; x_wconf 87' lang='lat' dir='ltr'><strong>societas</strong></span> 
     </span>
     <span class='ocr_line' id='line_1_35' title="bbox 283 4442 1608 4509; baseline 0.001 -1"><span class='ocrx_word' id='word_1_363' title='bbox 283 4445 487 4508; x_wconf 87' lang='lat' dir='ltr'><strong>consiliorum</strong></span> <span class='ocrx_word' id='word_1_364' title='bbox 510 4453 543 4507; x_wconf 91' lang='lat' dir='ltr'><strong>et</strong></span> <span class='ocrx_word' id='word_1_365' title='bbox 563 4445 775 4507; x_wconf 83' lang='lat' dir='ltr'><strong>voluntatum:</strong></span> <span class='ocrx_word' id='word_1_366' title='bbox 798 4443 873 4506; x_wconf 86' lang='lat' dir='ltr'><strong>mihi</strong></span> <span class='ocrx_word' id='word_1_367' title='bbox 894 4450 1001 4506; x_wconf 88' lang='lat' dir='ltr'><strong>autem</strong></span> <span class='ocrx_word' id='word_1_368' title='bbox 1023 4462 1087 4506; x_wconf 91' lang='lat' dir='ltr'><strong>non</strong></span> <span class='ocrx_word' id='word_1_369' title='bbox 1110 4443 1141 4506; x_wconf 92' lang='lat' dir='ltr'><strong>id</strong></span> <span class='ocrx_word' id='word_1_370' title='bbox 1165 4449 1214 4506; x_wconf 88' lang='lat' dir='ltr'><strong>est</strong></span> <span class='ocrx_word' id='word_1_371' title='bbox 1233 4443 1267 4505; x_wconf 89' lang='lat' dir='ltr'><strong>in</strong></span> <span class='ocrx_word' id='word_1_372' title='bbox 1288 4442 1348 4506; x_wconf 87' lang='lat' dir='ltr'><strong>hac</strong></span> <span class='ocrx_word' id='word_1_373' title='bbox 1368 4463 1403 4505; x_wconf 93' lang='lat' dir='ltr'><strong>re</strong></span> <span class='ocrx_word' id='word_1_374' title='bbox 1421 4444 1608 4509; x_wconf 91' lang='lat' dir='ltr'><strong>molestissi-</strong></span> 
     </span>
     <span class='ocr_line' id='line_1_36' title="bbox 285 4537 1644 4621; baseline -0.001 -18"><span class='ocrx_word' id='word_1_375' title='bbox 285 4561 386 4614; x_wconf 90' lang='lat' dir='ltr'><strong>mum,</strong></span> <span class='ocrx_word' id='word_1_376' title='bbox 418 4548 528 4602; x_wconf 85' lang='lat' dir='ltr'><strong>contm</strong></span> <span class='ocrx_word' id='word_1_377' title='bbox 556 4538 647 4601; x_wconf 90' lang='lat' dir='ltr'><strong>illum</strong></span> <span class='ocrx_word' id='word_1_378' title='bbox 678 4538 798 4612; x_wconf 91' lang='lat' dir='ltr'><strong>dicere,</strong></span> <span class='ocrx_word' id='word_1_379' title='bbox 828 4537 883 4599; x_wconf 90' lang='lat' dir='ltr'><strong>sed</strong></span> <span class='ocrx_word' id='word_1_380' title='bbox 914 4537 1013 4600; x_wconf 93' lang='lat' dir='ltr'><strong>multo</strong></span> <span class='ocrx_word' id='word_1_381' title='bbox 1043 4537 1121 4600; x_wconf 92' lang='lat' dir='ltr'><strong>illud</strong></span> <span class='ocrx_word' id='word_1_382' title='bbox 1145 4538 1261 4620; x_wconf 76' lang='lat' dir='ltr'><strong>magis,</strong></span> <span class='ocrx_word' id='word_1_383' title='bbox 1288 4537 1374 4621; x_wconf 92' lang='lat' dir='ltr'><strong>quod</strong></span> <span class='ocrx_word' id='word_1_384' title='bbox 1398 4538 1431 4601; x_wconf 93' lang='lat' dir='ltr'><strong>in</strong></span> <span class='ocrx_word' id='word_1_385' title='bbox 1453 4559 1491 4601; x_wconf 88' lang='lat' dir='ltr'><strong>ea</strong></span> <span class='ocrx_word' id='word_1_386' title='bbox 1512 4557 1644 4604; x_wconf 82' lang='lat' dir='ltr'><strong>caussas</strong></span> 
     </span>
     <span class='ocr_line' id='line_1_37' title="bbox 284 4631 1608 4715; baseline 0.001 -19"><span class='ocrx_word' id='word_1_387' title='bbox 284 4644 394 4696; x_wconf 90' lang='lat' dir='ltr'><strong>contra</strong></span> <span class='ocrx_word' id='word_1_388' title='bbox 416 4631 583 4695; x_wconf 90' lang='lat' dir='ltr'><strong>dicendum</strong></span> <span class='ocrx_word' id='word_1_389' title='bbox 606 4640 673 4705; x_wconf 89' lang='lat' dir='ltr'><strong>est,</strong></span> <span class='ocrx_word' id='word_1_390' title='bbox 696 4634 727 4695; x_wconf 94' lang='lat' dir='ltr'><strong>in</strong></span> <span class='ocrx_word' id='word_1_391' title='bbox 743 4653 806 4715; x_wconf 89' lang='lat' dir='ltr'><strong>qua</strong></span> <span class='ocrx_word' id='word_1_392' title='bbox 821 4633 976 4715; x_wconf 91' lang='lat' dir='ltr'><strong>quaedam</strong></span> <span class='ocrx_word' id='word_1_393' title='bbox 991 4632 1155 4694; x_wconf 85' lang='lat' dir='ltr'><strong>hominum</strong></span> <span class='ocrx_word' id='word_1_394' title='bbox 1170 4632 1310 4715; x_wconf 86' lang='lat' dir='ltr'><strong>ipsorum</strong></span> <span class='ocrx_word' id='word_1_395' title='bbox 1325 4632 1450 4695; x_wconf 81' lang='lat' dir='ltr'><strong>videtur</strong></span> <span class='ocrx_word' id='word_1_396' title='bbox 1463 4632 1608 4697; x_wconf 81' lang='lat' dir='ltr'><strong>iacienda</strong></span> 
     </span>
     <span class='ocr_line' id='line_1_38' title="bbox 285 4724 1607 4810; baseline 0 -20"><span class='ocrx_word' id='word_1_397' title='bbox 285 4748 354 4790; x_wconf 88' lang='lat' dir='ltr'><strong>esse</strong></span> <span class='ocrx_word' id='word_1_398' title='bbox 376 4727 547 4790; x_wconf 89' lang='lat' dir='ltr'><strong>contentio.</strong></span> <span class='ocrx_word' id='word_1_399' title='bbox 584 4724 614 4787; x_wconf 81' lang='lat' dir='ltr'><strong>e.</strong></span> <span class='ocrx_word' id='word_1_400' title='bbox 631 4725 764 4801; x_wconf 87' lang='lat' dir='ltr'><strong>Quaerit</strong></span> <span class='ocrx_word' id='word_1_401' title='bbox 785 4727 869 4789; x_wconf 89' lang='lat' dir='ltr'><strong>enim</strong></span> <span class='ocrx_word' id='word_1_402' title='bbox 891 4727 1068 4789; x_wconf 88' lang='lat' dir='ltr'><strong>Laterensis</strong></span> <span class='ocrx_word' id='word_1_403' title='bbox 1089 4735 1183 4810; x_wconf 91' lang='lat' dir='ltr'><strong>atque</strong></span> <span class='ocrx_word' id='word_1_404' title='bbox 1201 4725 1262 4788; x_wconf 90' lang='lat' dir='ltr'><strong>hoc</strong></span> <span class='ocrx_word' id='word_1_405' title='bbox 1278 4745 1342 4788; x_wconf 91' lang='lat' dir='ltr'><strong>uno</strong></span> <span class='ocrx_word' id='word_1_406' title='bbox 1358 4725 1493 4789; x_wconf 79' lang='lat' dir='ltr'><strong>maxime</strong></span> <span class='ocrx_word' id='word_1_407' title='bbox 1507 4737 1607 4810; x_wconf 72' lang='lat' dir='ltr'><strong>urget,</strong></span> 
     </span>
     <span class='ocr_line' id='line_1_39' title="bbox 286 4818 1607 4904; baseline -0.001 -22"><span class='ocrx_word' id='word_1_408' title='bbox 286 4840 349 4904; x_wconf 91' lang='lat' dir='ltr'><strong>qua</strong></span> <span class='ocrx_word' id='word_1_409' title='bbox 371 4840 404 4883; x_wconf 91' lang='lat' dir='ltr'><strong>se</strong></span> <span class='ocrx_word' id='word_1_410' title='bbox 428 4822 559 4892; x_wconf 83' lang='lat' dir='ltr'><strong>virtute,</strong></span> <span class='ocrx_word' id='word_1_411' title='bbox 582 4840 644 4902; x_wconf 93' lang='lat' dir='ltr'><strong>qua</strong></span> <span class='ocrx_word' id='word_1_412' title='bbox 666 4818 760 4882; x_wconf 88' lang='lat' dir='ltr'><strong>laude</strong></span> <span class='ocrx_word' id='word_1_413' title='bbox 775 4819 935 4894; x_wconf 90' lang='lat' dir='ltr'><strong>Plancius,</strong></span> <span class='ocrx_word' id='word_1_414' title='bbox 959 4840 1022 4904; x_wconf 92' lang='lat' dir='ltr'><strong>qua</strong></span> <span class='ocrx_word' id='word_1_415' title='bbox 1037 4820 1188 4903; x_wconf 73' lang='lat' dir='ltr'><strong>dignitate</strong></span> <span class='ocrx_word' id='word_1_416' title='bbox 1203 4818 1369 4904; x_wconf 81' lang='lat' dir='ltr'><strong>superarit</strong></span> <span class='ocrx_word' id='word_1_417' title='bbox 1401 4819 1464 4892; x_wconf 90' lang='lat' dir='ltr'><strong>lta,</strong></span> <span class='ocrx_word' id='word_1_418' title='bbox 1486 4820 1513 4883; x_wconf 91' lang='lat' dir='ltr'><strong>si</strong></span> <span class='ocrx_word' id='word_1_419' title='bbox 1527 4821 1607 4883; x_wconf 90' lang='lat' dir='ltr'><strong>cedo</strong></span> 
     </span>
     <span class='ocr_line' id='line_1_40' title="bbox 285 4911 1607 4997; baseline 0.001 -22"><span class='ocrx_word' id='word_1_420' title='bbox 285 4912 370 4976; x_wconf 90' lang='lat' dir='ltr'><strong>illius</strong></span> <span class='ocrx_word' id='word_1_421' title='bbox 392 4913 596 4987; x_wconf 86' lang='lat' dir='ltr'><strong>ornamentis,</strong></span> <span class='ocrx_word' id='word_1_422' title='bbox 619 4932 702 4996; x_wconf 81' lang='lat' dir='ltr'><strong>quae</strong></span> <span class='ocrx_word' id='word_1_423' title='bbox 725 4913 823 4976; x_wconf 85' lang='lat' dir='ltr'><strong>multa</strong></span> <span class='ocrx_word' id='word_1_424' title='bbox 844 4919 877 4975; x_wconf 89' lang='lat' dir='ltr'><strong>et</strong></span> <span class='ocrx_word' id='word_1_425' title='bbox 897 4933 1011 4997; x_wconf 73' lang='lat' dir='ltr'><strong>magna</strong></span> <span class='ocrx_word' id='word_1_426' title='bbox 1031 4923 1115 4990; x_wconf 91' lang='lat' dir='ltr'><strong>sunt,</strong></span> <span class='ocrx_word' id='word_1_427' title='bbox 1136 4934 1201 4977; x_wconf 93' lang='lat' dir='ltr'><strong>non</strong></span> <span class='ocrx_word' id='word_1_428' title='bbox 1215 4915 1319 4978; x_wconf 90' lang='lat' dir='ltr'><strong>solum</strong></span> <span class='ocrx_word' id='word_1_429' title='bbox 1334 4912 1429 4977; x_wconf 87' lang='lat' dir='ltr'><strong>huius</strong></span> <span class='ocrx_word' id='word_1_430' title='bbox 1445 4911 1607 4995; x_wconf 75' lang='lat' dir='ltr'><strong>dignitatis</strong></span> 
     </span>
    </p>
   </div>
   <div class='ocr_carea' id='block_1_4' title="bbox 257 5275 1610 5942">
    <p class='ocr_par' dir='ltr' id='par_1_5' title="bbox 257 5275 1609 5497">
     <span class='ocr_line' id='line_1_41' title="bbox 350 5275 1607 5342; baseline 0.003 -17"><span class='ocrx_word' id='word_1_431' title='bbox 350 5277 373 5326; x_wconf 88' lang='grc'><strong>4.</strong></span> <span class='ocrx_word' id='word_1_432' title='bbox 392 5275 510 5326; x_wconf 59' lang='lat' dir='ltr'><strong>obtectus</strong></span> <span class='ocrx_word' id='word_1_433' title='bbox 525 5276 545 5326; x_wconf 88' lang='lat' dir='ltr'>T</span> <span class='ocrx_word' id='word_1_434' title='bbox 563 5301 589 5311; x_wconf 89' lang='lat'><em>-</em></span> <span class='ocrx_word' id='word_1_435' title='bbox 612 5277 638 5326; x_wconf 76' lang='lat'><strong>2.</strong></span> <span class='ocrx_word' id='word_1_436' title='bbox 656 5275 736 5340; x_wconf 75' lang='lat' dir='ltr'><strong>oues]</strong></span> <span class='ocrx_word' id='word_1_437' title='bbox 758 5288 798 5326; x_wconf 85' lang='lat' dir='ltr'><strong>sus</strong></span> <span class='ocrx_word' id='word_1_438' title='bbox 813 5277 833 5327; x_wconf 88' lang='lat' dir='ltr'><strong>T</strong></span> <span class='ocrx_word' id='word_1_439' title='bbox 850 5303 877 5313; x_wconf 94' lang='lat'><em>-</em></span> <span class='ocrx_word' id='word_1_440' title='bbox 902 5276 978 5328; x_wconf 80' lang='lat' dir='ltr'><strong>clatet</strong></span> <span class='ocrx_word' id='word_1_441' title='bbox 993 5278 1013 5328; x_wconf 86' lang='lat' dir='ltr'>E</span> <span class='ocrx_word' id='word_1_442' title='bbox 1034 5307 1059 5316; x_wconf 85' lang='lat'>-</span> <span class='ocrx_word' id='word_1_443' title='bbox 1085 5278 1109 5329; x_wconf 77' lang='grc'><strong>3.</strong></span> <span class='ocrx_word' id='word_1_444' title='bbox 1128 5279 1264 5342; x_wconf 79' lang='lat' dir='ltr'><strong>septusque</strong></span> <span class='ocrx_word' id='word_1_445' title='bbox 1279 5278 1300 5329; x_wconf 82' lang='lat' dir='ltr'>T</span> <span class='ocrx_word' id='word_1_446' title='bbox 1317 5304 1346 5316; x_wconf 96' lang='lat'>-</span> <span class='ocrx_word' id='word_1_447' title='bbox 1364 5279 1389 5328; x_wconf 80' lang='grc'><strong>5,</strong></span> <span class='ocrx_word' id='word_1_448' title='bbox 1408 5278 1522 5342; x_wconf 65' lang='lat' dir='ltr'><strong>nopae</strong></span> <span class='ocrx_word' id='word_1_449' title='bbox 1537 5291 1607 5330; x_wconf 85' lang='lat' dir='ltr'><strong>corr.</strong></span> 
     </span>
     <span class='ocr_line' id='line_1_42' title="bbox 286 5350 1609 5418; baseline 0.005 -20"><span class='ocrx_word' id='word_1_450' title='bbox 286 5351 344 5400; x_wconf 83' lang='lat' dir='ltr'><strong>cad.</strong></span> <span class='ocrx_word' id='word_1_451' title='bbox 364 5365 400 5402; x_wconf 88' lang='lat' dir='ltr'><strong>m.</strong></span> <span class='ocrx_word' id='word_1_452' title='bbox 420 5365 452 5402; x_wconf 85' lang='lat' dir='ltr'><strong>ex</strong></span> <span class='ocrx_word' id='word_1_453' title='bbox 469 5351 603 5414; x_wconf 79' lang='lat' dir='ltr'><strong>cicplsscT</strong></span> <span class='ocrx_word' id='word_1_454' title='bbox 624 5378 647 5386; x_wconf 91' lang='lat'>—</span> <span class='ocrx_word' id='word_1_455' title='bbox 669 5351 692 5400; x_wconf 87' lang='grc'><strong>6.</strong></span> <span class='ocrx_word' id='word_1_456' title='bbox 711 5350 816 5400; x_wconf 80' lang='lat' dir='ltr'><strong>sodis&#39;l&#39;</strong></span> <span class='ocrx_word' id='word_1_457' title='bbox 835 5377 861 5387; x_wconf 88' lang='lat'>-</span> <span class='ocrx_word' id='word_1_458' title='bbox 880 5353 905 5402; x_wconf 76' lang='lat' dir='ltr'><strong>t.</strong></span> <span class='ocrx_word' id='word_1_459' title='bbox 922 5366 1003 5414; x_wconf 80' lang='lat' dir='ltr'><strong>saque</strong></span> <span class='ocrx_word' id='word_1_460' title='bbox 1018 5368 1112 5417; x_wconf 64' lang='lat' dir='ltr'><strong>cinopo</strong></span> <span class='ocrx_word' id='word_1_461' title='bbox 1130 5357 1194 5416; x_wconf 80' lang='lat' dir='ltr'><strong>(adr.</strong></span> <span class='ocrx_word' id='word_1_462' title='bbox 1213 5355 1242 5418; x_wconf 84' lang='lat' dir='ltr'><strong>T)</strong></span> <span class='ocrx_word' id='word_1_463' title='bbox 1259 5356 1310 5404; x_wconf 81' lang='lat' dir='ltr'><strong>iud.</strong></span> <span class='ocrx_word' id='word_1_464' title='bbox 1328 5354 1390 5406; x_wconf 82' lang='lat' dir='ltr'><strong>TE:</strong></span> <span class='ocrx_word' id='word_1_465' title='bbox 1408 5353 1513 5416; x_wconf 81' lang='lat' dir='ltr'><strong>iudicas,</strong></span> <span class='ocrx_word' id='word_1_466' title='bbox 1531 5369 1609 5417; x_wconf 76' lang='lat' dir='ltr'><strong>acque</strong></span> 
     </span>
     <span class='ocr_line' id='line_1_43' title="bbox 257 5424 1607 5497; baseline 0.004 -23"><span class='ocrx_word' id='word_1_467' title='bbox 257 5486 261 5497; x_wconf 39' lang='grc' dir='ltr'>Ι</span> <span class='ocrx_word' id='word_1_468' title='bbox 285 5439 378 5490; x_wconf 75' lang='lat' dir='ltr'><strong>orropo</strong></span> <span class='ocrx_word' id='word_1_469' title='bbox 396 5427 415 5476; x_wconf 91' lang='lat'>0</span> <span class='ocrx_word' id='word_1_470' title='bbox 436 5453 462 5463; x_wconf 89' lang='lat'><em>-</em></span> <span class='ocrx_word' id='word_1_471' title='bbox 479 5425 603 5488; x_wconf 78' lang='lat' dir='ltr'><strong>plautium</strong></span> <span class='ocrx_word' id='word_1_472' title='bbox 619 5426 679 5474; x_wconf 92' lang='lat' dir='ltr'><strong>T-</strong></span> <span class='ocrx_word' id='word_1_473' title='bbox 698 5424 722 5475; x_wconf 85' lang='lat'><strong>8.</strong></span> <span class='ocrx_word' id='word_1_474' title='bbox 741 5431 896 5477; x_wconf 69' lang='lat' dir='ltr'><strong>cosmum</strong></span> <span class='ocrx_word' id='word_1_475' title='bbox 912 5428 975 5479; x_wconf 83' lang='lat' dir='ltr'><strong>PE:</strong></span> <span class='ocrx_word' id='word_1_476' title='bbox 998 5435 1186 5480; x_wconf 68' lang='lat' dir='ltr'><strong>emendarum</strong></span> <span class='ocrx_word' id='word_1_477' title='bbox 1202 5432 1223 5481; x_wconf 92' lang='lat'>0</span> <span class='ocrx_word' id='word_1_478' title='bbox 1242 5456 1268 5467; x_wconf 90' lang='lat'>—</span> <span class='ocrx_word' id='word_1_479' title='bbox 1287 5429 1607 5480; x_wconf 58' lang='lat' dir='ltr'><strong>mansuesceret</strong></span> 
     </span>
    </p>

    <p class='ocr_par' dir='ltr' id='par_1_6' title="bbox 284 5497 1610 5942">
     <span class='ocr_line' id='line_1_44' title="bbox 284 5497 1610 5564; baseline 0.004 -14"><span class='ocrx_word' id='word_1_480' title='bbox 284 5497 1021 5562; x_wconf 63' lang='lat' dir='ltr'><strong>mememora-to.nscss1(unsquc)r-ss.sco.c</strong></span> <span class='ocrx_word' id='word_1_481' title='bbox 1035 5502 1183 5554; x_wconf 67' lang='lat' dir='ltr'><strong>uoddl&#39;ll:</strong></span> <span class='ocrx_word' id='word_1_482' title='bbox 1201 5502 1492 5564; x_wconf 60' lang='lat' dir='ltr'><strong>conculcatoe·</strong></span> <span class='ocrx_word' id='word_1_483' title='bbox 1513 5504 1552 5555; x_wconf 77' lang='lat' dir='ltr'><strong>tt.</strong></span> <span class='ocrx_word' id='word_1_484' title='bbox 1570 5516 1610 5555; x_wconf 80' lang='lat' dir='ltr'><strong>aas</strong></span> 
     </span>
     <span class='ocr_line' id='line_1_45' title="bbox 286 5570 1608 5642; baseline 0.005 -18"><span class='ocrx_word' id='word_1_485' title='bbox 286 5575 413 5625; x_wconf 76' lang='lat' dir='ltr'><strong>oml&#39;-</strong></span> <span class='ocrx_word' id='word_1_486' title='bbox 433 5570 682 5639; x_wconf 71' lang='lat' dir='ltr'><strong>dcpcoan-ld.</strong></span> <span class='ocrx_word' id='word_1_487' title='bbox 700 5575 1027 5639; x_wconf 66' lang='lat' dir='ltr'><strong>mctomsssspicto&#39;rll—</strong></span> <span class='ocrx_word' id='word_1_488' title='bbox 1047 5576 1087 5629; x_wconf 83' lang='lat' dir='ltr'><strong>ti.</strong></span> <span class='ocrx_word' id='word_1_489' title='bbox 1103 5579 1278 5628; x_wconf 76' lang='lat' dir='ltr'><strong>cdsuuwr-</strong></span> <span class='ocrx_word' id='word_1_490' title='bbox 1297 5579 1338 5629; x_wconf 85' lang='lat' dir='ltr'><strong>td.</strong></span> <span class='ocrx_word' id='word_1_491' title='bbox 1354 5579 1608 5642; x_wconf 78' lang='lat' dir='ltr'><strong>ipso.ssdda(voce</strong></span> 
     </span>
     <span class='ocr_line' id='line_1_46' title="bbox 285 5648 1608 5720; baseline 0.006 -23"><span class='ocrx_word' id='word_1_492' title='bbox 285 5650 327 5698; x_wconf 83' lang='lat' dir='ltr'><strong>scd</strong></span> <span class='ocrx_word' id='word_1_493' title='bbox 344 5648 403 5700; x_wconf 85' lang='lat' dir='ltr'><strong>cad.</strong></span> <span class='ocrx_word' id='word_1_494' title='bbox 417 5662 453 5700; x_wconf 90' lang='lat' dir='ltr'><strong>m.</strong></span> <span class='ocrx_word' id='word_1_495' title='bbox 467 5651 606 5715; x_wconf 72' lang='lat' dir='ltr'><strong>expuncta)</strong></span> <span class='ocrx_word' id='word_1_496' title='bbox 617 5651 638 5700; x_wconf 84' lang='grc' dir='ltr'>Τ</span> <span class='ocrx_word' id='word_1_497' title='bbox 649 5674 676 5687; x_wconf 92' lang='grc'>-</span> <span class='ocrx_word' id='word_1_498' title='bbox 696 5650 737 5701; x_wconf 84' lang='grc'><strong>47.</strong></span> <span class='ocrx_word' id='word_1_499' title='bbox 752 5662 830 5715; x_wconf 81' lang='lat' dir='ltr'><strong>possa</strong></span> <span class='ocrx_word' id='word_1_500' title='bbox 840 5652 861 5701; x_wconf 84' lang='grc' dir='ltr'>Τ</span> <span class='ocrx_word' id='word_1_501' title='bbox 873 5677 900 5690; x_wconf 92' lang='grc'><strong>-</strong></span> <span class='ocrx_word' id='word_1_502' title='bbox 920 5653 961 5703; x_wconf 86' lang='grc'><strong>48.</strong></span> <span class='ocrx_word' id='word_1_503' title='bbox 979 5649 1153 5718; x_wconf 66' lang='lat' dir='ltr'><strong>refirma</strong></span> <span class='ocrx_word' id='word_1_504' title='bbox 1166 5681 1193 5691; x_wconf 94' lang='lat'><em>-</em></span> <span class='ocrx_word' id='word_1_505' title='bbox 1211 5653 1253 5704; x_wconf 84' lang='lat' dir='ltr'><strong>ts.</strong></span> <span class='ocrx_word' id='word_1_506' title='bbox 1264 5666 1417 5720; x_wconf 65' lang='lat' dir='ltr'><strong>manopera</strong></span> <span class='ocrx_word' id='word_1_507' title='bbox 1431 5652 1481 5705; x_wconf 77' lang='grc' dir='ltr'><strong>ΤΕ</strong></span> <span class='ocrx_word' id='word_1_508' title='bbox 1493 5680 1521 5690; x_wconf 98' lang='grc'>-</span> <span class='ocrx_word' id='word_1_509' title='bbox 1539 5653 1608 5720; x_wconf 74' lang='lat' dir='ltr'><strong>celsi</strong></span> 
     </span>
     <span class='ocr_line' id='line_1_47' title="bbox 286 5724 1609 5793; baseline 0.006 -20"><span class='ocrx_word' id='word_1_510' title='bbox 286 5724 635 5788; x_wconf 76' lang='lat' dir='ltr'><strong>&#39;t-so.r0ppesossnrr</strong></span> <span class='ocrx_word' id='word_1_511' title='bbox 655 5726 741 5776; x_wconf 71' lang='grc'><strong>-22,</strong></span> <span class='ocrx_word' id='word_1_512' title='bbox 761 5725 847 5788; x_wconf 80' lang='lat' dir='ltr'><strong>ptoact</strong></span> <span class='ocrx_word' id='word_1_513' title='bbox 869 5726 962 5778; x_wconf 84' lang='grc' dir='ltr'><strong>ΤΕ-</strong></span> <span class='ocrx_word' id='word_1_514' title='bbox 987 5726 1411 5793; x_wconf 74' lang='lat' dir='ltr'><strong>26.crtsntntbas]osrsstdasl2-</strong></span> <span class='ocrx_word' id='word_1_515' title='bbox 1434 5734 1488 5780; x_wconf 81' lang='lat' dir='ltr'><strong>tom</strong></span> <span class='ocrx_word' id='word_1_516' title='bbox 1508 5731 1609 5781; x_wconf 73' lang='lat' dir='ltr'><strong>isiaco·</strong></span> 
     </span>
     <span class='ocr_line' id='line_1_48' title="bbox 285 5799 1608 5857; baseline 0.008 -11"><span class='ocrx_word' id='word_1_517' title='bbox 285 5799 441 5849; x_wconf 75' lang='lat' dir='ltr'><strong>cestia&#39;l-</strong></span> <span class='ocrx_word' id='word_1_518' title='bbox 461 5800 1608 5857; x_wconf 68' lang='lat' dir='ltr'><strong>3⁴.csssnsmrszontnsss0-aa.srecssascestutazccrssscoasetstaco</strong></span> 
     </span>
     <span class='ocr_line' id='line_1_49' title="bbox 289 5875 1194 5942; baseline 0.003 -16"><span class='ocrx_word' id='word_1_519' title='bbox 289 5898 315 5911; x_wconf 46' lang='grc' dir='ltr'><strong><em>ν</em></strong></span> <span class='ocrx_word' id='word_1_520' title='bbox 334 5875 444 5927; x_wconf 65' lang='lat' dir='ltr'><strong>udam.</strong></span> <span class='ocrx_word' id='word_1_521' title='bbox 462 5876 1194 5942; x_wconf 61' lang='lat' dir='ltr'><strong>mendicumtvoccsoctoramcrpunotrll&#39;.</strong></span> 
     </span>
    </p>
   </div>
   <div class='ocr_carea' id='block_1_5' title="bbox 0 0 1912 7348">
    <p class='ocr_par' dir='ltr' id='par_1_7' title="bbox 0 0 1912 7348">
     <span class='ocr_line' id='line_1_50' title="bbox 0 0 1912 7348; baseline 0 0"><span class='ocrx_word' id='word_1_522' title='bbox 0 0 1912 7348; x_wconf 95' lang='lat' dir='ltr'><strong> </strong></span> 
     </span>
    </p>
   </div>
  </div>
 </body>
</html>
