3800 7350
694 1193 768 1258 Car.
789 1184 941 1256 Xl-Xl.
966 1181 1013 1276 33
1034 1188 1178 1257 25-30.
1513 1187 1596 1256 loos

282 1455 350 1519 eius
371 1455 600 1539 eloquentiam,
622 1464 727 1519 tamen
748 1476 811 1518 non
828 1456 1102 1538 pertimescebam
1124 1456 1246 1539 aliquot
1259 1458 1343 1520 enim
1358 1457 1392 1519 in
1406 1460 1508 1521 causis
1524 1477 1594 1522 eum

282 1549 421 1612 videram
441 1547 557 1612 frustra
578 1549 762 1632 litigantem.
796 1550 864 1613 Tibi
886 1559 1009 1622 autem,
1039 1549 1152 1623 Balbe,
1174 1552 1348 1633 respondeo
1369 1552 1504 1635 primum
1525 1571 1596 1635 pre·

281 1642 385 1716 cario,
401 1642 433 1705 ⁴si
456 1642 545 1717 licet,
568 1645 594 1706 si
613 1642 661 1706 las
684 1651 732 1706 est
754 1642 880 1706 delendi
902 1663 920 1706 a
941 1662 992 1705 me
1014 1664 1102 1718 eum,
1126 1644 1180 1727 qui
1202 1644 1324 1707 nullum
1347 1646 1525 1709 convivium
1546 1665 1597 1708 re-

282 1734 399 1808 nuerit,
422 1736 477 1819 qui
499 1737 533 1799 in
550 1735 655 1799 bortis
675 1736 786 1810 luerit,
816 1738 869 1820 qui
893 1745 1053 1818 unguenta
1076 1737 1260 1819 sumpserit,
1282 1737 1335 1819 qui
1358 1738 1448 1800 Baias
1472 1738 1620 1802 siderite

281 1828 351 1890 xii.
373 1824 424 1891 28.
445 1830 603 1913 Equidem
631 1829 745 1893 multos
774 1837 806 1893 et
833 1830 898 1894 vidi
924 1830 958 1892 in
979 1830 1038 1893 bac
1059 1830 1186 1894 civitate
1208 1836 1240 1892 et
1261 1830 1384 1904 audivi,
1417 1850 1480 1894 non
1503 1830 1595 1894 modo

282 1922 336 2005 qui
357 1922 549 2005 primoribus
570 1924 666 1986 labris
687 1930 866 2005 gustassent
887 1944 987 2007 genus
1008 1923 1068 1987 hoc
1088 1924 1170 1987 vitae
1192 1931 1224 1986 et
1244 1924 1402 1996 extremis,
1423 1932 1459 1988 ut
1474 1922 1595 1997 dicitur,

281 2014 387 2099 digitis
415 2018 610 2101 attigissent,
642 2018 697 2080 sed
720 2019 776 2100 qui
804 2024 901 2081 totam
924 2016 1168 2080 adolescentiam
1190 2016 1402 2099 voluptatibus
1425 2017 1595 2094 dedissent,

281 2111 447 2175 emersisse
469 2111 639 2194 aliquando
662 2117 748 2173 etse
770 2112 810 2174 ad
831 2110 953 2192 frugem
974 2111 1106 2185 bonam,
1137 2117 1172 2173 ut
1192 2109 1323 2183 dicitur,
1348 2111 1505 2193 recepisse
1527 2132 1595 2194 gra·

281 2223 400 2287 vesque
429 2204 572 2269 homines
601 2212 697 2288 atque
726 2204 869 2267 illustres
895 2203 1004 2266 luisse.
1052 2206 1154 2268 Datur
1176 2206 1259 2268 enim
1281 2223 1433 2267 concessu
1455 2207 1595 2267 omnium
1606 2222 1634 2267 to

280 2295 357 2359 huic
375 2296 474 2381 aliqui
496 2297 588 2361 ludus
610 2299 705 2360 aetati
727 2306 759 2360 et
781 2297 850 2378 ipsa
871 2305 982 2360 natura
1003 2297 1168 2380 profundit
1186 2297 1420 2362 adolescentiae
1442 2300 1595 2381 cupidita·

281 2397 346 2453 tes:
369 2410 450 2474 quae
471 2393 498 2454 si
520 2391 564 2454 ita
586 2400 769 2473 erumpunt,
792 2398 827 2453 nt
848 2390 967 2453 nullius
987 2392 1081 2453 vitam
1104 2391 1306 2465 labefactent,
1328 2391 1445 2455 nullius
1468 2391 1594 2455 domum

284 2492 439 2560 evenant,
460 2484 569 2548 faciles
590 2492 623 2547 et
644 2483 824 2547 tolerabiles
848 2482 958 2546 baberi
980 2485 1093 2547 solent.

364 2573 415 2639 29.
438 2577 500 2641 Sed
528 2588 562 2642 tu
590 2578 667 2641 mibi
695 2577 841 2641 videbare
869 2598 910 2641 ex
936 2579 1093 2641 communi
1115 2578 1244 2642 inlamia
1264 2579 1435 2643 iuventutis
1456 2579 1594 2662 aliquam

283 2671 433 2736 invidiam
462 2671 567 2736 Caelio
596 2673 676 2735 velle
707 2669 858 2735 conllare:
886 2674 992 2756 itaque
1021 2691 1114 2735 omne
1135 2673 1215 2734 illud
1237 2672 1411 2746 silentium,
1439 2673 1526 2756 quod
1548 2680 1632 2735 estu

283 2764 419 2828 orationi
441 2766 588 2830 tributum
610 2775 696 2840 tuae,
719 2766 778 2829 luit
798 2766 839 2829 ob
861 2784 931 2828 eam
954 2783 1093 2838 causam,
1116 2763 1201 2849 quod
1221 2786 1286 2828 uno
1306 2786 1361 2830 reo
1376 2767 1539 2851 proposito
1555 2767 1595 2831 de

283 2859 452 2922 multorum
473 2861 558 2924 vitiis
580 2861 802 2942 cogitabamus.
828 2858 931 2922 Facile
954 2866 1002 2921 est
1023 2877 1170 2922 accusare
1190 2859 1365 2923 luxuriem:
1387 2859 1455 2925 dies
1469 2862 1531 2924 iam
1545 2881 1596 2924 me

285 2951 424 3026 deficiat,
446 2954 489 3028 si,
512 2973 593 3036 qnae
615 2954 676 3017 diei
697 2955 730 3016 in
752 2972 821 3015 eam
844 2953 1030 3015 sententiam
1053 2965 1202 3034 possunt,
1223 2973 1320 3016 conor
1333 2975 1534 3037 expromere;
1555 2955 1595 3018 de

283 3046 484 3131 corruptelis,
507 3047 546 3110 de
567 3048 742 3121 adulteriis,
766 3047 805 3109 de
826 3049 1043 3129 protervitate,
1066 3047 1105 3109 de
1128 3048 1304 3129 sumptibus
1326 3048 1478 3110 immensa
1496 3049 1595 3111 oratio

284 3149 341 3205 est.
379 3141 418 3203 llt
445 3141 501 3204 tibi
523 3161 609 3206 reum
630 3141 805 3214 neminem,
835 3140 890 3203 sed
920 3140 996 3203 vitia
1025 3160 1202 3223 proponas,
1230 3162 1280 3204 res
1313 3148 1417 3205 tamen
1449 3142 1517 3225 ipsa
1548 3158 1633 3206 co-ao

278 3235 363 3316 piore
384 3241 415 3297 et
436 3236 572 3317 graviter
585 3236 723 3298 accusari
743 3241 858 3318 potest.
892 3235 954 3297 Sed
969 3243 1091 3297 vestrae
1107 3235 1281 3317 sapientiae
1296 3243 1358 3309 est,
1379 3235 1509 3309 iudices,
1531 3257 1595 3299 non

284 3325 397 3393 abduci
420 3328 459 3389 ab
481 3348 535 3393 reo
556 3349 615 3393 nec
637 3349 718 3413 quos
740 3329 865 3392 aculeos
887 3328 1000 3391 babeat
1018 3329 1169 3392 severitas
1182 3328 1382 3412 gravitasque
1396 3337 1509 3403 vestra,
1525 3350 1595 3393 cum

285 3443 340 3488 eos
361 3432 523 3487 accusator
543 3424 680 3487 erexerit
698 3424 732 3486 in
752 3442 833 3496 rem,
855 3422 888 3484 in
911 3422 1004 3494 vitia,
1026 3422 1059 3483 in
1081 3440 1202 3494 mores,
1224 3421 1257 3483 in
1278 3429 1433 3503 tempora,
1456 3425 1596 3486 emittere

284 3517 498 3581 inhominem
520 3525 552 3581 et
572 3517 605 3580 in
626 3537 732 3591 reum,
761 3537 832 3578 cum
854 3517 882 3577 is
903 3534 968 3578 non
990 3534 1048 3578 sno
1070 3515 1219 3587 crimine,
1250 3513 1306 3578 sed
1328 3514 1497 3579 multorum
1518 3516 1595 3580 vitio

286 3612 379 3677 sitin
401 3610 561 3697 quoddam
582 3613 689 3674 odium
711 3610 862 3673 iniustum
883 3617 1022 3673 vocatus.
1058 3605 1109 3670 30.
1135 3608 1245 3692 ltaque
1266 3609 1424 3672 severitati
1446 3615 1536 3685 tuae,
1562 3615 1633 3672 otas

286 3714 425 3791 oportet,
447 3707 491 3771 ita
511 3707 704 3790 respondere
725 3724 790 3769 non
810 3705 930 3777 andeo;
962 3703 1133 3766 eratenim
1155 3723 1259 3766 meum
1281 3703 1441 3786 deprecari
1462 3702 1597 3766 vacatio·

192 3825 195 3828 ⁴
287 3821 358 3866 nom
376 3801 608 3865 adolescentiae
621 3801 808 3883 veniamque
822 3805 946 3881 petere:
969 3816 1044 3872 non,
1065 3797 1204 3880 inquam,
1225 3794 1345 3871 andeo;
1365 3793 1518 3879 perfugiis
1532 3815 1596 3858 non

286 3905 359 3960 ntor
378 3896 507 3971 aetatis,
530 3914 680 3959 concessa
701 3893 846 3957 omnibus
867 3893 935 3955 iura
957 3891 1094 3954 dimitto:
1125 3896 1245 3953 mnium
1273 3896 1364 3974 peto,
1389 3899 1440 3963 nt,
1468 3890 1494 3954 si
1515 3907 1596 3974 quae

286 3996 336 4054 est
363 3990 483 4053 invidia
510 3990 685 4054 communis
705 3987 766 4051 boc
787 3994 928 4068 tempore
949 3985 1032 4048 aeris
1053 3983 1166 4057 alieni,
1192 3982 1401 4068 petulantiae,
1432 3983 1595 4046 libidinum

286 4084 475 4160 inventutis,
497 4104 591 4166 quam
613 4082 705 4147 rideo
727 4101 797 4144 esse
818 4097 977 4163 magnam,
999 4098 1040 4140 ne
1061 4076 1136 4139 huic
1157 4076 1260 4139 aliena
1273 4085 1411 4160 peccata,
1432 4095 1472 4138 ne
1486 4076 1632 4144 aetatissc

286 4196 322 4241 ac
350 4185 524 4263 temporum
553 4177 630 4242 vitia
657 4182 800 4240 noceant
833 4175 934 4258 Atque
957 4192 1015 4254 ego
1037 4170 1138 4244 idem,
1170 4169 1225 4253 qui
1246 4171 1324 4233 baec
1344 4169 1487 4254 postulo,
1519 4170 1597 4254 quin

349 4532 376 4594 4.
392 4542 571 4608 bpomutiau
591 4539 776 4602 Pantagathus.
795 4561 822 4573 —
845 4535 998 4586 musonis
1016 4535 1036 4584 P
1053 4559 1080 4570 -
1105 4535 1130 4584 2.
1148 4533 1249 4594 4444404
1271 4535 1337 4583 Ρ-
1359 4533 1384 4583 3.
1401 4533 1445 4583 uti
1465 4538 1597 4583 amaa--

286 4617 363 4668 Boios
376 4618 468 4668 sideru
482 4616 559 4667 alleri
574 4616 691 4665 Donatus
708 4613 743 4664 ad
759 4613 872 4663 Terentii
888 4613 1021 4674 Hecyram
1037 4610 1078 4668 lV,
1097 4609 1121 4669 4,
1139 4609 1179 4660 36.
1196 4636 1230 4646 -
1244 4609 1379 4671 respondeo
1395 4609 1430 4659 C:
1449 4609 1597 4672 rapoadsbo

286 4698 403 4748 Donatus
420 4696 448 4746 et
463 4694 484 4744 0
502 4719 530 4730 -
548 4691 573 4744 4.
591 4704 648 4741 cum
663 4703 680 4739 u
695 4691 766 4739 msG
783 4689 862 4738 otiam
880 4689 971 4737 contra
983 4687 1122 4735 Donatum.
1136 4709 1164 4721 -
1183 4686 1226 4746 qui
1235 4710 1273 4721 -·
1283 4685 1393 4735 rennuit
1402 4698 1456 4735 om.
1468 4686 1596 4737 Donatus.

289 4799 316 4809 -
334 4768 482 4834 motum]
499 4768 646 4830 sequuntur
663 4766 688 4815 in
706 4767 725 4815 P
741 4769 764 4814 ct
779 4768 912 4814 coctamos
927 4763 1048 4824 quomam
1064 4774 1089 4825 p.
1104 4760 1176 4821 4044,
1188 4761 1219 4810 40
1236 4759 1329 4811 mediis
1347 4761 1510 4822 intermissis,
1528 4773 1596 4824 quae

285 4845 301 4911 ’3
318 4848 350 4898 li
367 4847 465 4899 insarta
481 4845 556 4905 sunt;
574 4856 600 4891 v.
613 4841 647 4892 ad
657 4853 684 4906 p.
698 4840 769 4901 4003,
781 4841 823 4890 44.
841 4840 869 4889 ln
879 4850 963 4900 marg.
977 4838 1104 4901 scriptum
1121 4838 1177 4886 est:
1197 4836 1255 4886 «bic
1265 4836 1356 4900 repete
1369 4833 1439 4898 quod
1452 4833 1597 4887 dimisisti..

285 4923 314 4973 ln
331 4922 382 4973 EG
398 4921 437 4971 sic
452 4919 582 4984 pergitur:
605 4916 749 4966 conuictus
763 4913 847 4964 4444νῆ
862 4918 885 4964 st
902 4917 1006 4976 proptor
1020 4917 1155 4962 sacimas
1170 4913 1289 4974 quomam
1304 4913 1373 4969 cet.;
1391 4923 1484 4960 verum
1500 4910 1598 4960 verbo·

284 5007 345 5048 rum
360 4995 482 5047 ordinem
498 4990 581 5042 habet
596 4992 614 5041 S
632 5018 659 5028 -
681 4989 792 5040 renuant
807 4989 836 5038 S:
859 4988 996 5038 minicae
1011 4988 1046 5043 Ρ;
1072 4987 1155 5036 interit
1177 4986 1225 5036 EG
1244 5013 1271 5023 -
1289 4987 1314 5036 b.
1332 4985 1376 5046 qut
1391 4985 1418 5034 iu
1433 4984 1600 5048 musonii

284 5072 416 5123 uocatus:
443 5081 496 5121 om.
515 5067 550 5126 C,
568 5065 601 5116 cl.
620 5064 635 5129 3
651 5064 692 5116 36.
710 5065 751 5115 38.
770 5063 811 5116 49.
829 5089 857 5099 -
883 5068 993 5127 aspecta
1014 5064 1033 5112 Ρ
1057 5086 1083 5096 -
1107 5062 1130 5110 6.
1148 5059 1279 5120 3494443444
1298 5060 1317 5108 Ρ
1338 5059 1398 5108 ante
1419 5071 1547 5109 rasuram.
1568 5082 1596 5095 -

284 5148 309 5199 ’4.
326 5148 372 5199 boc
387 5157 465 5212 panus
481 5140 550 5202 Col.;
568 5153 646 5206 pasus
658 5141 732 5191 badas
748 5140 798 5191 EG
813 5165 847 5177 -
861 5139 886 5188 3.
905 5138 1049 5188 belidum
1066 5135 1226 5197 Hervagius,
1244 5132 1302 5183 lort.
1316 5136 1402 5195 recte,
1419 5135 1450 5183 ut
1465 5134 1507 5184 eat
1523 5132 1596 5196 344ς

285 5222 319 5274 ci.
336 5224 426 5273 umen
441 5233 469 5285 p.
486 5218 563 5268 noso.
581 5219 639 5266 Am.
657 5214 674 5279 3
689 5214 730 5266 48.
747 5215 805 5265 Dia.
823 5215 849 5264 in
867 5211 964 5264 Caecil.
982 5212 997 5275 3
1014 5210 1080 5261 4.-
1101 5210 1125 5258 9.
1143 5209 1277 5272 manuque
1293 5209 1342 5257 PG
1354 5233 1382 5244 —
1401 5207 1440 5256 40.
1458 5208 1598 5256 inituim

286 5326 315 5336 -
332 5308 447 5349 cesoma
463 5296 496 5346 P:
518 5304 630 5343 coucam
646 5291 697 5342 EG
714 5317 741 5327 -
761 5292 801 5340 44.
820 5289 899 5351 nusi
914 5287 1005 5338 PEG:
1032 5286 1124 5348 utque
1139 5285 1185 5334 so
1203 5309 1230 5319 -
1248 5282 1288 5334 43.
1306 5281 1395 5332 butera
1411 5279 1441 5332 1³¹
1458 5307 1485 5317 -
1504 5281 1598 5330 sotaost

284 5372 375 5424 itu-
393 5371 435 5423 to.
452 5373 510 5419 tuos
525 5367 644 5418 mouns
660 5367 710 5417 EG
723 5392 749 5404 -
768 5366 809 5417 48.
823 5365 919 5431 deficiat
935 5365 964 5425 Ρ,
981 5360 1123 5412 utErnesti
1136 5359 1264 5409 coniecit:
1280 5358 1373 5421 deficiat
1388 5357 1465 5407 Eas
1478 5382 1506 5392 -
1524 5370 1599 5406 coner

283 5443 583 5510 naedatnmsurs.
604 5469 638 5481 -
662 5442 702 5493 49.
720 5436 960 5491 44444444εὲ64-
985 5436 1179 5487 44444444-
1204 5432 1481 5495 40.444444ρια1.-
1504 5430 1599 5492 copioso

285 5532 339 5572 om.
358 5517 451 5580 codd.;
473 5522 496 5570 ct
515 5519 611 5582 eopiosa
630 5517 650 5568 0
668 5529 729 5567 cum
747 5515 886 5579 Naugerio.
912 5511 977 5564 illud
998 5523 1060 5562 oum
1080 5509 1159 5560 Balio
1179 5505 1363 5573 praetulimus,
1389 5506 1434 5569 qui
1456 5517 1598 5569 compara-

284 5596 323 5647 vit
345 5597 409 5662 333
430 5595 543 5662 prauitas
564 5596 708 5653 ctoritate,
730 5588 900 5654 smtgaol
921 5588 1167 5650 copioscctomats
1183 5607 1211 5619 -
1229 5582 1270 5632 st.
1288 5585 1324 5632 cst
1344 5580 1433 5632 omis1t
1449 5578 1484 5639 ἒς
1506 5580 1598 5629 muas

285 5671 420 5723 cethlis
437 5671 477 5735 (p;
494 5664 608 5731 Μελ,
628 5662 831 5729 sediinraa.)
849 5691 877 5701 -
895 5661 936 5713 43.
954 5660 1154 5711 mittarsEG-
1173 5659 1214 5708 tt.
1232 5654 1598 5719 aquodamoatemsuto

285 5747 378 5797 tutam
391 5750 495 5796 occasu
513 5740 593 5794 lulius
610 5741 767 5792 Severianus
783 5752 809 5804 p.
828 5736 876 5790 343
893 5737 975 5801 capp.
995 5759 1022 5771 -
1044 5736 1085 5786 26.
1104 5733 1234 5797 dapem
1253 5732 1411 5781 uacationes
1426 5730 1459 5779 P:
1481 5729 1597 5791 macco

285 5816 769 5883 commemorassemu-
791 5813 1089 5875 as.stcuaautn0s:
1115 5802 1592 5872 nunautP3stqaiusatEG0-

286 5895 327 5948 34.
344 5893 461 5958 mort·
474 5893 505 5945 E.

329 5982 503 6038 amona
1367 5969 1409 6038 ot

973 6081 984 6109 b
