3800 7350
324 1142 388 1212 940
702 1150 756 1215 DE
777 1150 1037 1217 HARUSPICUM
1057 1148 1277 1216 RESPONSIS

325 1321 455 1399 domum
476 1339 578 1383 meam
599 1319 719 1383 iudicio
741 1320 928 1404 pontificum
949 1320 1104 1403 religione
1125 1320 1288 1383 liberatam
1310 1319 1419 1384 videri.
1454 1316 1504 1381 44.
1526 1321 1573 1383 Dc
1590 1319 1652 1384 boc

324 1415 421 1498 igitur
444 1415 514 1477 loco
536 1433 627 1477 sacro
648 1415 848 1498 potissimum
862 1414 1012 1479 videntur
1032 1414 1215 1499 haruspices
1238 1414 1353 1489 dicere,
1375 1413 1432 1497 qui
1453 1413 1544 1477 loeus
1565 1412 1652 1476 solus

325 1529 366 1571 ex
392 1509 523 1591 privatis
551 1507 630 1570 locis
652 1508 797 1571 omnihus
817 1508 880 1571 hoe
905 1507 1076 1592 praecipue
1097 1509 1176 1572 iuris
1197 1509 1307 1582 habet,
1339 1515 1375 1571 ut
1402 1508 1442 1571 ab
1471 1508 1565 1591 ipsis,
1599 1507 1652 1589 qui

324 1605 422 1667 moris
443 1610 611 1686 praesunt,
634 1623 723 1666 sacer
744 1623 810 1665 non
832 1623 903 1665 esse
926 1602 1084 1665 iudicatus
1107 1604 1171 1666 sitt
1207 1603 1323 1665 Verum
1345 1601 1481 1665 referte:
1503 1600 1590 1683 quod
1612 1619 1653 1660 er

300 1704 452 1761 asenatus
475 1695 620 1759 consulto
641 1695 747 1759 facere
770 1695 903 1760 debetis.
946 1697 1011 1757 Aut
1032 1696 1123 1758 vobis
1145 1696 1286 1778 cognitio
1310 1695 1453 1770 debitur,
1481 1696 1537 1779 qui
1560 1693 1652 1778 primi

324 1790 364 1853 de
392 1792 451 1854 hac
480 1790 576 1852 domo
604 1790 793 1852 sententiam
815 1788 940 1851 dixistis
963 1796 994 1851 et
1022 1809 1092 1852 sam
1115 1790 1268 1873 reiigione
1291 1790 1377 1852 omui
1399 1789 1571 1864 liberastis,
1598 1795 1654 1851 aut

323 1892 451 1949 senatus
474 1883 542 1965 ipse
564 1882 731 1957 iudicabit,
762 1883 817 1965 qui
840 1902 905 1945 uno
927 1882 983 1945 ilio
1006 1883 1076 1946 solo
1098 1884 1237 1947 antistite
1260 1902 1420 1946 sacrorum
1444 1883 1652 1947 dissentiente

321 1978 596 2061 frequentissimus
624 1983 717 2039 antea
746 1975 911 2050 iudicavit,
944 1984 1018 2050 aut,
1050 1976 1082 2039 id
1110 1977 1196 2060 quod
1217 1986 1303 2041 certe
1325 1973 1393 2050 fiet,
1424 1976 1465 2039 ad
1487 1972 1651 2058 pontifices

321 2073 499 2145 reiicietur,
521 2089 656 2153 quorum
678 2071 874 2144 auctoritati,
896 2066 987 2143 fidei,
1009 2070 1198 2153 prudentiae
1221 2072 1355 2135 maiores
1378 2071 1479 2135 nostri
1501 2090 1652 2134 sacrare-

285 2167 520 2248 soiigionesque
541 2170 574 2226 et
594 2164 732 2247 privatas
754 2171 787 2226 et
806 2164 950 2246 publicas
965 2165 1235 2228 commendarunt
1267 2163 1353 2240 Quid
1376 2184 1452 2247 ergo
1474 2164 1495 2226 ii
1515 2172 1652 2247 possunt

322 2260 409 2324 aliud
430 2257 571 2323 iudicare
593 2276 630 2319 ac
651 2256 892 2321 iudicaverunt?
926 2260 1044 2322 Multae
1067 2265 1140 2322 sunt
1161 2258 1273 2322 domus
1295 2259 1330 2320 in
1350 2259 1410 2322 hac
1430 2256 1524 2330 urbe,
1545 2265 1650 2339 patres

322 2352 509 2436 conscripti,
538 2358 635 2434 atque
661 2350 744 2414 haud
776 2352 840 2414 scio
862 2372 902 2414 an
930 2372 1032 2435 paene
1055 2361 1185 2416 cunctae
1207 2358 1277 2416 iure
1300 2353 1437 2435 optimo,
1467 2349 1649 2424 sed1tamen

320 2448 390 2511 iere
411 2446 544 2530 privato,
566 2445 634 2507 iure
654 2444 857 2519 hereditario,
880 2446 948 2508 iure
964 2446 1174 2520 auctoritatis,
1196 2446 1266 2509 iure
1288 2444 1448 2528 mancipii,
1471 2445 1540 2507 iure
1556 2442 1649 2506 neri:

321 2561 403 2624 nego
431 2559 501 2603 esse
529 2536 625 2601 ullam
654 2536 784 2601 domum
805 2538 899 2601 aliam
929 2540 1052 2623 privato
1082 2538 1194 2602 eodem
1226 2560 1289 2622 quo
1316 2558 1398 2622 quae
1420 2536 1541 2619 optima
1570 2535 1649 2617 lege,

284 2633 450 2718 republica
472 2651 548 2695 vero
570 2631 657 2694 omni
679 2634 851 2713 praecipuo
874 2640 907 2695 et
926 2632 1067 2696 humano
1089 2641 1121 2696 et
1143 2633 1251 2696 divino
1272 2635 1341 2697 iure
1363 2633 1534 2695 munitam:
1567 2650 1649 2713 quae

320 2730 457 2813 primum
478 2721 665 2789 aedificatur
686 2746 728 2788 ex
742 2727 929 2788 auctoritate
947 2734 1073 2790 senatus
1091 2727 1228 2810 pecunia
1242 2726 1386 2810 publica,
1408 2722 1526 2788 deinde
1541 2730 1650 2785 conus

320 2824 385 2887 vim
406 2819 557 2884 uefedam
579 2818 673 2882 huius
706 2818 889 2900 gladiatoris
910 2826 959 2881 tot
980 2820 1081 2883 senati
1104 2820 1258 2884 consuitis
1279 2820 1401 2883 munita
1422 2825 1519 2901 atque
1541 2824 1650 2897 saepta

320 2924 379 2982 est.
422 2914 504 2978 v111.
527 2909 579 2974 45.
600 2912 739 2974 Primum
767 2912 928 2994 negotium
956 2912 1058 2976 isdem
1086 2913 1319 2995 magistratibus
1349 2919 1398 2976 cst
1426 2908 1534 2974 datum
1564 2928 1649 2971 anno

320 3008 499 3093 superiore,
521 3014 558 3069 ut
577 3013 725 3068 curarent
746 3012 781 3067 ut
803 3006 925 3067 sineri
947 3003 1115 3069 aedificare
1137 3007 1217 3069 mihi
1239 3007 1365 3081 liceret,
1391 3005 1506 3089 quibus
1529 3004 1563 3066 in
1584 3022 1649 3066 ma·

282 3105 416 3168 eorimis
438 3099 589 3185 perieulis
610 3098 759 3162 universa
780 3118 831 3161 res
852 3098 980 3181 publica
1001 3100 1216 3164 commendari
1238 3100 1338 3164 solet:
1364 3098 1479 3163 deinde
1502 3118 1574 3161 cum
1594 3095 1649 3159 ille

320 3199 405 3263 saxis
428 3204 460 3259 et
480 3192 605 3277 ignibus
628 3200 660 3255 et
680 3190 763 3256 ferro
784 3192 965 3255 vestitatem
988 3194 1067 3257 meis
1089 3193 1219 3257 sedibus
1241 3193 1419 3267 intulisset,
1441 3192 1582 3257 decrevit
1601 3211 1649 3256 se-

319 3301 413 3357 natus
435 3309 507 3363 eos,
529 3286 584 3370 qui
606 3284 639 3347 id
660 3283 825 3359 fecissent,
847 3284 918 3367 iege
939 3285 980 3349 da
1002 3287 1049 3360 vi,
1071 3307 1153 3370 quae
1176 3295 1226 3350 est
1247 3286 1280 3349 in
1301 3306 1376 3361 eos,
1398 3288 1454 3368 qui
1469 3286 1648 3349 universam

319 3406 386 3450 rem
415 3382 573 3468 publicam
600 3385 852 3461 oppugnassent,
887 3380 997 3443 teneri.
1038 3380 1135 3444 Vobis
1164 3401 1239 3444 vero
1265 3378 1492 3454 referentibus,
1526 3399 1546 3440 o
1576 3386 1650 3461 post

318 3478 482 3543 bominum
504 3472 687 3536 memoriam
706 3470 872 3534 fortissimi
893 3481 990 3557 atque
1013 3474 1124 3558 optimi
1144 3475 1307 3548 eonsules,
1329 3474 1471 3536 decrevit
1491 3472 1576 3537 idem
1598 3492 1648 3534 se·

281 3581 412 3639 sanatas
433 3565 727 3651 frequentissimus,
749 3565 804 3647 qui
826 3586 927 3629 meam
949 3568 1077 3630 domum
1092 3566 1255 3642 violasset,
1278 3575 1386 3631 contra
1406 3567 1647 3650 rempublicam

320 3685 390 3730 esse
419 3662 585 3727 facturum.
636 3654 686 3722 46.
709 3660 797 3741 Nego
825 3658 891 3721 ullo
921 3660 962 3724 de
990 3682 1086 3744 opere
1114 3661 1260 3743 publico,
1286 3660 1326 3726 de
1356 3668 1579 3737 monumento,
1608 3661 1647 3724 de

319 3759 439 3841 templo
462 3764 510 3819 tot
530 3761 657 3818 sanabis
679 3761 804 3817 exstare
827 3755 989 3829 consulta,
1012 3763 1091 3838 quot
1113 3755 1152 3819 de
1175 3758 1376 3845 mgfflpmo,
1398 3775 1495 3838 quem
1518 3763 1647 3821 senatus

318 3874 414 3918 unam
442 3857 516 3933 post
543 3849 626 3911 bane
648 3848 757 3911 urbem
779 3849 981 3911 constitutam
1004 3870 1045 3912 ex
1066 3851 1186 3912 aerario
1209 3848 1454 3923 aedificandam,
1481 3846 1647 3932 apoatifi·

318 3948 408 4012 cibus
429 3942 635 4016 liberandam,
657 3961 677 4004 a
698 3941 935 4024 magistratibus
958 3941 1201 4016 defendendam,
1224 3963 1243 4007 a
1263 3941 1423 4006 iudicibus
1444 3943 1646 4007 muniendam

280 4047 455 4126 reputaret.
491 4040 524 4101 P.
546 4036 671 4100 Valerio
693 4055 752 4118 pro
774 4036 921 4099 maximis
942 4037 976 4100 in
998 4036 1246 4121 rempublicam
1265 4032 1430 4100 beneficiis
1446 4036 1520 4101 data
1534 4037 1646 4101 domus

319 4145 368 4201 est
388 4137 422 4198 in
444 4134 534 4197 Velie
554 4131 697 4216 publice,
727 4139 759 4193 at
788 4129 863 4192 mihi
893 4130 927 4193 in
957 4131 1077 4194 Palatio
1106 4132 1270 4195 restituta:
1304 4131 1352 4193 ilii
1376 4130 1483 4205 loeus,
1514 4128 1645 4193 etmihi

319 4233 411 4296 etiam
434 4230 570 4313 parietes
591 4235 689 4309 atque
712 4233 846 4288 tectum:
867 4224 916 4287 iiii
937 4245 1034 4308 quem
1055 4225 1123 4309 ipse
1145 4226 1269 4307 privato
1292 4227 1361 4289 iure
1381 4230 1538 4297 tueretur,
1568 4222 1646 4287 mibi

318 4344 413 4408 quem
434 4321 562 4404 publice
583 4320 782 4400 magistratus
804 4337 914 4381 omnes
939 4318 1157 4382 defenderent.
1195 4319 1285 4395 Quae
1309 4318 1438 4403 quidem
1461 4336 1522 4399 ego
1542 4316 1571 4379 si
1591 4322 1646 4380 eut
1732 4324 1739 4330 ’

317 4437 376 4500 per
396 4437 447 4480 me
467 4421 523 4478 aut
544 4414 582 4476 ab
605 4413 677 4476 aliis
697 4411 862 4486 haberem,
885 4431 951 4474 noa
973 4412 1188 4496 praedicerem
1210 4413 1294 4496 apud
1309 4431 1385 4492 vos,
1407 4430 1448 4473 ne
1467 4411 1563 4474 nimis
1577 4409 1645 4493 glo-

280 4511 394 4573 sariari
413 4509 555 4582 viderer,
584 4506 640 4570 scd
662 4526 733 4570 cum
756 4506 819 4569 siut
840 4506 916 4569 mibi
939 4507 1013 4570 date
1034 4525 1053 4570 a
1073 4507 1182 4583 vobis,
1209 4527 1279 4570 oum
1301 4500 1554 4571 ea'attententur
1574 4502 1644 4566 eius

317 4602 443 4685 lingue,
465 4602 556 4665 euius
577 4607 650 4664 ante
671 4619 766 4663 manu
788 4619 898 4663 eversa
920 4620 978 4663 vos
1000 4600 1077 4663 mihi
1099 4608 1131 4664 et
1152 4601 1261 4664 liberis
1276 4601 1356 4665 meis
1371 4598 1516 4662 manibus
1531 4595 1644 4660 vestus

317 4695 516 4770 reddidistis,
544 4714 611 4758 nou
633 4714 692 4776 ego
713 4694 754 4756 de
775 4693 874 4768 meis,
902 4693 960 4757 sed
981 4694 1022 4756 dc
1043 4695 1157 4758 vestris
1178 4694 1269 4759 factis
1290 4696 1422 4778 loquor,
1451 4712 1512 4755 nee
1533 4709 1646 4755 vereor

317 4811 359 4854 ne
379 4791 459 4854 haee
479 4808 550 4853 mea
570 4795 746 4852 vestrorum
766 4783 994 4851 beneficiorum
1015 4786 1207 4871 praedicatio
1225 4808 1290 4852 uon
1312 4794 1401 4871 grata
1421 4787 1527 4870 potius
1549 4802 1644 4868 quam

381 5097 406 5147 4.
424 5093 645 5146 recreem-
664 5095 688 5145 s.
706 5095 931 5148 munemne
949 5097 1099 5161 (divisetl‘z
1120 5097 1412 5148 smotmcoasuttoo—
1432 5095 1456 5145 6.
1474 5093 1643 5158 sospem

319 5195 346 5208 -
365 5173 391 5223 9.
407 5173 525 5223 reicietur
540 5172 589 5221 Pu
608 5195 636 5206 -
655 5171 696 5221 40.
714 5172 734 5221 44
750 5171 847 5222 PGH:
866 5172 892 5221 bi
909 5172 971 5221 0-
991 5172 1032 5222 ii.
1050 5172 1112 5222 boat
1128 5171 1177 5221 GE
1196 5197 1223 5209 -
1249 5172 1289 5222 43.
1306 5171 1427 5232 mancipii
1445 5168 1508 5219 GE:
1532 5167 1644 5227 mancipi

316 5247 399 5298 4440
418 5272 445 5283 -
465 5246 505 5299 44.
524 5261 572 5309 ouo
589 5259 653 5309 poco
669 5244 711 5298 1¹²:
731 5247 1007 5310 9444444440Εο-
1026 5240 1643 5298 sr.amacoseco1>:matueomsusau

316 5320 383 5380 44ος
402 5320 437 5371 et.
454 5333 482 5384 p.
500 5321 557 5383 004,
576 5323 616 5372 44.
636 5347 664 5357 -
684 5323 724 5373 48.
741 5323 818 5373 mom
834 5324 868 5373 P:
891 5322 979 5372 {Mora
995 5324 1015 5372 0
1034 5347 1062 5359 -
1091 5322 1130 5373 49.
1149 5322 1283 5386 Mutare
1297 5321 1358 5370 mibi
1375 5321 1409 5369 C:
1434 5318 1495 5367 mus
1511 5317 1643 5381 miscere

316 5394 383 5444 0-
404 5395 446 5446 44.
464 5392 560 5446 odam
574 5393 679 5445 Petu:
704 5393 807 5446 aedibus
823 5395 924 5455 Gii²0;
947 5394 982 5445 ct.
1000 5408 1028 5459 p.
1047 5394 1109 5458 903,
1127 5394 1168 5445 43.
1186 5394 1243 5457 904,
1261 5394 1302 5445 47.
1316 5418 1344 5429 -
1362 5392 1404 5443 43.
1422 5393 1556 5454 termites
1571 5388 1640 5443 1³¹-

314 5467 356 5520 44.
374 5469 545 5531 optamttP-
563 5469 604 5519 47.
623 5473 658 5519 tot
673 5483 728 5521 om.
747 5472 797 5522 GE
815 5497 842 5508 —
862 5470 930 5536 quot]
947 5471 1014 5532 quod
1029 5468 1058 5521 4)ι
1078 5496 1105 5506 -
1122 5469 1163 5519 49.
1181 5468 1342 5519 mmmm
1357 5468 1451 5518 Petrus
1467 5466 1565 5518 Faber:
1579 5477 1642 5528 poo-

313 5544 446 5598 oaeneon
461 5547 480 5595 P
497 5545 522 5609 (c
538 5545 565 5595 iu
581 5545 697 5608 resumis
712 5548 877 5608 poeniendam
894 5547 1037 5611 (superser.
1053 5544 1097 5609 ou)
1116 5545 1150 5602 G,
1160 5543 1313 5605 metendam
1329 5541 1412 5592 44440
1425 5567 1452 5576 -
1469 5541 1568 5603 putuit
1584 5537 1642 5588 Hal·

315 5618 433 5668 auius·
452 5618 494 5669 34.
511 5619 539 5668 ia
553 5618 621 5669 Vetto
632 5618 819 5681 publicolanus
830 5618 990 5671 palmerius:
1009 5617 1211 5680 taotlopobticc
1221 5615 1263 5676 1³¹3
1280 5617 1308 5666 in
1323 5615 1386 5665 uitta
1398 5613 1640 5678 possessu.

316 5693 356 5745 Cf.
373 5695 517 5745 Ascanium
532 5693 678 5745 Pedieuum
694 5696 871 5763 p.ts‚ss,-
890 5699 969 5744 mm.
986 5693 1022 5754 io]
1040 5693 1074 5742 od
1089 5705 1123 5742 m.
1141 5693 1168 5742 ta
1184 5694 1254 5743 1³¹-
1272 5690 1313 5741 34.
1324 5690 1393 5755 mib]
1412 5690 1516 5740 amitt
1532 5689 1642 5738 Gareto

316 5769 384 5821 nius.
405 5768 898 5831 -3eeensaa1oocosssss1t-
920 5765 1501 5831 menumto12;ccmeatwctass-
1524 5762 1643 5814 secero

315 5843 802 5910 esu2asuco-38.crca,oe.
