3800 7350
663 1204 959 1271 cmxx-xxi.
985 1200 1200 1289 ssu-ro.
1505 1195 1586 1265 4444

271 1383 399 1462 putare,
431 1381 537 1460 patres
559 1375 742 1461 conscripti,
777 1375 866 1439 utin
893 1395 1008 1439 scaena
1027 1374 1156 1451 videtis,
1187 1375 1331 1440 homines
1358 1371 1587 1438 consceleratos

270 1470 410 1555 impulsu
432 1470 561 1534 deorum
585 1471 694 1533 terreri
715 1469 880 1533 furialibus
902 1470 1004 1533 taedis
1026 1469 1225 1534 ardentibus:
1247 1489 1303 1533 sua
1318 1487 1476 1554 quemque
1490 1464 1587 1538 fraus,

271 1585 364 1632 auum
383 1563 526 1639 lacinus,
548 1584 639 1627 suum
661 1564 778 1637 scelus,
800 1584 857 1626 sua
878 1563 1009 1627 audacia
1032 1564 1071 1627 da
1094 1564 1225 1627 44444444
1246 1583 1283 1627 ac
1304 1570 1408 1627 mente
1423 1557 1587 1623 deturbat:

270 1657 331 1723 bae
352 1665 426 1723 sunt
446 1657 612 1741 impiorum
634 1655 751 1731 suriae,
787 1656 847 1719 bae
869 1658 1029 1733 flammae,
1059 1657 1119 1721 bae
1139 1657 1235 1721 laces.
1290 1653 1341 1719 t7.
1375 1656 1441 1739 Ego
1470 1661 1501 1718 te
1522 1670 1587 1715 nou

228 1777 241 1799 .
270 1750 473 1825 vaecordem,
500 1771 565 1814 uou
587 1748 755 1824 furiosum,
784 1772 848 1814 uon
872 1761 975 1816 menie
1000 1759 1141 1835 captum,
1173 1773 1237 1815 nou
1259 1751 1376 1834 tragico
1398 1748 1453 1812 illo
1476 1745 1610 1809 Orestae

270 1853 325 1910 aut
337 1846 525 1910 adamante
548 1843 773 1908 dementiorem
797 1853 920 1928 putem,
942 1847 997 1931 qui
1020 1847 1063 1909 sis
1084 1865 1180 1910 ausus
1194 1846 1327 1930 primum
1341 1845 1444 1908 iacere
1458 1877 1500 1887 -
1514 1859 1588 1903 uam

269 1938 302 2004 id
325 1948 373 2004 est
394 1946 488 2022 caput
502 1972 563 2012 -,
586 1936 700 2002 deinde
721 1938 816 2021 paulo
837 1947 927 2013 ante,
949 1942 1125 2025 Torquato,
1147 1939 1330 2022 gravissimo
1346 1946 1378 2002 et
1391 1933 1587 2000 sanctissimo

269 2033 355 2109 viro,
384 2040 563 2119 premente,
591 2028 731 2095 confiteri
753 2039 785 2095 te
807 2033 1001 2113 provinciam
1022 2031 1257 2108 Macedoniam,
1288 2032 1321 2096 in
1349 2052 1444 2116 quam
1466 2035 1587 2093 tautum

271 2127 444 2192 exercitum
471 2132 737 2208 transportasses,
766 2126 834 2190 siue
864 2126 929 2190 ullo
952 2128 1050 2190 milite
1072 2126 1259 2210 reliquisset
1301 2126 1390 2190 Mitto
1412 2125 1452 2186 de
1473 2122 1588 2186 amissa

270 2221 406 2285 maxima
438 2227 527 2303 parte
560 2219 734 2282 exercitus:
771 2220 811 2283 sit
844 2220 903 2284 hoc
936 2220 1130 2285 infelicitatis
1163 2227 1244 2284 tuae.
1299 2216 1483 2283 Dimitteudi
1513 2230 1625 2283 veroin

271 2315 432 2379 exercitus
455 2334 548 2398 quam
570 2321 661 2397 potes
682 2314 793 2377 atlerre
815 2317 964 2378 oausam?
987 2335 1079 2397 quam
1101 2321 1289 2397 potestatem
1311 2312 1469 2377 habuisti?
1492 2330 1589 2395 quam

270 2409 394 2493 legeml
416 2407 503 2493 quod
525 2416 652 2471 senatus
674 2408 874 2471 consultuml
896 2408 985 2493 quod
1007 2409 1078 2471 iusi
1102 2408 1188 2494 quod
1211 2408 1408 2492 exemplum?
1442 2404 1527 2481 Quid
1542 2410 1590 2467 est

248 2501 356 2567 ¹aliud
385 2502 516 2567 iuraret
556 2522 621 2565 uon
653 2521 841 2583 cognoscere
873 2501 1036 2577 homines,
1072 2523 1136 2566 nou
1164 2521 1354 2585 cognoscere
1386 2501 1488 2583 leges,
1524 2518 1590 2562 uon

270 2602 432 2670 senatum,
454 2615 519 2659 uon
541 2596 724 2659 civitatem?
758 2594 928 2658 Cruentare
950 2616 1065 2678 corpus
1087 2617 1180 2659 suum
1200 2597 1270 2660 leve
1292 2603 1359 2660 est:
1392 2595 1491 2658 maior
1510 2591 1590 2655 baec

269 2696 318 2753 est
338 2687 442 2763 vitae,
471 2690 588 2765 famae,
619 2689 727 2752 salutis
748 2709 826 2753 suae
847 2689 1036 2753 vulneratio.
1078 2686 1129 2752 l8.
1163 2690 1197 2755 Si
1220 2690 1370 2754 familiam
1393 2697 1478 2752 tuam
1499 2685 1627 2752 dimi-re

269 2783 382 2856 sisses,
416 2782 503 2866 quod
525 2783 564 2845 ad
588 2782 745 2846 neminem
767 2784 827 2846 uisi
856 2782 897 2845 ad
926 2783 1030 2867 ipsum
1059 2794 1089 2849 te
1118 2785 1306 2868 pertineret,
1337 2783 1428 2847 amici
1457 2790 1488 2847 te
1515 2801 1591 2846 con·

269 2875 487 2961 stringendum
502 2884 665 2961 putarent:
688 2876 880 2961 praesidinm
903 2886 936 2941 tu
958 2879 1003 2941 rei
1030 2880 1190 2962 publicae,
1212 2879 1387 2964 custodiam
1410 2877 1590 2962 provinciae

270 2969 392 3036 iniussu
421 2970 531 3053 populi
564 2971 695 3035 Romani
724 2979 916 3054 senatusque
947 2972 1137 3048 dimisisses,
1168 2973 1197 3036 si
1227 2982 1300 3037 tuae
1321 2974 1433 3037 mentis
1460 2990 1590 3054 compos

268 3063 409 3130 44444444
452 3065 539 3127 lllll.
574 3066 656 3128 Ecce
686 3065 742 3127 tibi
772 3065 852 3127 alter
879 3067 979 3129 eflusa
1007 3066 1070 3130 iarn
1098 3067 1235 3133 maxima
1254 3068 1389 3152 praeda,
1425 3085 1519 3151 quam
1549 3084 1589 3127 ex

270 3157 405 3222 fortunis
427 3158 682 3242 publicanorum,
712 3179 805 3241 quam
829 3178 869 3222 ex
891 3161 974 3242 agris
996 3161 1191 3245 urbibusque
1213 3163 1371 3227 sociorum
1393 3160 1627 3232 exhauseratat

269 3271 339 3316 eum
361 3252 476 3336 partina
498 3252 569 3316 eius
591 3252 727 3335 praedae
749 3252 924 3335 profundae
946 3253 1096 3317 libidines
1119 3254 1336 3330 devorassent,
1371 3255 1485 3338 partim
1506 3271 1590 3316 nova

269 3345 426 3430 quaedam
454 3352 487 3409 et
514 3344 657 3409 inaudita
686 3345 845 3421 luxuries,
877 3348 989 3429 partim
1017 3348 1110 3411 etiam
1132 3348 1166 3411 iu
1188 3348 1251 3412 illis
1274 3349 1365 3423 locis,
1401 3347 1456 3411 ubi
1485 3344 1590 3410 omnia

270 3437 414 3522 diripuit,
444 3439 619 3522 emptiones
649 3435 775 3524 [partim
797 3434 1057 3525 permutationes}
1084 3441 1126 3505 ad
1152 3442 1238 3505 bunc
1258 3441 1428 3505 Tusculani
1450 3446 1588 3504 montem

268 3533 510 3608 exabueudum3
544 3554 615 3596 cum
644 3534 706 3596 iam
736 3540 856 3616 egeret,
889 3555 960 3597 cum
989 3535 1043 3597 illa
1075 3535 1144 3597 eius
1175 3534 1354 3600 intermissa
1382 3530 1590 3598 intolerabilis

268 3621 445 3692 aedificatio
461 3627 671 3692 constitisset:
694 3647 728 3691 se
751 3627 870 3713 ipsum,
891 3627 994 3692 fasces
1016 3648 1106 3704 suos,
1131 3630 1304 3694 exercitum
1324 3626 1433 3715 populi
1448 3625 1628 3701 Romanius

267 3740 385 3784 numen
400 3720 665 3805 interdictumque
682 3720 813 3785 deorum
828 3722 1065 3797 immortalium,
1087 3743 1240 3807 respousa
1253 3714 1468 3800 sacerdotum,
1483 3728 1590 3786 auoto-

268 3814 391 3878 ritatem
406 3822 550 3888 senatus,
573 3815 659 3878 iussa
673 3816 783 3898 populi
805 3816 954 3890 Romani,
976 3836 1091 3879 nomeu
1112 3837 1149 3880 ac
1172 3816 1355 3901 dignitatem
1377 3817 1502 3901 imperii
1523 3816 1590 3900 regi

267 3908 422 3992 Aegyptio
444 3907 597 3971 vendidit.
642 3905 692 3972 49.
724 3910 802 3974 Cum
829 3910 910 3973 fines
939 3910 1121 3994 provinciae
1150 3920 1255 3976 tantos
1276 3910 1421 3987 baberet,
1454 3918 1589 3998 quantos

267 4002 426 4077 voluerat,
459 4011 593 4085 quantos
623 4011 762 4086 optarat,
797 4010 932 4089 quantos
961 4004 1063 4086 pretio
1092 4005 1153 4069 mei
1181 4004 1291 4089 capitis
1319 4014 1453 4082 emerat,
1486 4005 1525 4070 iis
1554 4025 1588 4070 se

333 4255 776 4318 4444440-4444444444-
799 4256 1590 4320 44444444444ι444444444460-4.44444444;444444

266 4335 302 4394 (33
319 4331 363 4382 4444
378 4331 464 4396 primo
480 4328 540 4381 loco
557 4331 616 4380 F—
634 4331 661 4380 t.
677 4331 877 4380 4444444440-
896 4333 922 4383 8.
942 4346 1017 4382 ..am
1032 4334 1059 4383 in
1076 4335 1254 4396 waraniile
1268 4337 1290 4385 44
1305 4350 1355 4385 444
1371 4349 1398 4400 p.
1411 4335 1483 4396 4084,
1497 4334 1589 4386 44444·

266 4407 313 4458 bat
328 4408 349 4458 i·
367 4432 394 4442 -
411 4410 510 4457 lanima
526 4407 545 4456 T
563 4431 591 4441 ·—
611 4406 635 4456 9.
654 4406 706 4457 aine
722 4406 765 4455 illo
783 4406 802 4456 E
819 4408 880 4469 (nou
899 4409 927 4470 G)
947 4433 974 4444 -
995 4407 1034 4459 44.
1052 4409 1137 4470 furere
1152 4422 1203 4460 noe
1218 4409 1393 4461 TVEFGP:
1410 4411 1496 4474 444444
1511 4424 1589 4472 ganea

265 4497 315 4533 eoa
331 4483 363 4542 83
379 4481 464 4545 444444
479 4480 528 4531 ariri
542 4494 593 4547 oon
609 4481 634 4531 44
653 4505 680 4515 -
708 4477 748 4529 44.
766 4480 818 4530 lene
838 4486 873 4531 444
890 4481 912 4530 V
928 4480 1014 4533 solus:
1036 4496 1089 4534 om.
1108 4484 1166 4536 Tc.
1188 4483 1332 4548 Madvigius
1347 4484 1437 4538 locum
1453 4487 1489 4538 lta
1506 4486 1589 4538 corri-

267 4554 383 4622 gendum
399 4556 475 4620 putat
490 4553 524 4606 ad
542 4555 596 4605 Cic.
615 4552 650 4605 de
668 4555 739 4604 Finn.
759 4567 785 4618 p.
805 4555 867 4605 668:
891 4556 956 4619 (4444
974 4562 1010 4606 444
1025 4558 1095 4607 alind
1108 4558 1213 4621 surae?
1232 4573 1282 4609 non
1302 4573 1447 4624 cognoscere
1461 4560 1589 4612 4444444444

268 4633 385 4698 [Gravius
401 4632 444 4694 444]
461 4645 511 4682 444
526 4645 598 4693 cogn.
617 4629 694 4693 leges,
712 4643 762 4679 non
778 4635 903 4691 44444444,
921 4646 972 4682 non
987 4633 1119 4683 4444444444.
1139 4633 1276 4684 dommi
1291 4648 1381 4698 emper
1395 4635 1489 4687 444444
1505 4637 1590 4689 Maior

265 4710 325 4759 44444
341 4713 375 4758 444
390 4707 458 4756 vitae
471 4742 477 4756 .
489 4742 495 4755 .
508 4744 514 4756 .
526 4706 674 4755 4444444444,
692 4702 739 4754 Alii
758 4704 848 4755 verbis
865 4705 916 4756 4444
927 4712 962 4756 444
973 4708 1078 4757 omissis
1089 4707 1222 4759 scribunt:
1241 4709 1378 4761 4444444444
1387 4711 1587 4774 cooperuerant&

266 4788 295 4834 ut
316 4782 377 4834 inde
399 4794 466 4833 nova
491 4781 662 4843 interrogatio
685 4779 799 4843 incipiat.
827 4780 957 4845 Equidem
973 4782 1056 4833 verba
1073 4784 1113 4843 444
1129 4783 1248 4849 explico:
1272 4786 1339 4847 Quid
1357 4792 1399 4838 est
1414 4786 1484 4839 aliud
1501 4787 1588 4838 lurere

265 4859 315 4911 uisi
331 4859 383 4909 boe
400 4854 471 4922 quod
487 4857 516 4906 tu
534 4855 639 4906 44444444
656 4855 784 4918 ignoratio
802 4855 953 4915 homiuum,
975 4854 1077 4920 legum,
1095 4862 1221 4910 senatus?
1238 4874 1326 4913 noune
1343 4862 1395 4913 boc
1412 4863 1590 4915 certissimum

265 4935 360 4987 luroris
376 4933 502 4984 indicium
519 4934 578 4982 4444
600 4932 665 4981 Nam
682 4943 780 4995 corpus
797 4944 876 4982 suum
894 4930 1047 4992 vulnerare,
1066 4934 1138 4998 quod
1153 4933 1231 4998 vulgo
1247 4949 1297 5000 pro
1313 4950 1419 4989 summo
1436 4937 1524 4988 lurore
1540 4936 1589 4986 ba-

265 5010 357 5068 betur,
378 5007 442 5059 illud
463 5005 572 5071 quidem
594 5004 652 5056 leve
675 5007 729 5063 est;
753 5006 839 5056 maior
858 5007 926 5056 haec
943 5009 985 5058 est
1000 5008 1069 5061 vitae
1086 5022 1150 5060 suae
1167 5008 1321 5062 vulneratio.
1348 5012 1387 5063 Gt.
1405 5014 1485 5063 etiam
1502 5011 1587 5064 liaud.

265 5086 340 5135 Tura.
352 5082 395 5143 lV,
408 5095 434 5147 p.
448 5082 504 5132 250.
519 5108 547 5117 -
566 5087 601 5130 444
616 5082 677 5130 baec
692 5083 759 5131 44444
773 5083 846 5145 [ama
862 5081 1012 5134 Esolus-
1027 5085 1067 5133 46.
1085 5091 1109 5135 44
1124 5085 1188 5136 TV:
1207 5091 1231 5136 te
1246 5088 1283 5136 444
1294 5088 1313 5137 C
1325 5115 1353 5124 -
1372 5089 1411 5138 44.
1424 5093 1452 5139 ta
1463 5100 1516 5139 om.
1530 5090 1587 5138 G-

264 5160 302 5210 rei
315 5158 390 5222 p.V:
406 5157 491 5220 popuii
508 5158 551 5206 lio.
564 5156 742 5218 virture&
758 5158 846 5218 444444
861 5161 881 5209 Ρ
895 5183 923 5193 -
943 5158 983 5208 444.
996 5161 1100 5210 44444444
1116 5161 1178 5210 TV:
1198 5174 1250 5212 om.
1265 5162 1285 5213 C
1299 5189 1327 5198 -
1345 5162 1385 5212 49.
1399 5162 1515 5212 4444444.
1528 5164 1585 5212 G-

265 5234 305 5284 40.
324 5245 402 5296 qnam
417 5245 450 5281 44
467 5233 537 5296 nmis
553 5232 586 5281 T:
605 5244 681 5294 qnam
698 5244 751 5282 om.
764 5231 842 5282 codd.
862 5230 919 5283 rell.
938 5233 1001 5283 noti.
1016 5260 1043 5269 -
1061 5235 1103 5284 44.
1119 5240 1219 5296 parum
1234 5237 1258 5285 V
1269 5262 1296 5272 -
1312 5237 1497 5301 praeweTV:
1513 5250 1589 5301 prae·

266 5308 354 5360 domC
368 5335 396 5344 -
414 5306 454 5357 44.
468 5320 551 5357 omnes
566 5307 595 5364 Ε,
614 5306 662 5357 sed
679 5319 704 5356 es
721 5307 746 5356 iu
764 5320 816 5357 ras.
835 5334 863 5343 -
882 5308 923 5358 43.
940 5309 1037 5370 partim
1050 5315 1157 5371 4444444.
1177 5323 1231 5361 om.
1244 5311 1276 5368 '1⁸3
1291 5312 1388 5373 partim
1397 5313 1544 5363 mutationes
1555 5312 1586 5363 V.

265 5388 369 5437 Partem
386 5381 510 5448 praedae,
529 5382 566 5430 444
582 5382 648 5440 uic..
667 5379 798 5444 libidines,
817 5385 921 5447 partem
938 5381 1064 5443 luxuries,
1082 5387 1185 5447 partem
1199 5385 1348 5449 emptiones
1365 5383 1537 5447 devorarant,
1560 5387 1586 5436 iu

265 5473 318 5526 qua
341 5471 369 5509 re
391 5456 521 5509 absonum
544 5456 661 5516 videtur,
684 5456 706 5507 si
727 5457 819 5507 tertiae
843 5458 910 5521 parti
926 5456 1071 5509 subdivisio
1089 5458 1192 5510 adiecto
1204 5461 1302 5523 partior
1318 5461 1499 5526 adiungatur,·
1512 5464 1588 5514 euius

265 5534 323 5587 loco
341 5536 523 5599 exspectares:
541 5533 674 5594 emptiones
689 5537 712 5581 44
725 5533 930 5594 permutationes.
946 5560 972 5570 -
988 5534 1119 5584 4444444444
1133 5538 1240 5587 montem
1250 5535 1297 5586 TV
1312 5537 1369 5599 (sed
1380 5536 1402 5585 V
1414 5549 1476 5587 eum
1492 5534 1587 5587 lacuna

265 5612 325 5661 aula
341 5610 469 5670 montani:
488 5608 611 5658 4444444444
627 5609 653 5658 in
669 5613 751 5658 monte
768 5609 884 5670 (montem
894 5609 922 5671 E)
940 5615 1049 5659 montem
1060 5610 1079 5659 E
1090 5610 1107 5659 F
1117 5611 1151 5668 G;
1170 5611 1327 5663 terminarem
1343 5612 1369 5662 io
1384 5617 1466 5662 monte
1481 5617 1588 5663 44444444

264 5688 295 5746 Ρ;
313 5683 471 5734 4444444444
486 5688 594 5733 montem
613 5684 681 5741 llis;
713 5682 844 5734 4444444444
860 5685 887 5734 in
903 5689 987 5734 monte
1001 5689 1109 5734 montem
1125 5685 1145 5735 0
1163 5711 1191 5722 -
1214 5686 1255 5738 44,
1276 5700 1333 5737 cam
1352 5689 1405 5739 tom
1425 5692 1506 5752 egeret
1521 5688 1543 5738 V
1560 5690 1588 5739 et

264 5761 296 5820 T,
315 5763 345 5810 ut
359 5758 475 5811 videtur:
496 5770 549 5808 orn.
569 5759 589 5809 C
608 5784 634 5794 -
654 5763 677 5808 et
693 5771 750 5808 cvm
766 5759 849 5818 Bake,
867 5759 947 5810 caiV
967 5785 993 5794 -
1011 5760 1152 5810 4444444444
1168 5761 1233 5811 TV:
1251 5762 1354 5812 44444444
1369 5763 1457 5823 EFS;
1474 5763 1587 5814 44444444

263 5833 289 5883 44
307 5859 335 5869 -
353 5834 394 5884 45.
410 5833 487 5897 saecu
503 5833 577 5885 Fas
597 5861 624 5870 -
643 5834 683 5884 44.
702 5835 808 5885 Romani
825 5836 857 5885 T:
879 5847 932 5885 om.
950 5835 1033 5886 VCO
1052 5862 1079 5872 -
1098 5835 1140 5887 48.
1155 5837 1214 5901 fluia
1229 5838 1281 5889 VC
1301 5864 1329 5875 -
1347 5838 1388 5890 49.
1405 5839 1502 5890 nivem
1518 5840 1538 5890 T
1554 5865 1582 5876 -

263 5912 364 5971 4444444
379 5909 414 5959 T:
432 5912 562 5972 optaverat
578 5908 629 5961 VC
649 5936 676 5945 -
692 5909 773 5973 pretio
789 5910 838 5963 4444
853 5911 943 5976 copiae
958 5910 1008 5961 VT
1027 5910 1084 5976 (sed
1101 5912 1233 5972 4404444444
1249 5915 1291 5973 444
1306 5927 1371 5973 uum
1387 5927 1403 5965 4
1419 5914 1439 5971 Τ
1455 5912 1525 5967 absit
1535 5927 1582 5983 144·
