3800 7350
605 1225 678 1293 an.
701 1225 1042 1291 xxxm-xxxrv.
1067 1222 1114 1308 §s
1136 1220 1285 1290 so-ss.
1543 1215 1606 1282 saa

282 1398 376 1483 genio
399 1396 622 1481 subscriptoris
644 1397 700 1459 tui.
723 1395 816 1472 Quod
831 1396 964 1460 ornabat
984 1394 1077 1458 facile
1100 1394 1213 1469 locum,
1229 1414 1326 1478 quem
1340 1392 1560 1477 prebenderat,
1575 1397 1607 1454 et

281 1500 373 1557 acute
393 1497 490 1555 testes
504 1491 718 1573 interrogabat
732 1498 786 1554 aut
800 1487 818 1525 *
832 1490 865 1566 i,
888 1490 1024 1552 fortasse
1038 1489 1167 1552 fecisset
1179 1498 1216 1552 ut
1231 1495 1266 1551 tu
1281 1508 1322 1551 cx
1335 1486 1446 1573 populi
1461 1503 1607 1548 sermone

281 1583 457 1649 excideres.
490 1582 610 1648 [dcirco
623 1586 797 1648 Decianum
812 1585 835 1665 ³5
850 1604 953 1668 usque
973 1584 1013 1647 ad
1028 1602 1177 1647 coronam
1191 1581 1382 1665 applicuisti.
1405 1577 1478 1654 Sed,
1496 1586 1532 1641 ut
1544 1577 1607 1641 hoc

281 1677 454 1744 consimile
476 1686 541 1753 est,
562 1677 648 1741 haud
670 1679 736 1741 veri
759 1678 862 1741 simile
884 1685 933 1741 est
953 1679 1127 1741 Decianum
1147 1698 1167 1741 a
1188 1678 1299 1740 Flacco
1322 1694 1391 1739 csse
1412 1679 1606 1757 corruptum.

281 1768 333 1836 83.
354 1773 402 1836 lte
422 1772 535 1837 scitote
557 1792 627 1835 esse
649 1779 763 1847 cetera,
783 1772 870 1836 velut
892 1773 978 1856 quod
1000 1772 1044 1836 ait
1064 1772 1220 1834 Lucceius
1241 1771 1277 1832 L.
1291 1770 1438 1833 Flaccum
1456 1768 1517 1832 sibi
1532 1767 1632 1836 dares

282 1864 423 1950 cupisse,
444 1871 482 1930 ut
501 1886 521 1929 a
540 1865 605 1929 lide
627 1886 662 1929 se
683 1866 870 1941 abduceret,
892 1868 1073 1929 sestertium
1094 1866 1226 1929 viciens.
1267 1866 1401 1928 Etcum
1422 1870 1458 1927 tu
1479 1881 1608 1926 accusas

281 1957 440 2048 assutiae,
463 1980 560 2044 quem
582 1959 661 2024 dicis
675 1962 856 2024 sestertium
870 1961 990 2024 viciens
1004 1960 1143 2022 voluisse
1158 1958 1316 2043 perderet
1336 1959 1416 2020 Nam
1431 1956 1510 2041 quid
1523 1975 1609 2020 eme·

281 2056 350 2129 bat,
372 2074 445 2119 cum
467 2062 498 2118 te
520 2054 666 2119 emebat?
696 2055 737 2118 Ut
758 2056 798 2118 ad
820 2075 854 2118 se
876 2054 1049 2118 transires?
1077 2073 1173 2137 quam
1193 2062 1317 2137 partem
1338 2071 1452 2115 causae
1473 2050 1531 2113 tibi
1553 2049 1609 2113 da-

281 2152 409 2214 remus?
439 2149 491 2212 An
519 2156 556 2213 ut
584 2149 767 2213 enuntiares
797 2149 930 2213 consilia
950 2147 1073 2210 Laelii?
1103 2148 1159 2231 qui
1181 2154 1278 2212 testes
1300 2147 1339 2209 ab
1361 2166 1400 2209 eo
1421 2143 1608 2228 prodirent?

283 2241 391 2319 Quid?
413 2263 472 2306 nos
493 2263 559 2307 non
579 2243 786 2307 videbamus?
815 2241 964 2305 Habitare
986 2245 1071 2305 nna?
1105 2242 1186 2317 Quis
1201 2242 1262 2306 boc
1275 2241 1400 2304 nescit?
1423 2237 1559 2301 Tabulas
1574 2237 1647 2305 into

283 2335 384 2399 Laelii
404 2343 560 2421 potestate
581 2336 703 2400 fnisse?
733 2339 813 2399 Num
844 2336 975 2399 dubium
1004 2339 1075 2400 est?
1107 2338 1157 2400 An
1182 2357 1223 2400 ne
1244 2335 1464 2409 vehementer,
1492 2352 1534 2396 no
1555 2351 1609 2395 co·

282 2434 374 2518 piore
402 2434 592 2495 accusares?
623 2432 714 2494 Nunc
742 2430 819 2519 iacis
847 2430 1075 2513 suspicionem:
1103 2431 1147 2494 ita
1177 2433 1263 2495 enim
1284 2429 1412 2505 dixisti,
1445 2434 1481 2493 ut
1501 2426 1608 2491 nescio

282 2526 361 2613 quid
382 2546 403 2590 a
422 2533 462 2589 te
475 2526 677 2610 impetratum
699 2545 769 2588 esse
790 2525 945 2590 videatur.
1535 2534 1537 2539 “

366 2620 514 2684 XXXIV.
535 2615 588 2681 84.
609 2620 651 2682 At
671 2621 755 2683 enim
776 2620 919 2683 Androni
939 2619 1072 2683 Sextilio
1086 2622 1190 2703 gravis
1207 2620 1324 2684 iniuria
1336 2618 1421 2684 lacta
1435 2628 1484 2684 est
1498 2626 1531 2683 et
1543 2639 1608 2683 non

280 2714 430 2790 ferenda,
461 2714 564 2798 qnod,
593 2733 665 2776 cum
695 2723 780 2778 esset
800 2715 868 2778 eius
890 2733 972 2777 uxor
993 2714 1118 2777 Valeria
1137 2715 1287 2779 intestato
1309 2722 1450 2790 mortua,
1478 2714 1523 2778 sic
1545 2714 1646 2797 agitis

281 2832 351 2877 eenr
371 2830 441 2874 rem
460 2808 608 2883 Flaccus,
630 2809 721 2891 quasi
742 2807 782 2871 ad
803 2810 907 2891 ipsum
929 2808 1087 2871 hereditas
1109 2810 1291 2891 pertineret.
1323 2810 1359 2871 ln
1381 2829 1446 2894 quo
1462 2808 1541 2893 quid
1559 2828 1610 2871 re·

280 2902 479 2992 prebendas,
501 2902 582 2965 sciro
604 2901 709 2984 cupio.
752 2902 847 2977 Quod
870 2902 984 2965 falsum
1005 2902 1201 2967 intenderit?
1232 2903 1295 2979 Qui
1316 2903 1436 2966 doces?
1457 2905 1610 2986 ingenua,

281 3002 401 3085 inquit,
429 2996 500 3061 fuit
537 2994 564 3058 0
586 2997 725 3078 peritum
750 2996 828 3059 iuris
849 2995 1029 3059 bomineml
1060 2995 1169 3071 Quid?
1197 2997 1237 3060 ab
1258 2998 1404 3078 ingenuis
1426 2997 1610 3061 mulieribus

281 3090 475 3158 hereditates
496 3089 566 3173 lege
587 3110 653 3153 non
673 3090 830 3154 veniunt?
851 3091 888 3151 ln
908 3108 1054 3163 manum,
1074 3090 1193 3173 inquit,
1215 3098 1417 3154 convenerat
1448 3094 1541 3155 Nunc
1555 3110 1610 3154 au-

283 3187 354 3263 dio;
376 3183 432 3249 sed
455 3203 590 3267 quaero,
613 3204 673 3246 usn
695 3204 735 3247 an
750 3185 973 3267 coemptione?
1006 3184 1070 3246 Usu
1086 3203 1151 3247 nou
1169 3186 1288 3270 potnit;
1310 3184 1392 3248 nibil
1407 3186 1491 3248 enim
1506 3192 1647 3269 potestat

283 3282 323 3345 de
343 3279 445 3343 tutela
458 3278 598 3361 legitima
610 3278 672 3340 nisi
688 3279 829 3341 omnium
843 3284 983 3342 tutorum
997 3278 1182 3342 auctoritate
1198 3279 1347 3343 deminui.
1381 3278 1610 3363 coemptione?

284 3375 439 3441 Omnibus
467 3392 543 3456 ergo
573 3373 771 3448 auctoribus,
802 3373 836 3435 in
866 3372 983 3456 quibus
1012 3381 1097 3435 certe
1126 3374 1273 3437 Flaccum
1300 3374 1399 3438 finisse
1426 3393 1491 3437 non
1513 3372 1609 3435 dices.

283 3469 334 3535 85.
356 3466 559 3551 Relinquitur
578 3466 675 3540 illud,
706 3466 791 3549 quod
814 3466 981 3529 vociferari
1003 3487 1067 3530 non
1089 3468 1227 3543 destitit,
1256 3490 1322 3533 non
1343 3469 1507 3543 debuisse,
1538 3488 1609 3531 cum

282 3571 411 3649 praetor
441 3567 543 3635 esset,
572 3579 664 3622 suum
692 3561 855 3642 negotium
882 3580 977 3643 agere
998 3569 1054 3625 aut
1074 3562 1268 3628 mentionem
1288 3564 1392 3627 lacere
1412 3563 1609 3628 hereditatis.

282 3657 437 3724 Maximus
459 3654 555 3719 audio
577 3654 651 3730 tibi,
674 3655 710 3718 L.
725 3654 874 3729 Luculle,
898 3657 953 3738 qui
975 3654 1015 3719 de
1029 3656 1065 3718 L.
1080 3655 1194 3719 Flacco
1216 3659 1406 3723 sententiam
1428 3658 1549 3722 latums
1564 3673 1646 3734 csso

282 3771 339 3837 pro
370 3758 426 3814 tua
454 3749 571 3817 eximia
600 3749 785 3812 liberalitate
806 3750 1017 3833 maximisque
1039 3747 1203 3814 beneficiis
1223 3755 1258 3816 in
1278 3760 1351 3817 tuos
1372 3756 1498 3818 venisse
1519 3754 1611 3817 here·

281 3845 414 3917 ditatas,
435 3862 508 3905 cum
529 3844 636 3907 Asiam
658 3843 854 3926 provinciam
876 3842 1033 3907 consulari
1054 3844 1187 3928 imperio
1209 3847 1389 3914 obtineres:
1411 3849 1439 3913 si
1461 3850 1533 3934 quis
1556 3870 1610 3915 eas

281 3957 354 4003 suas
377 3957 447 4000 esse
469 3936 622 4013 dixisset,
651 3938 885 4001 concessisses?
919 3939 984 4013 Tu,
1012 3940 1047 4000 Τ.
1070 3939 1172 4014 Vetti,
1203 3942 1230 4003 si
1260 3941 1344 4026 quati
1370 3943 1426 4007 tibi
1448 3944 1482 4007 in
1503 3944 1609 4008 Africa

281 4032 406 4096 venerit
430 4031 609 4106 hereditas,
641 4052 701 4095 usu
729 4030 868 4105 amittes,
900 4051 940 4094 an
969 4039 1058 4096 tunm
1085 4034 1173 4097 nulla
1194 4037 1327 4099 avaritia
1348 4037 1436 4102 salva
1457 4039 1609 4122 dignitate

281 4125 457 4190 retinebis?
483 4128 526 4189 At
546 4125 637 4189 istius
660 4123 845 4188 hereditatis
867 4126 927 4189 iam
950 4126 1088 4190 Globulo
1110 4137 1255 4212 praetore
1277 4131 1381 4193 Flacci
1403 4135 1532 4195 nomine
1552 4149 1647 4216 pecc

282 4222 341 4286 tite
359 4220 519 4305 possessio
541 4226 600 4283 est.
632 4222 703 4283 Non
726 4219 822 4302 igitur
842 4220 1025 4304 impressio,
1047 4241 1111 4284 non
1126 4223 1262 4298 occasio,
1284 4243 1348 4286 non
1362 4224 1427 4300 ris,
1449 4244 1515 4289 uon
1530 4232 1610 4290 tem·

281 4335 359 4401 pus,
381 4334 446 4379 non
466 4314 650 4400 imperium,
676 4333 741 4376 non
763 4332 890 4377 secures
912 4312 953 4376 ad
975 4313 1125 4378 iniuriam
1145 4316 1323 4382 taciendam
1343 4318 1448 4383 Flacci
1468 4319 1609 4385 animum

346 4587 371 4638 t.
388 4586 464 4652 lacib
480 4586 499 4636 B
517 4585 545 4635 et
555 4585 717 4649 Naugerius:
734 4586 818 4649 facere
830 4586 917 4648 Crat.;
935 4586 1015 4649 facete
1030 4585 1080 4635 l.0
1091 4612 1118 4622 —
1137 4587 1162 4636 2.
1175 4587 1349 4652 tnteroqatat
1364 4595 1410 4640 ant
1420 4588 1488 4641 *cd
1502 4592 1611 4644 Cratan-

283 4665 370 4717 drina:
392 4661 566 4727 intersecabat
586 4666 631 4712 ant
650 4661 851 4712 circacnnenietot
870 4673 932 4711 curn
950 4659 994 4710 ed.
1013 4660 1176 4724 Hervagiana
1194 4662 1249 4712 FL.
1275 4661 1379 4714 Delevit
1395 4670 1440 4716 cat
1456 4668 1484 4715 et
1499 4663 1610 4719 lacunae

281 4742 385 4805 mgnum
401 4736 516 4789 Klotzius
532 4739 559 4788 in
576 4737 620 4789 ed.
638 4737 720 4789 ultera
738 4740 847 4790 liavium
865 4738 882 4789 l.
900 4736 918 4789 l.
937 4741 1055 4788 secutus.
1076 4762 1103 4770 -
1126 4736 1233 4800 tamese
1244 4763 1281 4774 -·
1292 4739 1420 4791 manos
1434 4741 1566 4792 lleuutius
1582 4744 1609 4793 in

282 4815 478 4867 Commentario
496 4815 554 4877 (nisi
565 4813 638 4877 quod
654 4820 681 4865 tn
693 4815 804 4878 omisit):
821 4816 929 4876 sortasse
943 4813 1035 4877 sanctis
1051 4817 1073 4862 et
1089 4817 1116 4861 ta
1132 4816 1156 4861 et
1169 4811 1257 4874 popacti
1271 4825 1383 4864 cornone
1399 4817 1526 4878 nauperes
1537 4817 1608 4869 Crat.

282 4893 314 4952 ⁰3
331 4891 439 4955 {crusta
452 4889 533 4954 tmists'
548 4894 572 4939 et
587 4894 615 4938 tn
630 4895 654 4940 et
666 4890 754 4953 populi
770 4903 850 4940 senno
866 4904 898 4941 ne
912 4890 1040 4952 comperce
1056 4900 1118 4939 cum
1136 4887 1179 4937 ed.
1196 4889 1346 4939 Manutianu
1362 4891 1395 4950 F;
1411 4890 1518 4954 sortasse
1532 4893 1612 4957 tectrts'

281 4971 304 5017 et
318 4970 348 5016 at
361 4963 448 5028 papati
463 4977 600 5014 sennonem
616 4966 742 5028 wiperto
757 4967 785 5016 L.
812 4967 851 5016 De
868 4964 958 5016 verbis
975 4964 1090 5026 campere
1100 4963 1128 5014 et
1143 4964 1257 5014 amitere
1273 4965 1343 5016 iuter
1359 4977 1389 5016 so
1406 4969 1564 5031 permutatis
1576 4969 1610 5020 ct.

280 5053 308 5106 p.
321 5040 370 5091 645
385 5053 411 5089 v.
425 5036 465 5103 44,
479 5039 513 5089 de
531 5039 611 5089 domo
628 5053 676 5090 sua
693 5040 708 5104 5
727 5041 767 5091 64.
783 5068 810 5078 -
835 5040 859 5092 l.
877 5041 945 5090 baad
963 5040 1047 5089 Crat:
1071 5039 1109 5088 tta
1131 5039 1199 5088 baad
1219 5052 1281 5090 cnm
1303 5039 1347 5090 ed.
1367 5041 1530 5104 llervagianu
1548 5044 1610 5103 FL,

282 5116 335 5178 [tta]
352 5115 421 5165 band
437 5115 457 5165 0
476 5141 503 5150 —
522 5118 635 5165 estante
653 5129 678 5166 v.
696 5117 836 5167 Decimam
852 5129 901 5166 nos
918 5113 1077 5164 addidimus.
1100 5141 1127 5150 -
1146 5115 1171 5163 ὅ.
1189 5115 1273 5164 scitote
1290 5116 1376 5166 Crat:
1399 5118 1495 5178 εοίιοιο,
1520 5118 1613 5167 ladmen

282 5203 343 5241 cum
361 5188 405 5241 ed.
418 5189 582 5253 llervagiana
601 5191 676 5240 FLO
695 5218 722 5227 -
740 5196 823 5241 cetera
838 5191 999 5253 Naugerius:
1022 5193 1091 5239 certa
1108 5189 1179 5239 Crat.
1197 5190 1226 5239 ln
1243 5189 1295 5239 bac
1311 5202 1377 5240 voce
1395 5190 1491 5242 desinit
1505 5193 1613 5243 Peutin-

282 5267 338 5331 geri
353 5262 578 5329 supplementum.
591 5291 620 5301 -
637 5266 703 5316 celat
714 5279 777 5316 nos:
795 5267 834 5316 oet
845 5266 971 5316 ceteri-
985 5265 1090 5314 Luscius
1101 5265 1147 5314 SA
1162 5291 1189 5300 —
1208 5265 1233 5315 6.
1246 5278 1263 5314 a
1274 5278 1328 5317 om.
1341 5267 1388 5317 St
1401 5293 1428 5303 -
1444 5267 1467 5318 o.
1482 5269 1509 5318 et
1519 5268 1544 5317 l.
1557 5281 1613 5318 sea·

281 5343 383 5394 tertiam
398 5342 415 5392 S
434 5366 461 5377 -
479 5342 512 5391 Et
527 5343 746 5405 crem-prodere
763 5342 818 5405 (sic)
835 5341 918 5392 babet
934 5341 954 5391 B
974 5367 1002 5377 —
1020 5341 1045 5390 i.
1063 5342 1128 5390 dices
1143 5341 1173 5401 S;
1193 5341 1275 5391 ἀίσσω
1290 5343 1310 5391 Β
1323 5367 1350 5377 -
1369 5342 1394 5393 8.
1413 5348 1577 5406 quaspcrtct
1592 5345 1612 5396 l.

283 5443 311 5455 -
330 5418 355 5469 9.
373 5417 411 5467 An
427 5421 456 5468 at
471 5416 694 5482 mandersceat]
718 5419 799 5468 Recta
821 5417 900 5467 totins
923 5415 1002 5466 buius
1022 5413 1073 5465 loci
1094 5416 1269 5481 interpunctio
1287 5415 1401 5467 debetur
1416 5417 1546 5482 iladviglo
1563 5419 1611 5483 Fp.

281 5495 338 5546 crit.
355 5507 382 5559 p.
396 5491 437 5544 ot.
456 5519 484 5529 -
503 5493 544 5543 44.
560 5492 637 5558 Nam]
654 5508 705 5545 non
721 5495 795 5544 sil*
815 5520 842 5530 -
861 5492 901 5542 li.
919 5490 1079 5552 scopilionem
1095 5491 1112 5538 S
1131 5515 1158 5525 -
1178 5489 1219 5540 43.
1238 5505 1255 5541 a
1275 5496 1298 5542 te
1319 5491 1408 5542 STA:
1431 5492 1476 5543 abs
1496 5494 1612 5544 teFLO

285 5596 312 5606 -
331 5567 372 5620 44.
389 5568 488 5620 manlio
509 5568 540 5628 S;
567 5569 680 5620 Sertallio
697 5570 716 5619 B
737 5570 763 5620 in
780 5566 973 5619 commentario
994 5565 1029 5616 ad
1045 5578 1072 5616 v.
1088 5566 1129 5617 20.
1151 5592 1178 5601 —
1206 5567 1247 5616 ts.
1265 5566 1383 5617 totostoto
1403 5567 1450 5617 St
1472 5593 1500 5604 ·-
1527 5567 1567 5618 49.
1586 5567 1614 5618 tn

281 5657 361 5695 mann
375 5644 460 5695 sl·-
479 5643 584 5707 tnqaarn
599 5646 616 5695 S
636 5671 663 5680 -
681 5645 722 5695 20.
741 5657 776 5694 cn
787 5643 871 5693 oms
888 5653 928 5704 pr.
941 5652 978 5690 m.
992 5642 1019 5690 et
1035 5641 1096 5690 Τ-
1113 5640 1183 5691 Ntttt
1196 5642 1442 5704 potert--demtnni
1457 5640 1568 5693 habetit
1581 5668 1609 5679 ·-

281 5721 323 5772 rt.
335 5719 385 5770 ntst
395 5719 428 5769 B:
445 5719 500 5770 sine
514 5720 605 5770 ceteri.
626 5719 663 5770 Ct.
676 5717 844 5780 Wesenberg
865 5716 899 5766 ad
923 5728 962 5765 or.
980 5728 1007 5779 p.
1025 5716 1111 5766 Sestio
1127 5729 1154 5780 p.
1172 5717 1197 5766 5.
1216 5742 1244 5752 -
1264 5716 1384 5780 mtoranr]
1400 5720 1534 5766 aacwrrnn
1549 5718 1569 5767 Τ
1583 5744 1610 5753 -

281 5790 1160 5860 tr.cnsrttnserpotanrttmaacnrtoasL-23.tttnaom.s
1187 5816 1215 5828 -
1239 5789 1438 5842 abumar-
1464 5792 1613 5845 rodeno

283 5854 526 5923 mnmos-
545 5870 765 5926 sonms-
786 5867 959 5923 rnttnr-
978 5865 1348 5930 massmanno·
1367 5864 1614 5933 nassamones

281 5946 450 6012 --pcssesn'a
464 5950 501 6000 est
515 5944 598 6000 babet
612 5945 642 5998 B.
