3800 7350
309 1192 373 1260 788
675 1195 827 1262 ORATIO
848 1195 928 1261 PRO
950 1195 1101 1262 ARCHIA
1121 1195 1256 1263 POETA

311 1387 384 1431 cum
406 1369 621 1451 praetextatus
642 1366 736 1429 etiam
755 1374 823 1430 tum
836 1365 969 1430 Archias
984 1376 1084 1443 esset,
1106 1387 1178 1431 eum
1192 1366 1322 1429 domum
1336 1383 1426 1430 suam
1438 1372 1638 1449 receperunt.

311 1462 336 1543 's
359 1462 422 1527 Sed
442 1461 537 1525 etiam
557 1459 619 1523 hoc
640 1479 704 1523 non
727 1460 829 1523 solum
850 1459 971 1542 ingenii
992 1481 1029 1525 aa
1050 1462 1241 1535 litterarum,
1262 1479 1371 1525 verum
1393 1460 1490 1525 etiam
1503 1468 1637 1525 naturae

311 1564 407 1640 atque
435 1555 573 1629 virtutis,
600 1561 636 1617 at
664 1553 795 1629 domus,
825 1574 908 1637 quae
929 1556 1025 1619 buius
1048 1555 1279 1620 adolescentiae
1300 1555 1402 1637 prima
1423 1553 1496 1631 init,
1524 1554 1637 1619 eadem

311 1658 396 1714 esset
415 1648 661 1713 familiarissima
682 1648 846 1712 senectuti.
890 1646 920 1711 6.
941 1650 1017 1713 Erat
1037 1650 1231 1734 temporibus
1252 1648 1316 1713 illis
1338 1647 1496 1713 iucundus
1514 1648 1554 1725 Q.
1569 1651 1638 1715 ble-

288 1744 386 1809 atello
416 1744 463 1807 illi
485 1742 652 1807 Numidico
682 1750 715 1804 et
736 1742 806 1805 eins
827 1743 882 1807 Pio
903 1743 988 1819 filio;
1017 1744 1204 1808 audiebatur
1224 1763 1243 1806 a
1267 1744 1309 1805 bl.
1330 1742 1483 1819 Aemili03
1511 1743 1638 1808 vivebat

311 1860 382 1902 cum
405 1836 445 1911 Q.
469 1836 579 1901 Catulo
601 1846 633 1900 et
655 1843 743 1919 patre
765 1844 798 1899 et
817 1833 900 1913 fili03
922 1857 941 1901 a
963 1839 998 1899 L.
1015 1837 1128 1901 Crasso
1150 1838 1328 1915 colebatur3
1349 1836 1499 1901 Lucullos
1512 1857 1589 1903 vero
1603 1848 1637 1903 et

309 1935 445 1997 Drusum
475 1939 507 1995 et
535 1930 683 1994 Octavios
711 1937 743 1993 et
767 1929 916 1994 Catonem
940 1938 1089 1995 ettotam
1109 1931 1352 1996 Hortensiorum
1375 1932 1511 2006 domum
1525 1932 1637 2000 devin-

310 2034 389 2091 ctam
412 2024 644 2090 consuetudine
666 2044 737 2086 cum
759 2031 897 2098 teneret,
923 2020 1119 2088 afficiebatur
1139 2046 1262 2090 summo
1282 2025 1423 2101 honore,
1453 2026 1542 2112 quod
1562 2048 1637 2094 eum

309 2142 374 2185 uon
397 2121 499 2185 solum
519 2118 664 2183 colebant
685 2118 741 2202 qni
760 2117 880 2201 aliquid
898 2119 1062 2201 percipere
1077 2127 1173 2203 atque
1187 2120 1298 2192 audire
1318 2120 1505 2199 studebant,
1525 2140 1637 2187 verum

272 2217 404 2280 raetiam
432 2218 460 2279 si
485 2214 541 2299 qui
569 2213 651 2276 forte
685 2212 885 2276 simulabant.
934 2213 987 2274 IV.
1010 2214 1138 2276 Interim
1161 2214 1236 2278 satis
1257 2213 1353 2296 longo
1375 2215 1542 2280 intervallo
1564 2235 1637 2279 urm

309 2317 394 2390 esset
415 2331 484 2372 cum
506 2310 548 2372 Μ.
563 2307 696 2372 Lucullo
718 2308 750 2369 in
773 2306 908 2370 Siciliam
931 2307 1092 2389 profectus
1114 2314 1239 2372 etcum
1262 2328 1302 2372 ex
1324 2328 1363 2372 ea
1383 2309 1548 2394 provincia
1561 2329 1636 2374 cum

309 2402 422 2467 eodem
443 2402 575 2466 Lucullo
598 2402 782 2475 decederet,
802 2401 890 2464 venit
909 2401 1106 2465 Heracleam.
1143 2402 1233 2477 Quae
1255 2423 1326 2467 cum
1348 2411 1432 2468 esset
1452 2404 1565 2469 civitas
1582 2424 1637 2469 ae·

309 2499 462 2581 quissimo
483 2497 553 2559 iure
575 2516 611 2559 ac
631 2494 773 2569 loedere,
795 2494 930 2558 adscribi
953 2515 987 2558 se
1006 2496 1039 2558 in
1054 2515 1124 2559 eam
1138 2496 1297 2559 civitatem
1311 2498 1412 2563 voluit
1425 2497 1541 2582 idque,
1563 2518 1636 2562 cum

307 2592 377 2672 ipse
405 2611 462 2673 per
489 2612 523 2654 se
545 2593 659 2673 dignus
686 2598 865 2674 putaretur,
894 2598 961 2652 tum
983 2591 1168 2654 auctoritate
1190 2597 1223 2653 et
1243 2593 1343 2674 gratia
1364 2591 1488 2656 Luculli
1509 2594 1549 2657 ab
1570 2592 1636 2655 He-

270 2685 512 2749 asracliensibus
534 2685 723 2767 impetravit.
766 2681 797 2746 7.
818 2686 899 2747 Data
921 2691 969 2747 est
990 2684 1100 2747 civitas
1116 2684 1236 2749 Silvani
1255 2685 1325 2768 lege
1346 2694 1378 2750 et
1395 2686 1564 2762 Carbonis,
1588 2686 1635 2750 asi

307 2779 362 2862 qui
384 2779 553 2842 foederatis
576 2778 753 2841 civitatibus
776 2777 927 2860 adscripti
947 2778 1100 2853 fuissent3
1133 2779 1160 2843 si
1183 2788 1266 2854 tum,
1297 2800 1369 2842 cum
1390 2781 1445 2843 lex
1464 2778 1634 2854 ferebatur,

305 2876 340 2937 iu
362 2874 452 2938 ltalia
473 2873 667 2937 domicilium
688 2870 916 2947 habuissent3n
948 2880 981 2936 et
1013 2874 1064 2936 asi
1085 2874 1248 2957 sexaginta
1269 2874 1380 2939 diebus
1401 2875 1487 2958 apud
1508 2880 1635 2959 praeto·

306 2987 373 3032 rem
395 2975 502 3031 essent
522 2966 688 3050 professi.»
728 2965 807 3029 Cum
827 2966 880 3029 bic
903 2966 1097 3030 domicilium
1113 2969 1230 3030 Romae
1244 2968 1360 3031 multos
1381 2967 1445 3031 iam
1463 2988 1564 3032 annos
1576 2968 1635 3031 ba·

305 3062 411 3137 beret,
433 3061 595 3145 professus
617 3068 666 3123 est
679 3059 764 3143 apud
785 3068 962 3144 praetorem
978 3061 1017 3136 Q.
1032 3061 1211 3145 Metellum,
1234 3060 1634 3127 familiarissimorum

268 3154 336 3219 208.
360 3158 394 3219 si
423 3155 501 3219 nibil
529 3154 617 3217 aliud
646 3154 707 3216 nisi
738 3154 925 3218 decivitate
953 3175 989 3217 ac
1011 3155 1080 3237 lege
1103 3154 1255 3230 dicimus,
1284 3155 1366 3219 nihil
1387 3156 1458 3220 dico
1480 3157 1633 3241 amplius;

305 3270 402 3314 causa
422 3248 507 3312 dicta
528 3256 587 3312 est.
625 3248 711 3323 Quid
726 3250 809 3312 enim
823 3249 938 3312 horum
954 3245 1120 3324 infirmari,
1143 3249 1247 3324 Grati,
1269 3252 1396 3334 potasti
1417 3250 1634 3315 Heracleaene

305 3365 375 3409 esse
398 3351 465 3406 tum
487 3341 681 3425 adscriptum
703 3342 855 3424 negabis?
884 3343 984 3406 Adest
1004 3344 1053 3406 vir
1074 3363 1196 3408 summa
1216 3344 1405 3407 auctoritate
1425 3350 1459 3407 et
1478 3343 1634 3427 religione

306 3446 338 3502 et
357 3438 421 3501 fide
443 3438 484 3499 bl.
506 3435 678 3511 Lucullus,
711 3436 823 3519 quise
846 3457 910 3500 non
934 3438 1076 3521 opinari,
1110 3438 1167 3502 sed
1189 3439 1285 3512 scire,
1318 3457 1384 3500 uon
1404 3437 1546 3513 audisse,
1576 3435 1634 3501 sed

305 3532 439 3606 vidisse,
468 3551 532 3594 non
561 3530 759 3604 interfuisse,
790 3531 846 3594 sed
874 3532 978 3613 egisse
1004 3532 1092 3595 dicit.
1135 3533 1259 3596 adsunt
1279 3532 1500 3597 Heraclienses
1521 3530 1633 3615 legati,

268 3626 494 3693 sasbilissimi
519 3624 682 3700 homiues,
709 3624 805 3688 huius
833 3625 944 3689 iudicii
967 3645 1155 3690 causacum
1182 3625 1336 3690 mandatis
1359 3633 1483 3691 etcum
1505 3624 1633 3711 publico

305 3721 485 3786 testimonio
507 3727 681 3793 venerunt,
704 3721 759 3802 qui
779 3719 865 3783 bunc
886 3720 1081 3804 adscriptum
1102 3721 1341 3784 Heracliensem
1363 3720 1482 3785 dicunt.
1514 3718 1575 3783 Hic
1597 3727 1650 3793 tu,

304 3815 428 3880 tabulas
450 3812 611 3876 desideras
631 3812 881 3878 Heracliensium
904 3815 1067 3897 publicas,
1095 3835 1174 3899 quas
1195 3815 1306 3878 Italico
1328 3815 1413 3879 bello
1433 3816 1565 3880 incenso
1585 3821 1632 3879 ta-

303 3909 427 3973 bulario
456 3906 602 3971 interisse
631 3909 749 3971 scimus
778 3928 897 3971 ornnes.
933 3909 992 3971 Est
1020 3908 1189 3972 ridiculum
1216 3907 1334 3983 adea,
1362 3929 1446 3993 quae
1466 3908 1632 3984 babemus,

304 4004 385 4067 nihil
407 4003 527 4076 dicere,
549 4020 720 4084 quaerere,
743 4022 825 4085 quae
846 4003 964 4067 habere
986 4022 1051 4065 non
1072 4023 1256 4087 possumus,
1279 4010 1311 4066 et
1332 4004 1372 4066 de
1386 4002 1552 4070 bominum
1565 4024 1632 4068 me·

266 4098 405 4164 mmoria
425 4104 546 4170 tacere,
568 4094 744 4158 litterarum
766 4097 948 4161 memoriam
971 4098 1130 4180 flagitare,
1157 4104 1188 4160 et
1211 4117 1282 4160 cum
1303 4095 1422 4160 habeas
1443 4098 1631 4183 amplissimi

304 4193 363 4256 viri
384 4189 588 4272 religionem,
618 4191 809 4272 integerrimi
833 4191 996 4274 municipii
1018 4191 1067 4254 ius
1088 4190 1255 4254 iurandum
1276 4188 1450 4274 iidemque,
1472 4210 1525 4267 ea,
1547 4211 1630 4275 quae

303 4285 468 4370 depravari
490 4285 579 4349 nullo
602 4285 697 4349 modo
719 4295 871 4369 possunt,
900 4285 1085 4370 repudiare,
1107 4286 1246 4360 tabulas,
1268 4305 1348 4370 quas
1370 4285 1455 4349 idem
1477 4284 1557 4350 dicis
1578 4306 1630 4349 so-

367 4559 390 4607 4.
406 4557 601 4619 mutuaturi:
616 4583 642 4593 -
660 4556 687 4605 r'a
699 4556 799 4608 domurn
815 4559 843 4617 Ρ,
862 4570 942 4622 quam
959 4556 1101 4609 lectionem
1119 4556 1199 4606 etiam
1216 4555 1243 4606 in
1254 4555 1275 4606 E
1286 4569 1317 4608 se
1328 4555 1463 4607 invenisse
1474 4554 1539 4607 dixit
1548 4556 1630 4608 zum·

300 4633 370 4697 ptius
387 4630 421 4681 ad
438 4631 515 4681 Verr.
533 4645 560 4694 p.
574 4629 630 4681 446.
649 4629 702 4681 Sed
718 4631 778 4682 vide
796 4645 876 4696 supra
893 4646 920 4696 p.
938 4631 996 4683 lii.
1014 4644 1041 4681 v.
1061 4631 1101 4682 39.
1122 4657 1149 4666 -
1168 4633 1192 4681 2.
1212 4631 1260 4682 Sed
1276 4631 1352 4681 etiam
1367 4629 1421 4694 bac]
1438 4629 1487 4680 &d
1502 4630 1568 4681 enin
1583 4629 1630 4680 bae

300 4718 362 4755 cam
379 4704 423 4756 ed.
441 4705 534 4757 Aldina
552 4706 583 4766 ις
602 4707 690 4757 etenim
706 4706 751 4756 tac
768 4719 821 4770 mg.
835 4706 867 4766 H;
886 4709 930 4757 Est
945 4708 999 4757 iam
1015 4708 1060 4757 isac
1071 4707 1240 4765 Garatonius3
1259 4705 1358 4757 Seueri
1374 4705 1427 4755 iam
1442 4705 1488 4757 bac
1504 4706 1629 4756 Stueren-

298 4780 381 4843 burg;
400 4781 449 4830 Sed
464 4781 519 4830 iam
533 4781 579 4830 boc
595 4780 727 4841 Halmius3
746 4782 874 4843 δροείτηωι
891 4783 943 4832 iam
959 4783 1004 4831 bac
1015 4781 1170 4845 Madvigius.
1185 4807 1212 4818 -
1232 4782 1256 4832 3.
1273 4782 1374 4832 vimis
1387 4781 1450 4844 sarit,
1467 4785 1497 4831 ut
1507 4792 1571 4832 cum
1581 4779 1626 4832 ed.

297 4856 397 4905 Veneta
412 4855 444 4918 (a.
457 4854 530 4917 4483)
542 4858 562 4906 L
572 4883 599 4890 —
613 4857 821 4907 adulescentiam
835 4885 861 4895 —
873 4858 922 4920 suit
933 4855 1011 4907 codd.
1025 4857 1248 4920 Lagomarsiniani
1260 4869 1371 4907 novem:
1388 4856 1466 4917 fuerit
1476 4855 1626 4916 64444.ος

295 4930 388 4993 [avait
402 4930 549 4991 Weiskius;
564 4933 676 4993 susara
693 4933 810 4992 Reizius3
827 4934 911 4994 patuit
926 4933 1080 4996 Madvigius.
1095 4957 1122 4967 -
1142 4931 1166 4982 l.
1179 4932 1245 4981 Erat
1255 4957 1292 4968 --
1302 4932 1339 4982 H.
1350 4931 1454 4982 Aeoliis
1467 4928 1551 4981 babet
1567 4931 1584 4980 S
1598 4955 1627 4966 -

296 5006 416 5056 ueardus
427 5008 448 5055 G
462 5033 488 5042 -
503 5008 532 5069 Q.
546 5020 599 5057 am.
613 5009 632 5057 L
646 5034 673 5043 -
691 5008 714 5057 b.
728 5013 752 5056 et
761 5009 804 5057 Pio
815 5008 867 5056 cius
876 5007 928 5071 filia
941 5009 974 5066 L;
987 5007 1035 5057 sed
1051 5005 1083 5056 at.
1098 5019 1146 5070 pro
1156 5004 1276 5057 Cluentio
1292 5005 1365 5069 325:
1382 5005 1413 5057 A.
1425 5005 1532 5056 Aurirrm
1542 5010 1566 5058 et
1574 5005 1629 5056 eiua

295 5081 400 5130 Lucium
415 5080 503 5144 fliium.
530 5082 602 5131 Brut.
621 5081 636 5144 ἓ
654 5081 699 5131 98:
718 5083 773 5132 Ser.
787 5082 882 5143 Galba,
900 5083 971 5132 cuius
987 5082 1052 5132 Gaio
1066 5082 1128 5146 filio.
1152 5083 1191 5132 De
1209 5080 1283 5133 deor.
1302 5083 1357 5131 nat.
1374 5082 1417 5131 111.
1436 5081 1451 5145 Β
1468 5081 1515 5132 39:
1532 5081 1629 5132 Lurco·

296 5155 391 5216 mara,
410 5167 476 5215 auae
491 5155 540 5218 suit
556 5157 612 5217 luo,
631 5161 655 5206 et
670 5157 723 5206 eiras
733 5158 905 5208 Palaemonem
919 5159 1008 5221 tilium.
1024 5185 1051 5194 -
1071 5158 1095 5207 6.
1114 5171 1172 5207 arm
1183 5158 1275 5220 Quinto
1285 5156 1374 5207 mario
1386 5160 1462 5219 patre
1472 5155 1630 5207 --Hortee-

293 5231 389 5280 sionem
406 5230 507 5279 domum
525 5229 607 5280 habet
623 5232 640 5280 S
659 5257 685 5266 -
706 5232 854 5281 Luculleas
874 5260 901 5268 -
921 5233 961 5282 40.
980 5233 1053 5296 longa
1069 5233 1130 5283 satis
1146 5234 1166 5282 L
1185 5261 1213 5271 -
1232 5234 1272 5284 44.
1290 5245 1348 5283 mm
1362 5229 1628 5283 mammaeam-

294 5307 375 5354 tzius:
395 5318 452 5354 cum
468 5304 496 5354 4..
509 5305 612 5354 Lamalle
629 5306 678 5355 GE
689 5306 735 5356 LO
752 5334 785 5343 -
807 5307 919 5358 Ciliciam
942 5321 1004 5358 cum
1022 5306 1065 5357 ed.
1084 5309 1246 5372 Hervagiaoa
1264 5309 1283 5359 L
1300 5335 1333 5346 -
1354 5307 1395 5358 43.
1413 5319 1471 5357 cum
1486 5317 1541 5357 om.
1557 5305 1579 5356 Ρ
1595 5328 1624 5339 -

294 5377 336 5429 li.
355 5379 554 5430 Heracliensibus
570 5381 619 5430 GE
629 5382 646 5430 S
664 5380 779 5444 (ubique)
790 5397 795 5430 :
814 5382 1016 5432 Heraclearsibur
1033 5394 1095 5432 cum
1108 5383 1226 5435 Ernestio
1243 5383 1263 5433 0
1274 5410 1308 5420 —
1324 5384 1366 5433 aa.
1384 5381 1476 5432 Sillaru
1492 5381 1527 5442 H;
1545 5377 1628 5430 wast

294 5456 350 5504 GL.
376 5455 517 5506 Hotomani
542 5458 569 5505 et
589 5457 696 5506 Manuiii
719 5456 933 5507 emendationem
957 5453 1117 5507 confirmare
1141 5458 1245 5509 ridetur
1264 5456 1324 5508 cod.
1343 5458 1450 5521 Legem.
1469 5457 1511 5508 66.
1532 5482 1560 5493 -
1583 5453 1624 5504 49.

290 5534 481 5592 praetoresque
491 5530 616 5580 Metellum
627 5531 647 5581 E
658 5558 691 5568 —
708 5533 748 5582 20.
762 5534 792 5583 dc
802 5533 902 5583 deitate
917 5533 965 5582 bae
978 5533 1030 5596 leae
1041 5534 1184 5585 Puteanus.
1200 5560 1227 5568 —
1246 5533 1287 5583 ii.
1301 5533 1375 5582 Grati
1385 5534 1526 5583 Gruterus:
1544 5529 1627 5596 pratis

293 5605 415 5665 GEPA3
434 5605 547 5655 Graecia
563 5607 591 5655 L.
611 5606 649 5656 Cl.
664 5605 731 5669 549.
746 5633 772 5643 -
792 5609 833 5658 22.
853 5614 906 5658 tum
923 5608 1015 5658 GEP:
1034 5621 1091 5657 eum
1106 5611 1169 5669 Δις
1189 5614 1216 5659 tu
1232 5620 1289 5658 arro
1305 5605 1433 5658 Halmius.
1447 5632 1474 5643 -
1493 5605 1536 5657 23.
1552 5604 1626 5656 HG

291 5676 354 5727 EA:
373 5679 402 5728 1..
421 5691 483 5729 cum
500 5677 544 5728 ed.
563 5680 726 5743 Herragiana
744 5683 804 5741 L0;
832 5696 885 5733 om.
904 5685 924 5733 Ρ
940 5709 974 5719 -
990 5684 1090 5733 caduce
1107 5685 1169 5734 GE:
1197 5683 1320 5734 aedicius
1335 5681 1417 5732 ALO
1435 5705 1464 5720 -
1482 5682 1523 5734 25.
1541 5677 1624 5743 badar]

291 5753 335 5814 qui
345 5753 418 5803 luisse
428 5767 491 5804 cum
503 5753 546 5804 ed.
558 5755 701 5805 camerarii
714 5757 733 5805 L
747 5785 775 5796 -
788 5758 828 5809 26.
841 5763 962 5808 uenerunt
973 5755 1120 5809 delendum
1132 5761 1225 5810 censet
1235 5756 1435 5811 Mommsenius.
1445 5783 1472 5794 -
1485 5754 1625 5817 mium

289 5826 420 5878 Heracliae
430 5841 481 5878 erae
491 5829 577 5880 durat
586 5831 606 5880 L
615 5846 621 5891 ;
640 5832 792 5894 adscriptam
803 5838 821 5898 ÷
832 5835 1017 5884 Heracleensem
1033 5834 1120 5884 dicuat
1131 5834 1151 5884 0
1162 5860 1196 5871 -
1211 5834 1251 5884 bic
1260 5838 1289 5883 iu
1299 5831 1399 5882 tabariae
1409 5831 1529 5882 adderes
1538 5830 1623 5881 Heru-

288 5901 424 5965 cliearium,
438 5905 622 5966 auariotuiree
631 5907 722 5958 mmor
731 5920 814 5960 maaca
824 5909 905 5962 hebet
917 5912 933 5960 S
943 5937 972 5947 -
983 5910 1026 5961 27.
1038 5909 1142 5962 tabelias
1152 5910 1269 5961 GEP-
1279 5908 1321 5962 28.
1332 5906 1620 5974 tumulariam.
