3800 7350
317 1161 399 1229 tito
661 1168 813 1233 ORATIO
834 1171 912 1235 PIIO
936 1173 972 1234 T.
993 1172 1120 1236 ANNIO
1141 1172 1298 1237 MILONE

317 1358 371 1401 cur
391 1336 526 1409 miserit,
550 1336 578 1397 si
599 1335 632 1396 id
654 1336 760 1417 potius
783 1341 926 1427 quaeris,
950 1359 1044 1422 quam
1067 1360 1122 1402 eur
1140 1359 1251 1421 parum
1266 1338 1380 1422 amplis
1396 1340 1656 1422 0440000441)ηο-

315 1430 407 1505 miis,
429 1428 533 1492 nescis
554 1427 675 1491 inimici
697 1428 814 1492 factum
836 1431 1080 1513 reprehendere.
1124 1430 1175 1494 58.
1195 1432 1284 1495 Dixit
1299 1432 1384 1495 enim
1396 1431 1448 1496 hic
1463 1434 1568 1507 idem,
1594 1430 1655 1514 qni

316 1524 420 1587 omnia
441 1540 567 1604 semper
588 1530 770 1596 constanter
793 1530 824 1586 et
845 1524 984 1598 fortiter,
1007 1526 1048 1587 II.
1069 1525 1163 1599 Cato,
1183 1532 1215 1587 et
1230 1524 1312 1589 dixit
1325 1526 1358 1587 in
1373 1525 1557 1589 turbulenta
1572 1543 1656 1587 con·

314 1620 418 1692 tione,
450 1636 532 1699 quae
560 1621 666 1679 tamen
694 1615 791 1679 buius
821 1618 1009 1680 auctoritate
1037 1617 1158 1700 placata
1181 1625 1246 1691 est,
1276 1637 1341 1680 non
1362 1618 1507 1681 libertate
1530 1617 1655 1690 solum,

288 1711 371 1774 tsed
394 1710 488 1773 etiam
511 1708 655 1771 omnibus
677 1709 825 1791 praemiis
848 1710 1050 1792 dignissimos
1072 1709 1188 1785 tuisse,
1211 1711 1268 1794 qui
1288 1710 1409 1773 domini
1425 1718 1521 1793 caput
1535 1709 1655 1775 delen-

314 1803 444 1866 dissent.
487 1799 583 1876 Quod
613 1801 697 1864 enim
726 1802 901 1883 praemium
930 1803 1006 1866 satis
1039 1822 1186 1884 magnum
1209 1810 1258 1866 est
1278 1811 1343 1866 tam
1364 1804 1545 1879 benevolis,
1582 1811 1654 1867 tam

311 1896 420 1970 bonis,
442 1903 508 1958 tam
529 1894 677 1957 fidelibus
700 1895 816 1968 servis,
838 1903 969 1977 propter
990 1915 1069 1979 quos
1084 1895 1185 1959 vivit?
1208 1897 1269 1958 etsi
1291 1896 1324 1959 id
1340 1896 1469 1978 quidem
1483 1916 1550 1960 non
1566 1897 1654 1960 tanti

312 1998 377 2065 est,
400 2008 496 2071 quam
518 1986 606 2069 quod
629 1994 758 2069 propter
778 1987 908 2051 eosdem
932 2007 998 2050 non
1020 1988 1173 2069 sanguine
1196 1996 1228 2050 et
1242 1988 1428 2052 vulneribus
1450 1988 1517 2052 suis
1531 1988 1654 2052 crude-

311 2083 423 2147 lissimi
453 2080 574 2145 inimici
604 2086 741 2142 mentem
771 2080 945 2164 oculosque
973 2080 1110 2144 satiavit.
1155 2079 1245 2155 Quos
1275 2080 1339 2144 nisi
1368 2100 1462 2146 manu
1494 2083 1652 2154 misisset,

273 2184 300 2230 ⁴⁰
311 2175 476 2239 tormentis
499 2174 594 2237 etiam
617 2172 755 2235 dedendi
777 2171 905 2236 luerunt
926 2182 1163 2236 conservatores
1186 2172 1322 2248 domiui,
1355 2175 1474 2240 ultores
1502 2175 1650 2248 sceleris,

190 2290 192 2294 ¹
311 2268 496 2332 defensores
517 2267 615 2329 necis.
647 2265 707 2328 Hic
729 2285 805 2328 vero
827 2266 907 2328 nihil
928 2266 1025 2328 babet
1045 2265 1143 2329 iubis
1158 2266 1266 2342 malis,
1290 2269 1375 2350 quod
1391 2268 1650 2332 minusmoleste

309 2360 407 2435 ierat,
430 2379 543 2444 quam,
566 2358 709 2422 etiamsi
732 2357 809 2440 quid
831 2358 891 2441 ipsi
914 2359 1051 2433 aecidat,
1079 2378 1149 2422 csse
1171 2366 1276 2423 tamen
1298 2360 1363 2423 illis
1384 2364 1529 2425 meritum
1552 2372 1649 2445 prae·

311 2457 408 2518 mium
431 2453 639 2536 persolutum.
683 2449 734 2512 59.
758 2450 820 2513 Sed
843 2451 1047 2533 quaestiones
1069 2458 1182 2534 urgent
1203 2452 1374 2529 Milonem,
1399 2474 1480 2539 qnae
1495 2462 1571 2518 sunt
1587 2455 1649 2517 ba·

309 2546 395 2613 bitae
417 2566 502 2609 nunc
523 2546 557 2608 in
573 2545 653 2607 atrio
668 2543 845 2611 Libertatis.
880 2542 1080 2618 Quibusnam
1095 2544 1134 2607 dc
1150 2546 1271 2608 servist
1296 2547 1441 2630 allegas?
1464 2547 1504 2610 de
1518 2549 1553 2610 P.
1571 2547 1648 2612 Clo·

205 2657 208 2665 ·
271 2640 383 2704 tedii.»
420 2638 499 2714 Quis
522 2657 577 2701 eos
598 2636 797 2719 postulavit?
823 2636 993 2719 «Appius»
1030 2635 1109 2711 Quis
1131 2636 1308 2719 produxit?
1334 2641 1503 2722 «Appius»
1528 2639 1647 2704 Unde?

310 2734 376 2796 «Ab
398 2732 530 2816 Appio.»
572 2728 610 2792 ni
639 2728 734 2791 bonit
770 2728 848 2811 quid
870 2734 976 2810 potest
997 2730 1048 2810 agi
1071 2730 1234 2792 severius?
1270 2733 1317 2794 De
1339 2734 1439 2797 servis
1461 2734 1550 2796 nulla
1570 2733 1646 2816 lege

309 2828 454 2910 quaestio
476 2829 525 2889 est
546 2823 580 2885 in
601 2821 766 2884 dominum
788 2820 850 2884 nisi
873 2819 913 2883 de
934 2821 1077 2894 incestu,
1099 2830 1135 2885 ut
1156 2821 1218 2886 tuit
1239 2823 1274 2885 in
1297 2824 1453 2888 Clodium.
1493 2826 1645 2891 Proxime

308 2919 386 2983 deos
408 2918 543 2982 00000044
564 2915 711 2989 Clodius,
732 2913 867 2995 propius
892 2933 988 2996 quam
1010 2921 1095 2989 tum,
1117 2934 1189 2977 cnm
1210 2915 1250 2978 ad
1271 2916 1358 3000 ipsos
1373 2927 1565 2999 penetrarat,
1587 2938 1645 2982 cu·

306 3015 357 3078 ius
391 3012 430 3076 de
462 3018 564 3075 morte
592 3017 753 3090 tamquam
782 3005 822 3069 de
851 3006 1052 3070 caerimoniis
1082 3007 1207 3071 violatis
1236 3010 1408 3092 quaeritur.
1446 3012 1509 3075 Sed
1534 3019 1644 3076 nmen

268 3108 442 3174 tomaiores
464 3103 565 3168 nostri
587 3102 622 3164 in
644 3102 808 3163 domiuum
830 3100 870 3161 de
892 3120 984 3163 servo
1007 3102 1116 3184 quaeri
1139 3101 1322 3177 noluerunt,
1344 3123 1409 3165 non
1433 3104 1511 3187 quin
1532 3111 1644 3187 posset

306 3221 415 3265 verum
437 3197 589 3270 inveniri,
612 3194 668 3258 sed
691 3194 766 3276 quia
787 3190 955 3255 videbatur
975 3193 1141 3275 iudignum
1165 3215 1235 3258 esse
1257 3203 1289 3258 et
1312 3195 1434 3259 domini
1453 3205 1556 3261 morte
1571 3198 1644 3281 ipsa

306 3296 444 3360 tristius:
474 3294 507 3355 in
537 3310 626 3353 rcum
656 3285 695 3348 de
725 3304 816 3348 servo
845 3285 1038 3349 accusatoris
1067 3306 1139 3348 eum
1162 3288 1343 3369 quaeritur,
1371 3309 1482 3353 verum
1503 3289 1642 3353 inveniri

306 3389 435 3471 potest?
478 3380 531 3445 60.
551 3387 617 3464 Age
637 3397 730 3452 vero,
754 3396 836 3460 quae
858 3385 925 3440 erat
946 3387 1000 3441 aut
1024 3378 1128 3460 qualis
1151 3380 1323 3462 quaestio?
1355 3381 1443 3445 Heus
1465 3390 1516 3457 tu,
1538 3380 1642 3458 Rufio,

306 3482 395 3545 verbi
424 3496 536 3550 causa,
565 3495 641 3538 cave
667 3473 711 3535 sis
743 3470 925 3533 mentiaris:
958 3470 1085 3533 Clodius
1116 3471 1248 3534 insidias
1269 3472 1347 3536 tecit
1368 3474 1501 3537 Milonit
1531 3476 1641 3539 Fecit:

268 3582 394 3637 aecana
415 3591 505 3636 crux.
540 3567 651 3630 Nullas
673 3564 764 3627 iecit:
786 3570 912 3645 sperata
933 3563 1071 3626 libertas.
1106 3563 1190 3638 Quid
1212 3563 1272 3627 bac
1294 3568 1479 3648 quaestione
1499 3569 1641 3632 certius?

306 3668 416 3732 Subito
446 3662 567 3746 abrepti
595 3662 631 3724 in
658 3657 880 3742 quaestionem
909 3663 1016 3721 tamen
1045 3665 1233 3740 separantur
1262 3660 1417 3735 austeris
1439 3666 1472 3725 et
1493 3662 1526 3725 in
1547 3681 1641 3726 meas

306 3761 537 3830 coniiciuntur,
565 3775 606 3818 ne
635 3753 707 3836 quis
735 3770 807 3813 cum
833 3751 874 3814 iis
891 3750 1045 3833 'cossoqui
1073 3752 1190 3834 possit:
1222 3751 1256 3814 bi
1287 3761 1415 3817 centum
1437 3753 1507 3820 dies
1539 3775 1640 3837 penes
1727 3820 1730 3826 ,

305 3860 521 3919 accusatorem
552 3867 623 3911 cum
650 3844 802 3918 fuissent,
830 3843 869 3906 ab
892 3862 931 3907 eo
953 3844 1023 3927 ipso
1045 3851 1231 3907 accusatore
1252 3845 1400 3928 producti
1422 3854 1506 3911 sunt
1552 3846 1640 3922 Quid

303 3946 363 4010 bae
386 3944 574 4029 quaestione
592 3939 656 4002 dici
677 3943 783 4020 potest
804 3936 980 4018 integrius?
1003 3935 1080 4019 quid
1103 3937 1338 4021 incorruptius?

265 4055 295 4104 eo
389 4036 507 4100 XXIII.
529 4028 581 4095 64.
604 4031 698 4106 Quod
728 4030 755 4092 si
786 4027 929 4091 nondum
959 4029 1035 4092 satis
1063 4029 1206 4104 cernitis,
1235 4051 1307 4094 cum
1334 4052 1386 4096 res
1411 4033 1482 4116 ipsa
1502 4042 1552 4098 tot
1573 4043 1638 4100 tam

305 4131 398 4194 claris
426 4123 621 4211 argumentis
649 4121 812 4204 signisque
833 4120 953 4196 luceat,
981 4140 1062 4204 pura
1083 4130 1188 4185 mente
1210 4131 1307 4206 atque
1328 4125 1452 4207 integra
1473 4127 1638 4204 Milonem,

304 4224 394 4286 nullo
423 4220 542 4284 scelere
566 4215 738 4289 imbutum,
766 4212 857 4276 nullo
878 4222 966 4279 metu
987 4214 1205 4297 perterritum,
1234 4215 1323 4281 nulla
1345 4220 1540 4284 conscientia
1561 4242 1638 4287 exa-

304 4316 456 4378 nimatum
483 4313 616 4375 Romam
643 4308 830 4381 revertisse,
863 4307 1090 4382 recordamini,
1123 4327 1181 4388 per
1201 4309 1278 4372 deos
1306 4310 1519 4377 immortalesl
1553 4334 1637 4397 quae

302 4407 400 4470 tuerit
420 4405 565 4468 celeritas
587 4401 707 4467 reditus
730 4402 817 4475 eius,
839 4402 895 4484 qui
916 4402 1079 4482 ingressus
1101 4401 1134 4462 in
1155 4400 1260 4464 lorum
1281 4403 1413 4467 ardente
1431 4405 1530 4480 curia,
1553 4425 1636 4489 quae

265 4498 488 4583 asmagnitudo
516 4497 629 4572 animi,
660 4495 715 4578 qni
736 4494 859 4568 vultus,
887 4513 971 4576 quae
1000 4494 1110 4556 oratio.
1153 4495 1265 4576 Neque
1287 4515 1363 4559 vero
1386 4517 1421 4559 se
1443 4499 1562 4583 populo
1585 4520 1637 4563 so·

370 4713 395 4764 3.
408 4717 431 4762 et
447 4711 513 4762 dixit
528 4711 587 4761 TE:
606 4710 719 4771 04044000
730 4710 773 4759 so
786 4734 813 4745 -
833 4706 858 4758 4.
867 4712 966 4770 pacato
976 4707 1130 4772 Nipperdey
1142 4708 1235 4770 (444404.
1248 4709 1400 4762 Scaeam
1413 4714 1456 4773 444,
1469 4727 1496 4778 p.
1509 4713 1557 4767 tta
1568 4716 1634 4780 sq),

305 4787 354 4839 aed
371 4787 405 4838 04.
424 4784 689 4849 (1400404563.-
709 4784 734 4833 6.
751 4782 871 4833 beseleelis
887 4782 961 4832 TES
978 4808 1012 4820 -
1028 4783 1069 4832 44.
1086 4782 1160 4832 iiiii
1180 4807 1207 4817 -
1227 4780 1268 4832 44.
1286 4785 1323 4846 ds]
1342 4786 1394 4836 dt
1413 4812 1441 4823 -
1459 4788 1501 4838 lb.
1520 4790 1581 4852 (4040
1595 4802 1638 4840 eos

301 4862 438 4926 postulavit
454 4860 597 4924 (appellavit
613 4858 704 4921 Isidi?
725 4858 827 4921 Appiae.
847 4859 908 4920 Quis
920 4859 1062 4923 produxit?
1083 4859 1178 4921 Appias
1196 4859 1368 4919 QuintiIianus
1385 4862 1431 4924 IX,
1450 4862 1474 4923 3,
1493 4862 1525 4912 30
1543 4866 1570 4914 04
1586 4865 1637 4914 Isi-

303 4937 386 4988 dorus
403 4935 590 4999 0Npp.11,tt‚
604 4934 644 4983 44.
658 4959 685 4969 -
703 4932 744 4983 444.
763 4932 797 4981 444
813 4932 881 4982 TE:
900 4933 944 4983 044
961 4935 1005 4983 so
1020 4959 1045 4969 —
1065 4933 1104 4983 00
1119 4933 1280 4983 semis-ein
1297 4935 1409 4984 0404404
1424 4934 1556 4988 scholium
1574 4951 1635 4989 esse

302 5011 407 5061 videtur
423 5009 580 5059 Heumauno
598 5007 626 5056 et
641 5005 721 5056 Balio
737 5005 849 5069 petitum
867 5017 929 5055 cum
946 5005 1052 5056 aliunde
1069 5008 1127 5056 tum
1143 5018 1176 5056 ex
1193 5010 1262 5058 Part.
1281 5009 1352 5058 oret.
1365 5008 1381 5071 5
1393 5009 1450 5060 448.
1464 5036 1492 5045 -
1509 5011 1563 5076 leae
1579 5025 1634 5063 om.

303 5085 323 5135 T
338 5109 364 5120 -
385 5085 424 5133 44.
438 5081 565 5132 deotmar
581 5079 660 5130 TES:
678 5079 790 5128 00444404
801 5079 821 5128 0
832 5104 865 5116 -
881 5079 999 5130 Promiase
1015 5080 1072 5130 deos
1087 5080 1189 5130 occesdt
1204 5080 1305 5132 habent
1320 5082 1469 5134 Priscianus
1485 5084 1574 5147 XVIII,
1591 5085 1633 5148 2³,

302 5159 351 5210 tra
368 5161 396 5209 et
411 5157 555 5208 ArusIanus
572 5168 598 5218 p.
616 5155 665 5204 444
682 5153 726 5204 00.
744 5153 864 5204 liudem.
879 5178 905 5189 -
926 5154 967 5204 48.
986 5153 1051 5218 deos]
1068 5155 1095 5204 ie
1111 5155 1168 5205 deos
1184 5155 1204 5205 F.
1218 5182 1246 5194 -
1263 5157 1359 5207 clodius
1374 5158 1478 5208 00000044
1493 5158 1514 5208 Ε
1527 5183 1555 5195 -
1569 5171 1636 5222 pro-

297 5232 365 5296 pias]
383 5234 448 5294 qaod
462 5232 535 5293 prins
550 5230 570 5279 Τ
583 5255 609 5265 -
628 5229 669 5277 40.
688 5229 718 5278 do
733 5240 803 5278 servo
820 5241 874 5278 om.
892 5227 913 5278 E
929 5227 1007 5291 prob.
1019 5229 1157 5279 Wundero
1177 5230 1236 5280 Ver.
1248 5231 1325 5282 40044.
1341 5244 1368 5296 p.
1381 5233 1511 5283 LXXXIII.
1524 5257 1555 5271 -
1573 5235 1635 5296 qesta

168 5304 175 5319 ‘
301 5304 437 5356 Halmius:
456 5307 518 5367 quio
533 5299 549 5353 ii
567 5303 630 5363 TE;
649 5304 710 5365 quio
725 5316 775 5352 ooo
793 5303 869 5353 CSO
884 5326 910 5338 —
929 5303 972 5352 44.
990 5315 1041 5352 esse
1057 5304 1148 5353 TES:
1172 5316 1224 5354 orn.
1246 5306 1295 5356 CO
1312 5333 1346 5345 —
1362 5308 1455 5357 domiai
1472 5305 1568 5358 TES²:
1587 5309 1635 5359 do-

300 5381 375 5431 micia
392 5381 411 5430 C
421 5381 460 5438 S¹;
478 5377 615 5430 Wundero
634 5375 778 5428 delendum
788 5376 937 5428 ridebatur.
954 5403 981 5413 -
1000 5378 1041 5428 44.
1060 5377 1164 5427 tristius.
1181 5379 1211 5427 Io
1226 5392 1299 5429 resno
1314 5381 1348 5440 0;
1366 5381 1416 5432 sed
1432 5379 1554 5432 videatur
1564 5383 1634 5434 Wex

301 5453 337 5504 ad
352 5455 433 5505 Taciti
450 5453 536 5516 Agrip.
554 5465 582 5517 p.
595 5452 636 5502 40.
651 5478 677 5488 -
696 5465 769 5503 secato
785 5452 845 5502 TE:
862 5453 940 5502 004044
950 5453 971 5503 0
982 5477 1010 5488 -
1023 5451 1064 5503 44.
1077 5452 1143 5502 Hora
1158 5457 1186 5502 tu
1202 5454 1272 5518 440140
1288 5453 1371 5505 babet
1382 5454 1555 5517 Quintilianus
1565 5457 1632 5519 VIII,

301 5529 325 5590 3,
344 5528 385 5579 44.
401 5554 427 5565 -
449 5527 491 5578 44.
508 5526 638 5578 mesura
654 5527 760 5578 TEW:
786 5528 910 5577 mediare
926 5527 971 5577 So
985 5553 1013 5564 —
1030 5527 1072 5577 46.
1090 5526 1187 5590 abrepti
1203 5529 1241 5579 E:
1259 5531 1357 5592 mepte·
1372 5531 1461 5592 Tso;
1480 5531 1514 5582 04.
1531 5545 1559 5597 p.
1572 5531 1631 5594 568,

300 5603 367 5653 4.-
385 5606 539 5665 saporantur
555 5602 668 5652 umori
684 5624 710 5635 -
728 5601 768 5650 44.
788 5600 945 5652 0004044004
961 5600 1010 5652 ’444
1029 5626 1056 5638 -
1075 5602 1186 5653 cumbis
1202 5603 1497 5666 tas-possesn-
1516 5606 1634 5659 34000·

298 5677 407 5740 pitotam
421 5677 575 5743 Nipperdey
585 5676 671 5727 Pbttol.
682 5675 834 5726 8044004οι0.
846 5676 881 5726 444
897 5688 926 5739 p.
938 5673 996 5726 444.
1008 5700 1035 5712 -
1055 5673 1096 5726 34.
1113 5676 1198 5739 mot
1209 5677 1250 5727 TS
1264 5702 1298 5714 -
1314 5676 1458 5742 44..Νοοω
1472 5693 1533 5732 00νο
1543 5705 1581 5718 ·-
1591 5679 1633 5731 saei

297 5755 399 5801 motus
414 5755 494 5801 sotem
509 5764 565 5806 roo
577 5764 605 5813 p.
622 5750 780 5802 0000440004
795 5747 888 5813 aqum
908 5750 1043 5803 nummus
1059 5750 1090 5803 ds
1104 5752 1149 5816 pp.
1165 5755 1227 5804 eet.
1245 5756 1269 5804 et
1284 5751 1344 5804 0400.
1364 5751 1380 5816 5
1395 5752 1428 5806 40
1445 5755 1473 5806 04
1488 5754 1632 5810 nutmm

299 5822 406 5891 Capella
422 5823 438 5891 8
454 5825 513 5880 tto.
