3800 7350
687 1209 760 1275 cn».
783 1211 962 1276 n-vrn.
989 1209 1035 1296 ss
1058 1207 1203 1277 t3-t7.
1525 1206 1609 1274 mro

285 1400 356 1455 ore,
379 1380 412 1442 in
433 1397 579 1442 sermone
601 1380 751 1443 omnium.
788 1383 923 1444 Tantum
945 1389 1049 1444 autem
1073 1382 1181 1445 aberat
1197 1401 1216 1445 a
1231 1382 1333 1455 bello,
1356 1388 1406 1456 ut,
1429 1402 1499 1445 cnm
1521 1383 1610 1466 cupi·

286 1475 382 1538 ditate
409 1473 563 1536 libertatis
591 1474 681 1537 ltalia
710 1475 849 1550 arderet,
878 1474 1015 1539 demerit
1036 1477 1152 1540 civium
1174 1477 1285 1539 studiis
1307 1475 1414 1557 potius
1436 1495 1531 1558 quam
1554 1495 1609 1540 eos

285 1569 318 1632 in
339 1587 498 1632 armornm
522 1565 689 1630 discrimen
711 1569 890 1633 adduceret.
927 1571 1039 1653 ltaque
1061 1569 1107 1631 illi
1129 1570 1204 1654 ipsi,
1232 1571 1259 1632 si
1281 1570 1337 1653 qui
1359 1578 1446 1644 sunt,
1469 1572 1525 1653 qui
1546 1578 1610 1633 tar·

285 1663 415 1727 dilatem
442 1662 530 1724 Bruti
558 1660 808 1744 reprehendant,
837 1671 943 1727 tamen
971 1665 1055 1729 idem
1084 1665 1333 1727 moderationem
1360 1666 1632 1793 patientiamque⁸

283 1758 446 1821 mirantur.

368 1846 418 1914 lb.
442 1849 504 1913 Sed
527 1850 590 1914 iam
608 1851 719 1925 rideo,
742 1872 824 1934 quae
846 1852 1035 1936 loquantum
1057 1873 1162 1935 neque
1186 1854 1270 1917 enim
1289 1854 1322 1917 id
1338 1854 1463 1917 occulte
1479 1853 1607 1917 faciunt.
1636 1856 1639 1863 '

283 1946 409 2009 Timere
430 1964 465 2007 se
486 1943 613 2018 dicunt,
641 1957 709 2027 'quo
732 1947 827 2010 modo
848 1947 950 2010 ferant
972 1949 1110 2010 veterani
1133 1948 1306 2011 exercitam
1328 1949 1460 2010 Brutum
1481 1946 1608 2009 babere.

284 2038 383 2115 Quasi
411 2058 487 2101 vero
515 2038 689 2122 quidquam
715 2041 838 2107 intersit
859 2044 942 2105 inter
964 2044 999 2103 Α.
1021 2041 1131 2114 Hirtii,
1161 2041 1194 2103 C.
1216 2042 1353 2115 Pansae,
1383 2043 1420 2103 D.
1441 2042 1545 2114 Bruti,
1574 2038 1607 2100 C.

284 2132 428 2196 Caesaris
450 2140 482 2195 et
502 2131 588 2195 bunc
611 2134 784 2196 exercitum
807 2138 849 2199 Μ.
871 2137 970 2199 Bruti.
1006 2136 1085 2197 Nam
1108 2134 1134 2196 si
1157 2142 1307 2218 quattuor
1329 2135 1485 2197 exercitus
1508 2134 1545 2207 ii,
1568 2132 1607 2193 de

284 2226 401 2311 quibus
431 2225 514 2299 dixi,
547 2235 713 2309 propterea
746 2227 931 2303 laudantur,
964 2228 1049 2312 quod
1078 2249 1135 2311 pro
1165 2229 1274 2311 populi
1303 2230 1435 2291 Romani
1463 2227 1646 2292 libertatem

283 2340 369 2385 arma
391 2325 555 2403 ceperunt,
579 2319 725 2402 quidest
746 2340 802 2382 cur
823 2322 874 2384 bic
896 2326 938 2385 M.
954 2322 1041 2384 Bruti
1064 2325 1221 2386 exercitus
1244 2344 1307 2386 non
1330 2325 1362 2386 iu
1384 2321 1494 2386 eadem
1513 2338 1608 2382 causa

283 2417 443 2499 ponatur?
476 2416 516 2475 At
544 2414 628 2475 enim
656 2416 812 2477 veteranis
841 2426 1019 2499 suspectum
1042 2436 1158 2479 nomen
1182 2427 1230 2480 est
1257 2419 1299 2480 Μ.
1321 2418 1420 2478 Bruti.
1466 2413 1607 2494 Magisne

284 2527 377 2591 quam
399 2507 546 2569 Decimi?
577 2508 732 2590 Equidem
754 2528 818 2571 non
840 2510 990 2572 arbitror:
1013 2513 1070 2573 etei
1092 2521 1140 2575 est
1155 2512 1239 2574 enim
1257 2513 1425 2573 Brutorum
1440 2525 1607 2571 commune

282 2604 399 2667 lactum
422 2610 454 2665 et
473 2602 577 2666 laudis
600 2605 733 2667 societas
755 2625 872 2687 aequa,
894 2604 1024 2666 Decimo
1047 2613 1151 2667 tamen
1174 2606 1318 2668 iratiores
1333 2611 1423 2666 erant
1441 2602 1481 2675 ii,
1504 2600 1558 2683 qui
1573 2599 1607 2662 id

282 2697 398 2760 laetum
426 2696 591 2771 dolebant,
621 2717 684 2781 quo
714 2698 820 2762 minus
850 2698 889 2760 ab
919 2716 958 2760 eo
986 2716 1051 2759 rem
1082 2698 1167 2760 illam
1191 2697 1338 2761 dicebant
1357 2697 1427 2760 fieri
1448 2694 1645 2759 debuissem

283 2788 367 2865 Quid
394 2809 469 2872 ergo
500 2800 596 2872 agunt
617 2812 699 2855 nnnc
723 2801 769 2855 tot
791 2794 947 2855 exercitus
971 2792 1031 2853 nisi
1055 2801 1089 2854 ut
1111 2793 1275 2855 obsidione
1298 2794 1412 2856 Brutus
1434 2789 1606 2853 liberetur?

282 2884 345 2959 Qui
376 2891 480 2947 antem
511 2884 571 2946 bos
593 2885 750 2948 exercitus
773 2884 915 2947 ducunt‘i
945 2886 988 2960 Ii,
1010 2886 1124 2959 credo,
1148 2886 1203 2969 qui
1228 2886 1261 2948 C.
1285 2885 1426 2948 Caesaris
1447 2903 1499 2946 res
1520 2890 1607 2946 actas

282 2978 398 3051 everti,
421 2978 477 3060 qui
499 2997 626 3040 causam
648 2986 868 3042 veteranorum
891 2979 983 3062 prodi
1006 2979 1126 3043 volunt.
1170 2980 1252 3042 Vlll.
1273 2975 1324 3040 lli.
1347 2979 1381 3041 Si
1404 2978 1473 3061 ipse
1488 2979 1608 3040 viveret

283 3070 316 3134 C.
339 3069 471 3144 Caesar,
492 3072 610 3145 acrius,
633 3071 745 3145 credo,
767 3080 836 3136 acta
857 3092 914 3135 sua
936 3072 1138 3148 defenderet,
1160 3094 1255 3157 quam
1271 3072 1319 3135 vir
1339 3072 1531 3135 fortissimus
1551 3069 1607 3134 de·

280 3164 384 3228 fendit
405 3164 543 3228 Hirtius:
566 3172 621 3226 aut
641 3166 771 3228 amicior
785 3185 898 3229 causae
915 3168 1081 3251 quisquam
1104 3167 1236 3229 inveniri
1259 3172 1364 3248 potest
1385 3185 1480 3248 quam
1502 3161 1644 3228 liliusiao

281 3262 322 3321 At
348 3256 459 3320 borum
488 3258 580 3333 alter,
610 3260 750 3321 nondum
780 3280 820 3322 ex
848 3261 1078 3344 longinquitate
1106 3260 1280 3342 gravissimi
1310 3259 1411 3322 morbi
1436 3265 1606 3331 recreatus,

283 3352 439 3436 quidquid
468 3351 579 3415 babuit
606 3352 735 3426 virium,
766 3352 799 3414 id
826 3356 859 3417 in
881 3374 990 3417 eornm
1014 3354 1188 3416 libertatem
1210 3352 1441 3416 defendendam
1463 3350 1606 3423 contulit,

282 3465 417 3530 qnorum
440 3448 522 3511 votis
545 3447 694 3510 iudicavit
715 3468 750 3509 se
772 3468 791 3510 a
812 3454 912 3510 morte
934 3454 1132 3510 revocatum:
1155 3448 1250 3521 alter,
1272 3446 1397 3508 virtutis
1419 3443 1532 3506 robore
1552 3442 1607 3505 fir-

282 3543 363 3604 mior
387 3560 483 3624 quam
505 3542 634 3615 aetatis,
663 3561 734 3603 cum
764 3542 833 3604 istis
855 3543 933 3623 ipsis
955 3542 1110 3604 veteranis
1132 3541 1171 3603 ad
1192 3541 1230 3601 D.
1252 3541 1383 3601 Brutum
1405 3536 1606 3600 liberandum

282 3643 330 3699 est
359 3633 529 3717 profectus.
572 3634 656 3717 Ergo
684 3634 731 3697 illi
762 3634 927 3699 certissimi
957 3634 1104 3718 idemque
1133 3634 1277 3697 acerrimi
1300 3632 1441 3697 Caesaris
1463 3638 1643 3700 actorumsa

281 3729 404 3813 patroni
426 3748 482 3811 pro
504 3730 541 3790 l).
563 3730 651 3790 Bruti
672 3730 775 3792 salute
796 3729 915 3792 bellum
936 3736 1066 3811 gerunt,
1089 3749 1169 3812 quos
1190 3727 1330 3790 veterani
1353 3733 1543 3809 sequuntur3
1565 3724 1605 3787 de

282 3822 426 3885 libertate
449 3823 532 3883 enim
555 3822 666 3904 populi
686 3824 835 3896 Romani,
858 3842 922 3885 non
938 3824 979 3886 de
993 3824 1058 3886 suis
1074 3821 1246 3885 commodis
1261 3821 1355 3884 armis
1372 3817 1604 3883 decernendum

281 3916 397 3980 vident.
443 3912 493 3976 ti.
517 3916 601 3991 Quid
625 3925 674 3978 est
694 3918 791 3997 igitur
813 3937 869 3978 our
889 3918 944 3991 iis,
968 3917 1021 4000 qui
1044 3919 1081 3979 D.
1096 3918 1226 3978 Brutum
1243 3914 1389 3978 omnibns
1404 3913 1517 3996 opibus
1532 3932 1606 3975 eon·

282 4017 439 4074 servatum
462 4009 576 4082 velint,
599 4012 641 4072 Μ.
664 4011 750 4072 Bruti
772 4011 813 4074 sit
835 4019 999 4094 suspectus
1022 4010 1202 4073 exercitus?
1224 4011 1272 4072 An
1293 4028 1385 4083 vero,
1407 4007 1433 4070 si
1456 4006 1533 4090 quid
1556 4026 1606 4068 es·

282 4112 329 4167 set
351 4104 436 4187 quod
460 4123 478 4166 a
499 4105 540 4167 Μ.
556 4106 652 4167 Bruto
676 4103 849 4166 timendum
871 4105 1047 4177 videretur,
1069 4105 1170 4166 Pansa
1190 4102 1224 4165 id
1247 4122 1311 4164 nou
1325 4101 1468 4165 videret?
1490 4108 1555 4177 aut,
1577 4102 1642 4170 siaa

348 4400 416 4451 tia
438 4412 702 4450 oresemaoaea-
728 4398 898 4449 abillon-
925 4399 1114 4458 autetiam
1142 4397 1330 4459 siitaiiag-
1358 4395 1603 4458 uipmmtv-

281 4476 507 4539 l.idmaVabg:
526 4477 600 4526 Mam
617 4477 696 4526 to-
710 4475 957 4538 etpatieatiamt-
972 4476 996 4525 6.
1010 4476 1119 4537 quaeD:
1134 4473 1207 4537 q.V;
1227 4472 1287 4535 quid
1303 4472 1381 4522 i0-
1400 4471 1608 4534 loquaturaaque

281 4553 308 4603 id
323 4552 389 4602 mia
405 4564 421 4601 a
440 4578 468 4590 -
486 4553 511 4602 7.
528 4558 706 4603 aomanorum
722 4553 774 4615 gt,
792 4557 911 4601 suteraao
927 4564 941 4601 a
959 4577 986 4587 -
1005 4551 1029 4601 8.
1043 4550 1164 4613 quiquam
1178 4548 1216 4606 V,
1234 4548 1369 4610 quicquam
1385 4547 1447 4596 D-
1466 4548 1525 4597 hirti
1541 4547 1604 4595 V-

281 4625 324 4690 Β.)
341 4626 447 4676 dome
464 4626 485 4673 V
504 4653 531 4663 -
550 4626 574 4676 9.
592 4628 628 4676 Μ.
645 4627 719 4677 liniti
734 4626 757 4675 V
773 4627 800 4676 in
817 4638 870 4675 ras.
889 4638 926 4675 m.
943 4625 960 4675 2
977 4624 1059 4675 babet
1076 4625 1115 4686 (D.
1137 4635 1186 4686 pro
1202 4622 1272 4673 ΜΟ
1291 4623 1390 4683 ermre)
1402 4647 1435 4658 -
1452 4627 1561 4684 quatuor
1572 4625 1608 4685 gt

282 4701 348 4750 -ii
370 4701 392 4750 t:
419 4700 445 4749 bi
465 4700 553 4764 γης
581 4699 798 4762 duobliicorr.
818 4701 893 4762 exii}
913 4727 941 4736 -
969 4700 1164 4751 iddiaitt-
1188 4709 1401 4760 promae·
1421 4698 1609 4748 tt.iaeadem

281 4788 359 4826 eausa
374 4773 393 4824 b
411 4778 472 4826 ante
489 4776 525 4827 u.
543 4776 616 4826 Bruti
633 4774 723 4826 babet.
740 4801 768 4812 -
787 4775 828 4826 is.
843 4789 878 4838 po
894 4777 1006 4826 Naturat
1021 4772 1053 4824 V¹
1070 4776 1112 4838 (ρο
1128 4775 1154 4824 in
1172 4776 1291 4825 extrema
1307 4769 1453 4833 columnam
1471 4776 1611 4834 reponatur

281 4855 309 4900 at
324 4851 391 4901 D-
407 4864 425 4900 a
440 4853 566 4901 ueteranis
582 4857 720 4915 macaptum
737 4865 792 4901 a·
810 4865 899 4902 uomaa
915 4851 1027 4902 estVD:
1045 4855 1081 4900 est
1096 4862 1186 4900 amaea
1201 4848 1239 4898 iO
1254 4874 1280 4883 -
1298 4847 1411 4910 mamam
1427 4845 1511 4896 Vbt:
1528 4847 1611 4911 maqis

281 4939 322 4991 ag
344 4951 379 4962 -
404 4926 444 4976 43.
462 4928 558 4977 Decimi
574 4928 617 4979 V:.
635 4929 659 4976 d.
682 4930 759 4990 agi,
788 4928 837 4976 dici
853 4924 872 4976 b
891 4952 918 4962 -
941 4927 1007 4976 mim
1022 4931 1056 4976 est
1073 4938 1089 4976 a
1106 4951 1134 4961 -
1158 4926 1219 4974 ante
1236 4923 1373 4972 linituram
1389 4922 1431 4971 est
1447 4922 1474 4971 in
1491 4921 1513 4970 V
1529 4919 1561 4970 cd
1580 4947 1608 4957 -

281 5000 412 5051 brutomim
428 5003 537 5053 actiones
553 5004 572 5052 ii
589 5003 632 5065 qui
649 5004 676 5052 id
690 5003 786 5066 [actum
803 5005 813 5052 t
830 5002 902 5052 med.
921 5014 974 5052 om.
994 5002 1078 5065 spatio
1091 5000 1192 5050 maiore
1203 5011 1288 5048 vacuo
1300 5000 1360 5048 ante
1375 4998 1395 5046 ii
1406 5023 1433 5032 -
1454 4996 1493 5047 tl.
1505 4995 1610 5061 iactum]

280 5089 370 5126 amaea
387 5089 404 5140 g
419 5103 453 5114 -
473 5090 558 5139 aequa
578 5078 680 5128 Decima
702 5084 785 5127 tamea
801 5078 837 5125 V:
861 5078 935 5139 equid
958 5079 1022 5139 (aqui
1038 5078 1065 5127 id
1081 5089 1112 5136 a,
1136 5075 1222 5136 aquius
1239 5075 1262 5137 g)
1284 5078 1367 5123 tamea
1383 5071 1455 5122 imao
1472 5071 1611 5132 timorum

282 5153 330 5215 ag)
348 5151 417 5217 alig
436 5180 463 5190 -
480 5152 671 5208 iroiiaracesV3
689 5153 797 5202 rariores
812 5151 879 5215 bg¹3
898 5154 1007 5201 actiones
1023 5147 1075 5213 ag²
1092 5176 1119 5187 -
1138 5150 1196 5213 big
1216 5177 1242 5185 -
1262 5149 1302 5197 tii.
1315 5147 1347 5196 ab
1363 5146 1506 5202 aommaV¹;
1525 5145 1611 5196 abillo

280 5240 334 5276 rua
356 5227 378 5277 D
399 5253 426 5263 -
450 5227 556 5276 decuism
578 5227 600 5276 D
623 5227 683 5288 (dec.
700 5227 756 5290 fleri
773 5228 796 5287 a)
817 5253 844 5262 -
870 5226 909 5276 46.
928 5232 1008 5289 aquai
1029 5240 1096 5276 auae
1118 5226 1152 5274 V:
1175 5237 1242 5274 auae
1262 5229 1341 5286 aqam
1360 5220 1561 5286 (aquat01D0
1580 5246 1608 5256 -

281 5303 375 5352 mutas
391 5301 450 5352 Va:
470 5301 503 5350 D.
522 5301 616 5352 arram
632 5300 724 5365 bgt0
743 5328 769 5337 -
794 5301 834 5352 tl.
853 5302 872 5351 ii
888 5302 970 5351 Vat:
988 5302 1023 5350 bii
1039 5299 1072 5360 b;
1090 5301 1116 5350 ii
1132 5302 1177 5364 go
1198 5324 1225 5335 -
1243 5299 1317 5347 cerdo
1333 5297 1356 5345 V
1375 5324 1400 5335 -
1421 5297 1448 5347 G.
1467 5308 1521 5345 om.
1540 5297 1561 5346 D
1582 5323 1609 5333 -

281 5382 352 5426 aetas
368 5381 379 5426 t
397 5403 425 5412 -
445 5376 485 5426 ti.
504 5376 530 5427 C.
550 5389 603 5426 om.
617 5378 638 5428 D
651 5403 678 5413 -
698 5378 739 5428 ao.
759 5378 861 5426 amitior
879 5379 902 5437 t;
923 5377 1049 5425 amicitior
1065 5389 1106 5438 ag
1119 5401 1146 5411 —
1166 5375 1274 5424 inueniri
1283 5377 1367 5436 'potam
1382 5372 1447 5423 VD:
1463 5374 1542 5434 potest
1558 5371 1610 5421 iao.

282 5452 319 5503 io
337 5453 454 5516 (iauaairi
471 5452 603 5514 quisquam
617 5467 644 5514 ρ.
659 5453 682 5514 a)
703 5479 729 5489 -
746 5453 813 5516 itlius
830 5459 857 5502 ai
873 5453 895 5500 V
908 5465 978 5502 corr.
992 5465 1024 5500 ox
1039 5453 1085 5515 ilat
1098 5477 1124 5486 -
1144 5452 1185 5499 st.
1204 5450 1314 5498 noudum
1330 5448 1394 5498 atter
1409 5460 1465 5495 n-
1484 5450 1613 5495 recreatas

282 5527 353 5574 V··
375 5527 416 5576 22.
436 5526 539 5588 quiquid
556 5529 591 5581 V:
619 5524 737 5590 qbicquid
759 5540 799 5591 ag
823 5554 849 5564 -
877 5526 963 5575 babuit
983 5527 1067 5575 uirum
1090 5527 1114 5583 t,
1141 5525 1235 5573 uirium
1251 5522 1337 5572 babuit
1353 5535 1370 5584 g
1389 5547 1415 5556 -
1435 5520 1612 5582 desuadendam

282 5613 335 5650 orn.
354 5613 370 5650 a
388 5627 416 5637 -
441 5601 482 5650 Μ.
501 5603 619 5652 iudicabit
636 5602 667 5649 V¹
686 5629 713 5639 -
736 5600 777 5652 il.
797 5602 839 5667 D.]
857 5601 1025 5650 domitian
1044 5626 1070 5635 -
1096 5601 1138 5649 25.
1156 5604 1180 5648 et
1193 5598 1319 5662 profectus
1337 5595 1380 5655 V¹;
1400 5596 1528 5658 profectus
1544 5601 1611 5658 erig

283 5701 311 5712 -
329 5675 486 5725 reaertisaimi
503 5677 524 5725 V
544 5705 571 5715 -
590 5679 702 5738 idemque
718 5677 826 5740 Vagt:
845 5677 970 5737 eidmuque
987 5674 1018 5733 b;
1036 5674 1195 5734 iidmuquao
1215 5701 1242 5709 ·-
1260 5685 1320 5721 acer
1335 5671 1358 5720 V
1375 5697 1402 5706 -
1421 5669 1463 5720 io.
1483 5669 1525 5733 [λ]
1544 5670 1570 5718 di
1587 5670 1612 5735 t]

281 5751 383 5801 domitio
400 5751 421 5799 V
440 5778 468 5788 -
491 5765 540 5814 quo
557 5751 578 5801 V
596 5777 623 5788 -
647 5757 764 5801 arcuatur
781 5751 853 5801 Vab
873 5779 900 5788 -
923 5751 964 5800 ii.
983 5763 1059 5799 arma
1074 5748 1246 5797 decemmdit
1272 5773 1298 5782 —
1321 5747 1363 5796 28.
1381 5745 1418 5793 bis
1434 5743 1502 5808 abg
1521 5771 1547 5780 -
1567 5745 1612 5803 D.;

281 5826 397 5876 domiuus
413 5826 436 5874 V
455 5852 483 5863 -
506 5826 593 5889 opibus
610 5825 673 5876 Vb:
694 5827 848 5890 copiisagt
867 5852 893 5863 ·-
916 5824 1115 5876 coaceruaadum
1132 5835 1148 5872 a
1166 5847 1193 5859 -·
1218 5821 1260 5871 29.
1277 5823 1314 5874 lt.
1333 5833 1388 5871 om.
1407 5819 1426 5870 b
1445 5845 1473 5857 —-
1496 5821 1532 5871 sic
1554 5822 1565 5869 t
1584 5846 1611 5854 -

281 5900 335 5964 quit
350 5900 374 5952 V
392 5926 419 5936 -
438 5905 474 5952 aa
491 5903 503 5956 l
522 5927 550 5939 -
569 5901 610 5956 ³0.
628 5901 743 5953 timidum
759 5899 787 5953 b.
