3800 7350
695 1149 768 1218 cn».
790 1152 987 1219 xv-xva
1014 1151 1061 1237 §t
1083 1149 1230 1217 33-38.
1540 1148 1624 1216 4040

296 1324 486 1405 praeterque
514 1318 594 1383 duos
623 1319 662 1383 de
690 1322 797 1406 lapide
820 1331 943 1407 emptos
966 1321 1126 1396 tribunos,
1159 1322 1261 1404 legem
1284 1321 1420 1386 comitiis
1442 1322 1623 1388 centuriatis

296 1413 368 1477 tulit
388 1415 421 1476 P.
444 1413 598 1477 Lentulus
621 1416 732 1479 consul
754 1416 794 1480 de
816 1416 955 1499 collegae
979 1415 1018 1491 Q.
1040 1415 1160 1478 Metelli
1183 1415 1352 1490 sententia,
1381 1434 1475 1498 quem
1497 1433 1622 1479 mecum

295 1506 408 1571 eadem
430 1507 646 1591 respublica,
670 1530 751 1593 quae
774 1512 805 1574 in
828 1510 988 1573 tribunatu
1010 1509 1079 1572 eius
1102 1508 1298 1582 diiunxerat,
1320 1509 1353 1571 in
1375 1510 1543 1573 consulatu
1560 1511 1623 1575 vir·

296 1605 363 1664 tute
385 1599 497 1683 optimi
519 1609 615 1685 atque
644 1603 807 1667 iustissimi
836 1603 896 1665 riri
924 1602 1140 1687 sapientiaque
1163 1602 1340 1665 coniunxit.
1382 1597 1434 1665 36.
1457 1603 1547 1679 Quae
1568 1604 1622 1668 lex

295 1712 390 1779 quem
412 1692 451 1756 ad
474 1694 603 1758 modum
626 1705 751 1781 accepta
773 1697 830 1772 sit,
858 1696 934 1780 quid
963 1716 1013 1759 me
1040 1696 1153 1759 attinet
1174 1695 1307 1759 diceret
1341 1696 1391 1759 Ex
1412 1696 1503 1759 vobis
1524 1695 1645 1761 audias

294 1785 412 1850 nemini
440 1786 502 1850 civi
529 1787 625 1853 ullam
656 1810 720 1873 quo
749 1791 853 1852 minus
880 1790 1006 1854 adesset
1033 1790 1108 1853 satis
1137 1789 1251 1852 iustam
1280 1790 1517 1853 excusationem
1550 1809 1621 1855 esse

295 1880 415 1956 visam3
448 1880 710 1946 nullis-comitiis
741 1903 892 1965 umquam
922 1904 1027 1967 neque
1055 1881 1288 1947 multitudinem
1314 1882 1480 1945 hominum
1501 1890 1621 1948 tanum

293 1993 398 2058 neque
432 1975 678 2059 splendidiorem
711 1975 826 2039 inisse:
859 1977 921 2040 hoc
954 1986 1037 2041 certe
1069 1977 1179 2051 video,
1213 1975 1300 2060 quod
1329 1974 1469 2041 indicant
1495 1977 1620 2042 tabulae

293 2067 456 2152 publicae,
479 2089 535 2133 vos
550 2078 729 2153 rogatores,
752 2090 808 2133 vos
831 2069 1025 2146 diribitores,
1047 2091 1103 2135 vos
1126 2069 1274 2134 custodes
1296 2068 1395 2133 fuisse
1416 2070 1619 2149 tabellarum

293 2168 325 2224 et
353 2164 440 2246 quod
469 2164 500 2225 in
529 2162 704 2227 honoribus
736 2172 912 2227 vestrorum
939 2164 1190 2249 propinquorum
1212 2183 1276 2227 non
1304 2161 1407 2227 iacitis
1428 2163 1479 2227 vel
1506 2165 1618 2231 0040440
1628 2184 1656 2230 40

293 2258 497 2321 excusatione
525 2256 580 2321 ¹vel
611 2258 755 2332 honoris,
791 2257 823 2320 id
852 2257 884 2320 in
913 2258 1015 2321 salute
1047 2278 1118 2321 mea
1151 2258 1240 2323 nullo
1270 2266 1402 2341 rogante
1431 2277 1487 2321 vos
1514 2266 1618 2323 vestra

292 2356 405 2434 sponte
427 2345 555 2416 lecistis.

374 2443 459 2507 XVI.
491 2442 543 2508 37.
568 2446 684 2509 Confer
703 2465 805 2523 nunc,
831 2446 969 2529 Epicure
991 2455 1115 2522 noster,
1138 2467 1179 2511 ex
1199 2447 1276 2511 hara
1297 2448 1470 2531 producte,
1491 2467 1555 2511 non
1577 2468 1618 2512 ex

291 2537 416 2613 schola,
438 2539 563 2614 confer,
592 2540 619 2603 si
641 2541 756 2615 audes,
779 2540 952 2604 absentiam
974 2550 1059 2605 tuam
1082 2563 1150 2606 cnm
1173 2560 1253 2605 mea.
1297 2540 1470 2606 Obtinuisti
1491 2542 1618 2625 provin·

291 2632 371 2698 ciam
393 2633 592 2697 consularem
617 2634 732 2698 linibus
754 2636 811 2711 iis,
847 2656 927 2719 quos
958 2636 1010 2699 lex
1039 2636 1219 2719 cupiditatis
1247 2643 1337 2710 tuae,
1369 2655 1436 2698 non
1461 2655 1542 2721 qnos
1564 2637 1617 2702 lex
1626 2653 1654 2699 sa

291 2728 400 2810 generi
421 2726 468 2789 tui
483 2727 658 2809 pepigerat.
702 2731 780 2792 Nam
802 2729 872 2811 lege
889 2729 1032 2794 Caesaris
1054 2728 1227 2793 iustissima
1247 2737 1343 2814 atque
1366 2730 1486 2813 optima
1506 2730 1617 2817 populi

289 2819 381 2886 liberi
404 2820 499 2905 plane
522 2829 554 2885 et
575 2843 649 2886 vere
672 2823 777 2898 liberi,
810 2823 880 2906 lege
903 2832 1008 2887 autem
1031 2843 1084 2898 ca,
1116 2843 1210 2907 quam
1240 2843 1334 2887 nemo
1361 2824 1464 2907 legem
1492 2830 1618 2909 praeter

289 2922 321 2980 te
349 2921 382 2979 et
409 2915 562 2999 collegam
584 2925 672 2980 tuam
702 2918 840 3000 putavit,
874 2918 976 2980 omnis
999 2924 1066 2980 erat
1087 2917 1143 2979 tibi
1166 2917 1299 2993 Achaia,
1322 2918 1498 2995 Thessalia,
1520 2919 1617 2983 lithe-

290 3029 367 3084 uae,
389 3020 501 3074 cuncta
523 3010 652 3074 Graecia
673 3011 819 3075 addicta:
853 3011 991 3074 habebas
1014 3012 1187 3075 exercitum
1210 3019 1348 3088 mutum,
1383 3020 1536 3097 quantum
1558 3013 1615 3078 tibi

290 3122 354 3166 nou
386 3112 515 3167 senatus
545 3112 599 3169 aut
629 3106 763 3188 populus
790 3105 948 3169 Romanus
979 3104 1127 3178 dederat,
1161 3105 1216 3167 scd
1247 3113 1401 3187 quantum
1433 3114 1489 3170 tua
1516 3106 1652 3171 libidoso

292 3198 540 3284 conscripserat;
580 3199 736 3262 aerarium
769 3199 970 3262 exhauseras.
1025 3194 1077 3259 38.
1114 3197 1201 3273 Quas
1228 3219 1280 3262 res
1313 3202 1438 3283 gessisti
1464 3203 1614 3287 imperio,

290 3294 449 3365 exercitu,
472 3293 634 3376 provincia
649 3293 827 3356 consulari?
850 3293 1004 3369 Quaeres
1021 3292 1170 3375 gesserit,
1194 3313 1324 3377 quaero.
1369 3296 1446 3372 Qui,
1468 3302 1504 3359 ut
1518 3296 1614 3371 venit,

290 3386 394 3450 statim
417 3382 466 3421 ³³*
751 3439 755 3446 .

377 3477 396 3514 *
414 3480 432 3515 *
455 3480 594 3545 nondum
610 3500 822 3546 commemoro
836 3484 980 3566 rapinas,
1002 3502 1067 3546 non
1083 3491 1209 3546 exactas
1223 3483 1390 3567 pecunias,
1412 3501 1477 3546 non
1497 3489 1614 3567 captas,

289 3595 353 3639 non
376 3576 559 3660 imperatas,
588 3594 654 3639 nou
677 3595 771 3639 neces
793 3577 968 3650 sociorum,
996 3596 1061 3640 non
1088 3575 1201 3640 caedes
1227 3576 1407 3661 hospitum,
1436 3596 1501 3640 non
1522 3573 1651 3662 perh-sa

288 3669 388 3746 diam,
417 3690 484 3734 non
505 3670 746 3745 immanitatem,
778 3692 842 3734 non
864 3670 985 3735 scelera
1006 3670 1176 3756 praedico:
1205 3692 1298 3747 mox,
1327 3672 1354 3736 si
1376 3670 1552 3748 ridebitur,
1579 3669 1634 3737 ut¹

288 3783 358 3828 cum
383 3763 471 3838 lure,
507 3772 542 3829 ut
570 3785 639 3828 cum
666 3765 835 3848 sacrilego,
873 3770 908 3828 ut
936 3785 1007 3829 cum
1035 3765 1149 3830 sicario
1177 3765 1362 3850 disputaho;
1396 3786 1482 3830 nunc
1510 3785 1613 3833 meam

350 4101 375 4152 4.
390 4105 570 4164 praemorsam
586 4102 647 4151 duca
662 4102 680 4152 F
698 4103 725 4151 et
742 4099 820 4152 codd.
838 4101 961 4152 drusiani
980 4102 1037 4163 (aaa
1053 4102 1112 4165 GP)
1132 4127 1160 4138 -
1183 4100 1295 4151 40440000
1309 4102 1389 4153 Ai'c
1407 4104 1435 4153 04
1449 4103 1609 4157 Arusianus:

286 4175 396 4229 ecana
411 4176 448 4239 pt.
467 4176 543 4240 Villi
566 4178 586 4227 0
603 4177 681 4240 plebis
704 4175 816 4227 inclusit.
843 4177 872 4226 iu
890 4188 973 4240 marg.
993 4175 1092 4227 codicis
1110 4177 1132 4224 V
1148 4177 1235 4227 exstat
1253 4177 1305 4227 hcc
1323 4177 1462 4242 antiquum
1477 4176 1611 4231 scholion:

287 4252 375 4303 000000
389 4250 483 4302 4044004
500 4252 538 4314 pt.
554 4266 603 4315 pro
620 4253 735 4303 Cicerone
750 4255 878 4302 0044000004
891 4255 994 4314 praeter
1010 4251 1129 4317 Ligurem
1145 4256 1168 4301 et
1184 4252 1337 4312 8000000040,
1360 4251 1404 4315 gal
1419 4264 1445 4302 se
1460 4252 1613 4304 0400000440

287 4327 410 4379 waceio
423 4326 520 4389 parblice
534 4327 712 4377 condiderunt:
729 4340 789 4376 amn
804 4326 898 4376 viliora
913 4325 1042 4388 menapia
1058 4338 1137 4388 supra
1153 4325 1260 4388 lapidem
1276 4326 1370 4376 0400440
1386 4325 1566 4390 cadmum,
1584 4334 1613 4380 ut

285 4406 419 4464 estptcrom
435 4400 519 4452 oblata
535 4402 612 4451 oculis
627 4403 738 4451 00004004
753 4402 900 4452 moment.
915 4426 942 4437 -
961 4401 1058 4450 comitis
1074 4402 1132 4450 F·
1152 4401 1177 4450 3.
1196 4400 1324 4451 diluam
1339 4400 1372 4460 'l';
1390 4401 1548 4452 0400400004
1564 4402 1611 4454 CO

286 4494 328 4559 (aa
344 4494 369 4543 v
384 4505 436 4544 non
453 4494 578 4556 concarp
602 4495 737 4544 0000004
758 4494 856 4545 wana.
875 4506 901 4558 p.
919 4493 988 4552 mm
1013 4495 1041 4542 a
1061 4496 1172 4558 apparet
1193 4493 1375 4544 uisuram
1390 4482 1614 4547 ancirianam

285 4572 371 4623 ortum
389 4582 458 4621 esse.
473 4595 500 4605 -
519 4568 544 4622 4.
556 4571 650 4632 optant
660 4569 683 4618 V
695 4595 722 4604 —
742 4576 816 4632 04000
833 4581 897 4620 aas:
916 4581 948 4617 ac
959 4566 1038 4618 codd.
1050 4568 1118 4619 040.
1136 4569 1166 4618 iu
1177 4581 1217 4618 or.
1229 4580 1257 4632 p.
1270 4570 1347 4620 ilaec.
1359 4570 1420 4620 Am.
1433 4567 1449 4633 3
1460 4568 1493 4620 84
1505 4582 1538 4621 ex
1549 4570 1610 4622 cod.

284 4644 378 4696 hisdic.
391 4643 432 4706 48,
442 4645 474 4694 46
486 4644 549 4694 item
561 4643 748 4707 corrigendum
760 4645 801 4695 est
811 4649 886 4706 atque
896 4644 955 4708 (pro
966 4644 1005 4705 ac)
1016 4644 1131 4705 ludicen,
1150 4644 1176 4694 in
1188 4641 1243 4693 Val.
1256 4644 1325 4694 linx.
1337 4644 1392 4705 Vll,
1402 4642 1428 4705 3,
1438 4642 1454 4692 6
1465 4656 1497 4694 ex
1509 4645 1610 4698 Paridis

284 4719 397 4785 epitoma
410 4718 443 4768 ab
454 4719 524 4779 (edd.
537 4722 561 4782 a)
573 4721 668 4771 iuvene.
683 4747 711 4756 —
729 4721 753 4770 5.
766 4726 865 4782 recepta
876 4719 932 4769 T-
952 4720 976 4768 6.
989 4718 1045 4783 aar]
1057 4719 1098 4769 cui
1109 4719 1129 4769 li
1142 4745 1168 4756 -
1181 4718 1334 4769 04400044-
1353 4720 1378 4770 7.
1390 4717 1515 4782 mucii:
1534 4720 1608 4772 aecC

285 4820 313 4835 -
326 4800 424 4847 tantam
441 4797 507 4848 rur
524 4824 552 4834 -
568 4796 593 4847 8.
605 4797 758 4858 0040000000
772 4796 789 4845 S
807 4808 847 4858 pr.
860 4807 896 4845 m.
910 4796 963 4844 044
975 4795 1050 4855 οη,
1068 4797 1098 4844 04
1108 4795 1177 4845 coni.
1191 4795 1306 4846 Faernus
1317 4792 1395 4859 proh.
1407 4794 1506 4846 Wund.
1520 4808 1547 4860 p.
1557 4796 1607 4847 hx.

284 4896 312 4907 -
331 4870 354 4919 0.
368 4869 507 4920 0444440000
522 4870 557 4919 V:
576 4870 747 4920 0040440000
762 4870 791 4920 C.
815 4869 854 4919 Ad
871 4881 930 4919 voc.
948 4870 975 4919 in
987 4869 1009 4919 V
1020 4881 1100 4919 manu
1114 4870 1222 4933 antiqua
1239 4869 1292 4921 hoc
1308 4867 1428 4921 scholion
1445 4869 1610 4935 adscriptum

284 4947 339 4995 eat:
357 4945 527 5007 descriptores,
545 4946 664 4995 4440400000
674 4945 818 4994 acnuam
834 4949 857 4994 et
872 4948 1045 4994 moratores
1060 4945 1241 5008 mmapicrrsu
1252 4969 1280 4979 -
1298 4943 1537 4996 autemeam.
1550 4945 1610 4997 hal-

282 5020 414 5072 lemandi:
440 5019 583 5070 acutarum
602 5020 653 5070 Vc
679 5045 707 5057 -
731 5021 771 5071 43,
789 5021 874 5081 causer
894 5025 917 5070 ta
934 5020 956 5068 V
975 5045 1002 5055 -
1027 5033 1060 5069 00
1080 5017 1288 5068 4000--004040
1306 5018 1497 5070 abendoniae
1515 5032 1542 5084 p.
1560 5020 1608 5071 42⁰

282 5096 362 5150 Marc.
380 5096 423 5159 (ec
439 5109 489 5145 ara
504 5095 532 5156 Ei
553 5122 580 5133 -
603 5109 637 5145 aa
651 5095 709 5144 cota
727 5095 761 5154 E,
782 5108 815 5145 ea
834 5108 887 5145 om.
909 5093 1017 5145 Nonius.
1039 5120 1066 5130 -
1091 5093 1131 5144 44.
1149 5093 1350 5155 acaia--mea
1366 5091 1449 5144 hahet
1463 5094 1608 5146 Arusianus

282 5184 309 5237 p.
326 5172 384 5222 sut.
404 5196 432 5207 -
450 5170 577 5232 optinuisti
593 5172 614 5220 0
632 5196 659 5206 -
680 5171 720 5221 44.
739 5169 809 5219 tiberi
826 5174 901 5232 atque
915 5169 992 5232 ptaae
1008 5172 1029 5220 G
1048 5197 1074 5206 -
1099 5182 1157 5219 cere
1172 5169 1243 5219 tiberi
1258 5169 1292 5218 V:
1309 5181 1368 5219 cere
1382 5173 1456 5219 00004
1471 5167 1542 5218 tiberi
1558 5168 1608 5220 00

285 5270 312 5282 -
330 5244 371 5295 48.
389 5249 445 5294 erat
460 5244 494 5294 444
511 5246 544 5304 Ε;
563 5246 610 5295 erit
626 5245 669 5295 4444
686 5249 748 5294 G-
767 5245 806 5295 40.
823 5246 933 5295 addicta.
951 5244 1094 5294 440004ωο
1107 5269 1135 5278 -
1154 5244 1195 5293 44.
1213 5242 1365 5305 medai:
1382 5243 1410 5292 te
1425 5243 1530 5306 40000040
1546 5243 1605 5294 co.

283 5320 321 5372 ct
339 5333 366 5386 p.
385 5320 458 5381 4000,
476 5320 559 5371 30-
578 5322 618 5372 23.
639 5323 719 5374 «Post
734 5321 819 5370 statim
835 5317 917 5370 muita
935 5318 969 5369 de
987 5319 1087 5370 Pisonis
1105 5318 1130 5367 in
1147 5318 1234 5381 primo
1249 5328 1299 5368 aaa
1315 5318 1341 5367 in
1358 5316 1540 5368 4400οά00400]
1557 5317 1608 5369 ad-

281 5398 362 5447 uentu
385 5394 545 5446 iecinoribus
562 5396 707 5447 desiderari
724 5397 934 5447 demonstratum
951 5395 999 5443 ivit
1008 5392 1221 5457 Lagomarsinius
1232 5392 1259 5442 in
1271 5390 1399 5455 calogeri
1408 5392 1525 5443 iiacmttc
1536 5392 1563 5443 T.
1574 5394 1606 5444 40

282 5469 323 5522 vei
339 5471 503 5521 maeniana
522 5475 545 5520 et
565 5470 670 5520 8004000
689 5472 760 5521 msc.
779 5472 840 5522 crit.
859 5471 882 5530 1,
900 5470 916 5519 2
936 5481 962 5532 p.
982 5468 1039 5519 ³37.
1074 5466 1153 5518 uuita
1176 5471 1266 5518 umen
1286 5467 1382 5518 deesse
1404 5478 1457 5518 non
1476 5470 1603 5532 possunt,

282 5557 343 5597 cam
364 5546 453 5594 orator
473 5545 586 5609 excipiat
605 5545 704 5597 scelera
723 5549 750 5596 et
771 5546 881 5609 flagitia.
904 5542 1035 5608 relinquat
1051 5542 1159 5593 forsitan
1175 5543 1268 5605 ignave
1285 5541 1419 5606 quaedam
1434 5542 1462 5592 04
1477 5554 1604 5606 perverse

282 5622 355 5685 gesta
372 5621 398 5670 in
414 5632 444 5670 re
462 5618 591 5672 militari.»
609 5623 708 5672 onnam.
728 5623 861 5672 lacunam
879 5619 923 5669 hic
939 5630 1000 5669 esse
1016 5619 1096 5680 negat
1112 5617 1208 5667 Rarius
1224 5618 1259 5678 il,
1276 5630 1303 5682 p.
1316 5616 1358 5667 44.
1372 5641 1399 5652 -
1418 5614 1459 5667 44.
1477 5628 1528 5666 ecs
1542 5627 1605 5666 ecc·

280 5700 334 5746 ctas
350 5695 471 5746 VEFG:
498 5699 607 5747 nondum
624 5697 711 5748 MSO.
738 5696 938 5753 Ci.inCat.1,
959 5693 1021 5757 Si:
1047 5691 1256 5743 0444400-04444-
1269 5691 1344 5754 nimi,
1368 5688 1434 5741 inira
1451 5688 1466 5754 fi
1482 5688 1514 5739 ’47
1531 5691 1601 5755 etp.

280 5768 350 5820 sulla
367 5769 382 5834 ἓ
399 5770 429 5820 7:
448 5784 552 5821 acroe-
562 5786 612 5823 aaa
623 5798 638 5809 -
648 5786 710 5832 aaa,
729 5774 756 5822 et
772 5772 811 5821 sic
827 5772 993 5834 saepissime.
1015 5771 1132 5833 apparot
1148 5782 1181 5819 ex
1197 5765 1242 5819 tali
1258 5766 1316 5818 loca
1329 5767 1461 5818 Romanos
1476 5778 1527 5815 aaa
1542 5765 1602 5817 daras

281 5844 395 5898 diiuncta
413 5848 558 5913 scripsisse.
579 5875 607 5885 -
625 5847 666 5898 44.
684 5847 770 5900 amaa
785 5846 856 5899 vii:
874 5846 973 5897 0000000
989 5844 1063 5895 Eis
1082 5867 1109 5881 -
1127 5844 1169 5896 26.
1185 5843 1291 5909 etpost
1304 5842 1391 5895 000044.
1408 5852 1462 5893 om.
1480 5839 1507 5891 Β.
