<?xml version="1.0" encoding="UTF-8"?>
<!DOCTYPE html PUBLIC "-//W3C//DTD XHTML 1.0 Transitional//EN"
    "http://www.w3.org/TR/xhtml1/DTD/xhtml1-transitional.dtd">
<html xmlns="http://www.w3.org/1999/xhtml" xml:lang="en" lang="en">
 <head>
  <title>
</title>
<meta http-equiv="Content-Type" content="text/html;charset=utf-8" />
  <meta name='ocr-system' content='tesseract 3.04.00' />
  <meta name='ocr-capabilities' content='ocr_page ocr_carea ocr_par ocr_line ocrx_word'/>
</head>
<body>
  <div class='ocr_page' id='page_1' title='image "./operaquaesupers08halmgoog/operaquaesupers08halmgoog_0500.png"; bbox 0 0 3800 7350; ppageno 0'>
   <div class='ocr_carea' id='block_1_1' title="bbox 301 1194 1466 1282">
    <p class='ocr_par' dir='ltr' id='par_1_1' title="bbox 301 1194 1466 1282">
     <span class='ocr_line' id='line_1_1' title="bbox 301 1194 1466 1282; baseline -0.004 -16"><span class='ocrx_word' id='word_1_1' title='bbox 301 1199 384 1269; x_wconf 62' lang='lat' dir='ltr'>im</span> <span class='ocrx_word' id='word_1_2' title='bbox 457 1203 609 1272; x_wconf 80' lang='lat' dir='ltr'>ORATIO</span> <span class='ocrx_word' id='word_1_3' title='bbox 630 1202 708 1268; x_wconf 83' lang='lat' dir='ltr'>PRO</span> <span class='ocrx_word' id='word_1_4' title='bbox 729 1203 837 1268; x_wconf 81' lang='lat' dir='ltr'>REGE</span> <span class='ocrx_word' id='word_1_5' title='bbox 858 1199 1066 1267; x_wconf 77' lang='lat' dir='ltr'>DEIOTARO</span> <span class='ocrx_word' id='word_1_6' title='bbox 1089 1200 1164 1264; x_wconf 76' lang='lat' dir='ltr'>Gar.</span> <span class='ocrx_word' id='word_1_7' title='bbox 1178 1200 1248 1264; x_wconf 82' lang='lat' dir='ltr'>XV.</span> <span class='ocrx_word' id='word_1_8' title='bbox 1269 1196 1315 1282; x_wconf 62' lang='lat'>§3</span> <span class='ocrx_word' id='word_1_9' title='bbox 1330 1194 1466 1262; x_wconf 66' lang='lat'><strong>42-43.</strong></span> 
     </span>
    </p>
   </div>
   <div class='ocr_carea' id='block_1_2' title="bbox 261 1365 1699 2764">
    <p class='ocr_par' dir='ltr' id='par_1_2' title="bbox 261 1365 1699 2764">
     <span class='ocr_line' id='line_1_2' title="bbox 299 1365 1623 1459; baseline -0.006 -22"><span class='ocrx_word' id='word_1_10' title='bbox 299 1373 357 1437; x_wconf 84' lang='lat' dir='ltr'>tibi</span> <span class='ocrx_word' id='word_1_11' title='bbox 380 1374 534 1459; x_wconf 86' lang='lat' dir='ltr'>nobisque</span> <span class='ocrx_word' id='word_1_12' title='bbox 557 1374 702 1438; x_wconf 87' lang='lat' dir='ltr'>omnibus</span> <span class='ocrx_word' id='word_1_13' title='bbox 723 1372 786 1437; x_wconf 90' lang='lat' dir='ltr'>iam</span> <span class='ocrx_word' id='word_1_14' title='bbox 808 1372 865 1436; x_wconf 91' lang='lat' dir='ltr'>diu</span> <span class='ocrx_word' id='word_1_15' title='bbox 885 1372 969 1446; x_wconf 91' lang='lat' dir='ltr'>noti,</span> <span class='ocrx_word' id='word_1_16' title='bbox 991 1370 1167 1453; x_wconf 88' lang='lat' dir='ltr'>eademque</span> <span class='ocrx_word' id='word_1_17' title='bbox 1188 1365 1251 1430; x_wconf 86' lang='lat' dir='ltr'>iide</span> <span class='ocrx_word' id='word_1_18' title='bbox 1274 1376 1306 1431; x_wconf 93' lang='lat' dir='ltr'>et</span> <span class='ocrx_word' id='word_1_19' title='bbox 1321 1369 1435 1431; x_wconf 82' lang='lat' dir='ltr'>virtute</span> <span class='ocrx_word' id='word_1_20' title='bbox 1457 1367 1623 1451; x_wconf 89' lang='lat' dir='ltr'>praeditus</span> 
     </span>
     <span class='ocr_line' id='line_1_3' title="bbox 300 1463 1623 1552; baseline -0.003 -24"><span class='ocrx_word' id='word_1_21' title='bbox 300 1465 473 1550; x_wconf 78' lang='lat' dir='ltr'><strong>Dorylaus,</strong></span> <span class='ocrx_word' id='word_1_22' title='bbox 500 1468 557 1552; x_wconf 85' lang='lat' dir='ltr'>qui</span> <span class='ocrx_word' id='word_1_23' title='bbox 583 1488 685 1551; x_wconf 82' lang='lat' dir='ltr'>nuper</span> <span class='ocrx_word' id='word_1_24' title='bbox 712 1487 783 1530; x_wconf 89' lang='lat' dir='ltr'>cum</span> <span class='ocrx_word' id='word_1_25' title='bbox 807 1467 904 1530; x_wconf 85' lang='lat' dir='ltr'>Hiera</span> <span class='ocrx_word' id='word_1_26' title='bbox 924 1465 1047 1547; x_wconf 81' lang='lat' dir='ltr'>legatus</span> <span class='ocrx_word' id='word_1_27' title='bbox 1069 1472 1117 1527; x_wconf 89' lang='lat' dir='ltr'>est</span> <span class='ocrx_word' id='word_1_28' title='bbox 1137 1464 1177 1526; x_wconf 92' lang='lat' dir='ltr'>ad</span> <span class='ocrx_word' id='word_1_29' title='bbox 1197 1471 1229 1527; x_wconf 88' lang='lat' dir='ltr'>te</span> <span class='ocrx_word' id='word_1_30' title='bbox 1251 1463 1381 1537; x_wconf 88' lang='lat' dir='ltr'>missus,</span> <span class='ocrx_word' id='word_1_31' title='bbox 1410 1482 1480 1525; x_wconf 94' lang='lat' dir='ltr'>cum</span> <span class='ocrx_word' id='word_1_32' title='bbox 1509 1483 1623 1546; x_wconf 75' lang='lat' dir='ltr'>regum</span> 
     </span>
     <span class='ocr_line' id='line_1_4' title="bbox 299 1554 1624 1642; baseline -0.001 -21"><span class='ocrx_word' id='word_1_33' title='bbox 299 1558 498 1635; x_wconf 76' lang='lat' dir='ltr'>amicissimi,</span> <span class='ocrx_word' id='word_1_34' title='bbox 519 1568 585 1624; x_wconf 92' lang='lat' dir='ltr'>tum</span> <span class='ocrx_word' id='word_1_35' title='bbox 606 1561 664 1623; x_wconf 89' lang='lat' dir='ltr'>tibi</span> <span class='ocrx_word' id='word_1_36' title='bbox 686 1561 790 1635; x_wconf 89' lang='lat' dir='ltr'>etiam,</span> <span class='ocrx_word' id='word_1_37' title='bbox 811 1567 848 1623; x_wconf 92' lang='lat' dir='ltr'>ut</span> <span class='ocrx_word' id='word_1_38' title='bbox 869 1579 978 1642; x_wconf 89' lang='lat' dir='ltr'>spero,</span> <span class='ocrx_word' id='word_1_39' title='bbox 999 1557 1134 1642; x_wconf 82' lang='lat' dir='ltr'>probati.</span> <span class='ocrx_word' id='word_1_40' title='bbox 1170 1554 1221 1618; x_wconf 60' lang='grc' dir='ltr'>Ω.</span> <span class='ocrx_word' id='word_1_41' title='bbox 1240 1557 1382 1639; x_wconf 78' lang='lat' dir='ltr'>Exquire</span> <span class='ocrx_word' id='word_1_42' title='bbox 1400 1556 1440 1620; x_wconf 92' lang='lat' dir='ltr'>de</span> <span class='ocrx_word' id='word_1_43' title='bbox 1455 1556 1624 1629; x_wconf 77' lang='lat' dir='ltr'>Blesamio,</span> 
     </span>
     <span class='ocr_line' id='line_1_5' title="bbox 298 1648 1625 1737; baseline -0.002 -24"><span class='ocrx_word' id='word_1_44' title='bbox 298 1653 473 1734; x_wconf 85' lang='lat' dir='ltr'>numquid</span> <span class='ocrx_word' id='word_1_45' title='bbox 501 1654 542 1718; x_wconf 91' lang='lat' dir='ltr'>ad</span> <span class='ocrx_word' id='word_1_46' title='bbox 565 1674 672 1737; x_wconf 75' lang='lat' dir='ltr'>regem</span> <span class='ocrx_word' id='word_1_47' title='bbox 694 1661 803 1718; x_wconf 89' lang='lat' dir='ltr'>contra</span> <span class='ocrx_word' id='word_1_48' title='bbox 825 1654 1007 1736; x_wconf 76' lang='lat' dir='ltr'>dignitatem</span> <span class='ocrx_word' id='word_1_49' title='bbox 1038 1661 1123 1716; x_wconf 90' lang='lat' dir='ltr'>tuam</span> <span class='ocrx_word' id='word_1_50' title='bbox 1146 1649 1316 1733; x_wconf 78' lang='lat' dir='ltr'>scripserit.</span> <span class='ocrx_word' id='word_1_51' title='bbox 1357 1650 1468 1714; x_wconf 86' lang='lat' dir='ltr'>Hieras</span> <span class='ocrx_word' id='word_1_52' title='bbox 1491 1648 1625 1734; x_wconf 90' lang='lat' dir='ltr'>quidem</span> 
     </span>
     <span class='ocr_line' id='line_1_6' title="bbox 275 1743 1625 1832; baseline 0 -26"><span class='ocrx_word' id='word_1_53' title='bbox 275 1762 424 1806; x_wconf 83' lang='lat' dir='ltr'>ccausam</span> <span class='ocrx_word' id='word_1_54' title='bbox 453 1766 578 1812; x_wconf 87' lang='lat' dir='ltr'>omnem</span> <span class='ocrx_word' id='word_1_55' title='bbox 607 1750 741 1832; x_wconf 80' lang='lat' dir='ltr'>suscipit</span> <span class='ocrx_word' id='word_1_56' title='bbox 768 1755 800 1810; x_wconf 90' lang='lat' dir='ltr'>et</span> <span class='ocrx_word' id='word_1_57' title='bbox 821 1746 1005 1811; x_wconf 87' lang='lat' dir='ltr'>criminibus</span> <span class='ocrx_word' id='word_1_58' title='bbox 1026 1745 1091 1808; x_wconf 87' lang='lat' dir='ltr'>iilis</span> <span class='ocrx_word' id='word_1_59' title='bbox 1113 1764 1171 1827; x_wconf 93' lang='lat' dir='ltr'>pro</span> <span class='ocrx_word' id='word_1_60' title='bbox 1193 1763 1267 1827; x_wconf 77' lang='lat' dir='ltr'>rege</span> <span class='ocrx_word' id='word_1_61' title='bbox 1289 1763 1324 1806; x_wconf 88' lang='lat' dir='ltr'>se</span> <span class='ocrx_word' id='word_1_62' title='bbox 1346 1743 1498 1826; x_wconf 90' lang='lat' dir='ltr'>supponit</span> <span class='ocrx_word' id='word_1_63' title='bbox 1517 1763 1625 1825; x_wconf 81' lang='lat' dir='ltr'>reum3</span> 
     </span>
     <span class='ocr_line' id='line_1_7' title="bbox 298 1837 1626 1925; baseline -0.002 -24"><span class='ocrx_word' id='word_1_64' title='bbox 298 1837 483 1901; x_wconf 89' lang='lat' dir='ltr'>memoriam</span> <span class='ocrx_word' id='word_1_65' title='bbox 504 1849 591 1906; x_wconf 92' lang='lat' dir='ltr'>tuam</span> <span class='ocrx_word' id='word_1_66' title='bbox 612 1841 775 1925; x_wconf 88' lang='lat' dir='ltr'>implorat,</span> <span class='ocrx_word' id='word_1_67' title='bbox 802 1859 866 1923; x_wconf 82' lang='lat' dir='ltr'>qua</span> <span class='ocrx_word' id='word_1_68' title='bbox 888 1839 975 1903; x_wconf 84' lang='lat' dir='ltr'>vales</span> <span class='ocrx_word' id='word_1_69' title='bbox 996 1838 1181 1921; x_wconf 87' lang='lat' dir='ltr'>plurimum;</span> <span class='ocrx_word' id='word_1_70' title='bbox 1208 1845 1302 1918; x_wconf 80' lang='lat' dir='ltr'>negat</span> <span class='ocrx_word' id='word_1_71' title='bbox 1322 1854 1473 1920; x_wconf 90' lang='lat' dir='ltr'>umquam</span> <span class='ocrx_word' id='word_1_72' title='bbox 1495 1858 1529 1901; x_wconf 91' lang='lat' dir='ltr'>se</span> <span class='ocrx_word' id='word_1_73' title='bbox 1551 1858 1570 1899; x_wconf 89' lang='lat' dir='ltr'>a</span> <span class='ocrx_word' id='word_1_74' title='bbox 1593 1845 1626 1901; x_wconf 91' lang='lat' dir='ltr'>te</span> 
     </span>
     <span class='ocr_line' id='line_1_8' title="bbox 298 1928 1625 2016; baseline 0 -23"><span class='ocrx_word' id='word_1_75' title='bbox 298 1934 331 1994; x_wconf 89' lang='lat' dir='ltr'>iu</span> <span class='ocrx_word' id='word_1_76' title='bbox 352 1932 492 1997; x_wconf 80' lang='lat' dir='ltr'>Deiotari</span> <span class='ocrx_word' id='word_1_77' title='bbox 513 1935 683 1998; x_wconf 84' lang='lat' dir='ltr'>tetrarchia</span> <span class='ocrx_word' id='word_1_78' title='bbox 704 1934 818 2016; x_wconf 90' lang='lat' dir='ltr'>pedem</span> <span class='ocrx_word' id='word_1_79' title='bbox 841 1932 1038 2007; x_wconf 87' lang='lat' dir='ltr'>discessisse;</span> <span class='ocrx_word' id='word_1_80' title='bbox 1061 1933 1095 1994; x_wconf 88' lang='lat' dir='ltr'>iu</span> <span class='ocrx_word' id='word_1_81' title='bbox 1116 1931 1226 2015; x_wconf 92' lang='lat' dir='ltr'>primis</span> <span class='ocrx_word' id='word_1_82' title='bbox 1242 1928 1357 1992; x_wconf 86' lang='lat' dir='ltr'>finibus</span> <span class='ocrx_word' id='word_1_83' title='bbox 1376 1931 1433 1993; x_wconf 87' lang='lat' dir='ltr'>tibi</span> <span class='ocrx_word' id='word_1_84' title='bbox 1448 1950 1483 1994; x_wconf 92' lang='lat' dir='ltr'>se</span> <span class='ocrx_word' id='word_1_85' title='bbox 1497 1939 1625 2014; x_wconf 90' lang='lat' dir='ltr'>praesto</span> 
     </span>
     <span class='ocr_line' id='line_1_9' title="bbox 297 2024 1625 2111; baseline -0.002 -22"><span class='ocrx_word' id='word_1_86' title='bbox 297 2025 395 2089; x_wconf 82' lang='lat' dir='ltr'>fuisse</span> <span class='ocrx_word' id='word_1_87' title='bbox 417 2025 508 2102; x_wconf 90' lang='lat' dir='ltr'>dicit,</span> <span class='ocrx_word' id='word_1_88' title='bbox 530 2048 633 2111; x_wconf 89' lang='lat' dir='ltr'>usque</span> <span class='ocrx_word' id='word_1_89' title='bbox 655 2026 693 2089; x_wconf 92' lang='lat' dir='ltr'>ad</span> <span class='ocrx_word' id='word_1_90' title='bbox 717 2027 844 2090; x_wconf 81' lang='lat' dir='ltr'>ultimos</span> <span class='ocrx_word' id='word_1_91' title='bbox 866 2033 1086 2109; x_wconf 89' lang='lat' dir='ltr'>prosecutum;</span> <span class='ocrx_word' id='word_1_92' title='bbox 1109 2046 1179 2089; x_wconf 92' lang='lat' dir='ltr'>cum</span> <span class='ocrx_word' id='word_1_93' title='bbox 1196 2045 1213 2088; x_wconf 91' lang='lat' dir='ltr'>e</span> <span class='ocrx_word' id='word_1_94' title='bbox 1229 2024 1344 2087; x_wconf 89' lang='lat' dir='ltr'>balneo</span> <span class='ocrx_word' id='word_1_95' title='bbox 1360 2025 1495 2099; x_wconf 83' lang='lat' dir='ltr'>exisses,</span> <span class='ocrx_word' id='word_1_96' title='bbox 1518 2033 1625 2088; x_wconf 90' lang='lat' dir='ltr'>tecum</span> 
     </span>
     <span class='ocr_line' id='line_1_10' title="bbox 299 2117 1626 2203; baseline -0.003 -18"><span class='ocrx_word' id='word_1_97' title='bbox 299 2120 470 2195; x_wconf 83' lang='lat' dir='ltr'>sciuisse,</span> <span class='ocrx_word' id='word_1_98' title='bbox 498 2140 568 2184; x_wconf 90' lang='lat' dir='ltr'>cum</span> <span class='ocrx_word' id='word_1_99' title='bbox 597 2120 653 2183; x_wconf 88' lang='lat' dir='ltr'>illa</span> <span class='ocrx_word' id='word_1_100' title='bbox 673 2139 805 2183; x_wconf 89' lang='lat' dir='ltr'>munera</span> <span class='ocrx_word' id='word_1_101' title='bbox 829 2120 1026 2203; x_wconf 86' lang='lat' dir='ltr'>inspexisses</span> <span class='ocrx_word' id='word_1_102' title='bbox 1048 2128 1193 2192; x_wconf 88' lang='lat' dir='ltr'>cenatus,</span> <span class='ocrx_word' id='word_1_103' title='bbox 1216 2139 1286 2181; x_wconf 93' lang='lat' dir='ltr'>cum</span> <span class='ocrx_word' id='word_1_104' title='bbox 1308 2119 1342 2179; x_wconf 88' lang='lat' dir='ltr'>in</span> <span class='ocrx_word' id='word_1_105' title='bbox 1363 2117 1511 2181; x_wconf 78' lang='lat' dir='ltr'>cubiculo</span> <span class='ocrx_word' id='word_1_106' title='bbox 1533 2138 1626 2181; x_wconf 86' lang='lat' dir='ltr'>recu-</span> 
     </span>
     <span class='ocr_line' id='line_1_11' title="bbox 261 2207 1625 2297; baseline 0 -23"><span class='ocrx_word' id='word_1_107' title='bbox 261 2216 440 2289; x_wconf 81' lang='lat' dir='ltr'>tobuisses,</span> <span class='ocrx_word' id='word_1_108' title='bbox 462 2212 658 2297; x_wconf 89' lang='lat' dir='ltr'>eandemque</span> <span class='ocrx_word' id='word_1_109' title='bbox 679 2213 899 2277; x_wconf 84' lang='lat' dir='ltr'>assiduitatem</span> <span class='ocrx_word' id='word_1_110' title='bbox 921 2213 979 2278; x_wconf 90' lang='lat' dir='ltr'>tibi</span> <span class='ocrx_word' id='word_1_111' title='bbox 1000 2235 1034 2277; x_wconf 91' lang='lat' dir='ltr'>se</span> <span class='ocrx_word' id='word_1_112' title='bbox 1055 2214 1239 2297; x_wconf 88' lang='lat' dir='ltr'>praebuisse</span> <span class='ocrx_word' id='word_1_113' title='bbox 1253 2210 1418 2294; x_wconf 88' lang='lat' dir='ltr'>postridie.</span> <span class='ocrx_word' id='word_1_114' title='bbox 1453 2207 1504 2273; x_wconf 68' lang='grc'>43.</span> <span class='ocrx_word' id='word_1_115' title='bbox 1520 2210 1625 2288; x_wconf 87' lang='lat' dir='ltr'>Quam</span> 
     </span>
     <span class='ocr_line' id='line_1_12' title="bbox 299 2305 1625 2392; baseline -0.003 -19"><span class='ocrx_word' id='word_1_116' title='bbox 299 2309 340 2373; x_wconf 90' lang='lat' dir='ltr'>ob</span> <span class='ocrx_word' id='word_1_117' title='bbox 367 2328 433 2371; x_wconf 91' lang='lat' dir='ltr'>rem</span> <span class='ocrx_word' id='word_1_118' title='bbox 460 2307 586 2390; x_wconf 91' lang='lat' dir='ltr'>siquid</span> <span class='ocrx_word' id='word_1_119' title='bbox 614 2327 736 2383; x_wconf 89' lang='lat' dir='ltr'>eorum,</span> <span class='ocrx_word' id='word_1_120' title='bbox 766 2328 847 2392; x_wconf 86' lang='lat' dir='ltr'>quac</span> <span class='ocrx_word' id='word_1_121' title='bbox 869 2308 993 2371; x_wconf 90' lang='lat' dir='ltr'>obiecta</span> <span class='ocrx_word' id='word_1_122' title='bbox 1014 2314 1103 2382; x_wconf 91' lang='lat' dir='ltr'>sunt,</span> <span class='ocrx_word' id='word_1_123' title='bbox 1133 2306 1303 2389; x_wconf 81' lang='lat' dir='ltr'>cogitatum</span> <span class='ocrx_word' id='word_1_124' title='bbox 1325 2305 1383 2379; x_wconf 85' lang='lat' dir='ltr'>sit,</span> <span class='ocrx_word' id='word_1_125' title='bbox 1412 2325 1476 2368; x_wconf 90' lang='lat' dir='ltr'>non</span> <span class='ocrx_word' id='word_1_126' title='bbox 1498 2313 1625 2369; x_wconf 88' lang='lat' dir='ltr'>recusat</span> 
     </span>
     <span class='ocr_line' id='line_1_13' title="bbox 299 2398 1699 2487; baseline -0.004 -21"><span class='ocrx_word' id='word_1_127' title='bbox 299 2403 377 2487; x_wconf 88' lang='lat' dir='ltr'>quin</span> <span class='ocrx_word' id='word_1_128' title='bbox 399 2401 431 2463; x_wconf 95' lang='lat' dir='ltr'>id</span> <span class='ocrx_word' id='word_1_129' title='bbox 454 2420 546 2463; x_wconf 91' lang='lat' dir='ltr'>suum</span> <span class='ocrx_word' id='word_1_130' title='bbox 567 2398 690 2466; x_wconf 84' lang='lat' dir='ltr'>facinus</span> <span class='ocrx_word' id='word_1_131' title='bbox 710 2401 842 2464; x_wconf 89' lang='lat' dir='ltr'>iudices.</span> <span class='ocrx_word' id='word_1_132' title='bbox 879 2402 1050 2478; x_wconf 84' lang='lat' dir='ltr'>Quocirca,</span> <span class='ocrx_word' id='word_1_133' title='bbox 1075 2402 1108 2465; x_wconf 86' lang='lat' dir='ltr'>C.</span> <span class='ocrx_word' id='word_1_134' title='bbox 1124 2401 1255 2474; x_wconf 89' lang='lat' dir='ltr'>Caesar,</span> <span class='ocrx_word' id='word_1_135' title='bbox 1277 2399 1373 2462; x_wconf 83' lang='lat' dir='ltr'>velim</span> <span class='ocrx_word' id='word_1_136' title='bbox 1388 2398 1551 2462; x_wconf 84' lang='lat' dir='ltr'>existimes</span> <span class='ocrx_word' id='word_1_137' title='bbox 1566 2398 1625 2463; x_wconf 92' lang='lat' dir='ltr'>hc-</span> <span class='ocrx_word' id='word_1_138' title='bbox 1694 2453 1699 2461; x_wconf 96' lang='lat'>.</span> 
     </span>
     <span class='ocr_line' id='line_1_14' title="bbox 300 2492 1624 2576; baseline -0.004 -17"><span class='ocrx_word' id='word_1_139' title='bbox 300 2497 411 2559; x_wconf 85' lang='lat' dir='ltr'>diemo</span> <span class='ocrx_word' id='word_1_140' title='bbox 433 2494 485 2558; x_wconf 88' lang='lat' dir='ltr'>die</span> <span class='ocrx_word' id='word_1_141' title='bbox 506 2496 694 2558; x_wconf 88' lang='lat' dir='ltr'>sententiam</span> <span class='ocrx_word' id='word_1_142' title='bbox 717 2502 800 2558; x_wconf 90' lang='lat' dir='ltr'>tuam</span> <span class='ocrx_word' id='word_1_143' title='bbox 819 2502 874 2558; x_wconf 88' lang='lat' dir='ltr'>aut</span> <span class='ocrx_word' id='word_1_144' title='bbox 887 2515 958 2558; x_wconf 86' lang='lat' dir='ltr'>cam</span> <span class='ocrx_word' id='word_1_145' title='bbox 974 2515 1095 2558; x_wconf 90' lang='lat' dir='ltr'>summo</span> <span class='ocrx_word' id='word_1_146' title='bbox 1110 2493 1266 2556; x_wconf 87' lang='lat' dir='ltr'>dedecore</span> <span class='ocrx_word' id='word_1_147' title='bbox 1280 2492 1487 2555; x_wconf 87' lang='lat' dir='ltr'>miserrimam</span> <span class='ocrx_word' id='word_1_148' title='bbox 1501 2500 1624 2576; x_wconf 86' lang='lat' dir='ltr'>pestem</span> 
     </span>
     <span class='ocr_line' id='line_1_15' title="bbox 298 2585 1624 2673; baseline -0.006 -19"><span class='ocrx_word' id='word_1_149' title='bbox 298 2592 537 2673; x_wconf 89' lang='lat' dir='ltr'>importaturam</span> <span class='ocrx_word' id='word_1_150' title='bbox 564 2608 635 2651; x_wconf 88' lang='lat' dir='ltr'>esse</span> <span class='ocrx_word' id='word_1_151' title='bbox 665 2588 792 2671; x_wconf 76' lang='lat' dir='ltr'>regibus</span> <span class='ocrx_word' id='word_1_152' title='bbox 819 2595 873 2652; x_wconf 91' lang='lat' dir='ltr'>aut</span> <span class='ocrx_word' id='word_1_153' title='bbox 900 2588 1089 2651; x_wconf 77' lang='lat' dir='ltr'>incolumem</span> <span class='ocrx_word' id='word_1_154' title='bbox 1110 2586 1226 2650; x_wconf 80' lang='lat' dir='ltr'>samam</span> <span class='ocrx_word' id='word_1_155' title='bbox 1248 2606 1319 2650; x_wconf 92' lang='lat' dir='ltr'>cum</span> <span class='ocrx_word' id='word_1_156' title='bbox 1341 2585 1459 2649; x_wconf 86' lang='lat' dir='ltr'>salute:</span> <span class='ocrx_word' id='word_1_157' title='bbox 1488 2605 1624 2669; x_wconf 91' lang='lat' dir='ltr'>quorum</span> 
     </span>
     <span class='ocr_line' id='line_1_16' title="bbox 263 2680 1624 2764; baseline 0.002 -23"><span class='ocrx_word' id='word_1_158' title='bbox 263 2681 434 2746; x_wconf 79' lang='lat' dir='ltr'>stulterum</span> <span class='ocrx_word' id='word_1_159' title='bbox 448 2688 556 2764; x_wconf 89' lang='lat' dir='ltr'>optare</span> <span class='ocrx_word' id='word_1_160' title='bbox 572 2681 699 2745; x_wconf 88' lang='lat' dir='ltr'>illorum</span> <span class='ocrx_word' id='word_1_161' title='bbox 715 2682 907 2745; x_wconf 88' lang='lat' dir='ltr'>crudelitatis</span> <span class='ocrx_word' id='word_1_162' title='bbox 922 2689 980 2756; x_wconf 85' lang='lat' dir='ltr'>est,</span> <span class='ocrx_word' id='word_1_163' title='bbox 995 2682 1127 2743; x_wconf 86' lang='lat' dir='ltr'>alterum</span> <span class='ocrx_word' id='word_1_164' title='bbox 1141 2699 1327 2743; x_wconf 86' lang='lat' dir='ltr'>conservare</span> <span class='ocrx_word' id='word_1_165' title='bbox 1343 2680 1528 2743; x_wconf 90' lang='lat' dir='ltr'>clementiae</span> <span class='ocrx_word' id='word_1_166' title='bbox 1542 2688 1624 2744; x_wconf 80' lang='lat' dir='ltr'>tuae</span> 
     </span>
    </p>
   </div>
   <div class='ocr_carea' id='block_1_3' title="bbox 298 2947 1625 3613">
    <p class='ocr_par' dir='ltr' id='par_1_3' title="bbox 298 2947 1625 3613">
     <span class='ocr_line' id='line_1_17' title="bbox 298 2947 1625 3016; baseline -0.002 -13"><span class='ocrx_word' id='word_1_167' title='bbox 298 2951 436 3016; x_wconf 70' lang='lat' dir='ltr'>Actiacam</span> <span class='ocrx_word' id='word_1_168' title='bbox 450 2949 527 3002; x_wconf 77' lang='lat' dir='ltr'>effert</span> <span class='ocrx_word' id='word_1_169' title='bbox 542 2950 645 3003; x_wconf 87' lang='lat' dir='ltr'>Probus</span> <span class='ocrx_word' id='word_1_170' title='bbox 662 2952 723 3002; x_wconf 86' lang='lat' dir='ltr'>luat.</span> <span class='ocrx_word' id='word_1_171' title='bbox 742 2964 855 3015; x_wconf 82' lang='lat' dir='ltr'>gramm.</span> <span class='ocrx_word' id='word_1_172' title='bbox 873 2953 910 3012; x_wconf 84' lang='lat'>11,</span> <span class='ocrx_word' id='word_1_173' title='bbox 929 2952 1003 3013; x_wconf 55' lang='lat' dir='ltr'>eso</span> <span class='ocrx_word' id='word_1_174' title='bbox 1021 2964 1046 3014; x_wconf 90' lang='lat' dir='ltr'>p.</span> <span class='ocrx_word' id='word_1_175' title='bbox 1060 2949 1107 2999; x_wconf 68' lang='grc' dir='ltr'>ΗΒ</span> <span class='ocrx_word' id='word_1_176' title='bbox 1124 2949 1198 3000; x_wconf 82' lang='lat' dir='ltr'>Liud.</span> <span class='ocrx_word' id='word_1_177' title='bbox 1218 2952 1293 2999; x_wconf 88' lang='lat' dir='ltr'>etex</span> <span class='ocrx_word' id='word_1_178' title='bbox 1312 2961 1344 2999; x_wconf 92' lang='lat' dir='ltr'>eo</span> <span class='ocrx_word' id='word_1_179' title='bbox 1357 2947 1482 3000; x_wconf 86' lang='lat' dir='ltr'>Claudius</span> <span class='ocrx_word' id='word_1_180' title='bbox 1494 2949 1625 3000; x_wconf 85' lang='lat' dir='ltr'>sacerdos</span> 
     </span>
     <span class='ocr_line' id='line_1_18' title="bbox 299 3020 1621 3093; baseline -0.002 -16"><span class='ocrx_word' id='word_1_181' title='bbox 299 3042 326 3093; x_wconf 90' lang='lat' dir='ltr'>p.</span> <span class='ocrx_word' id='word_1_182' title='bbox 344 3028 385 3077; x_wconf 74' lang='lat' dir='ltr'>tt.</span> <span class='ocrx_word' id='word_1_183' title='bbox 405 3052 430 3061; x_wconf 92' lang='lat'>-</span> <span class='ocrx_word' id='word_1_184' title='bbox 449 3026 546 3089; x_wconf 66' lang='lat' dir='ltr'>accos</span> <span class='ocrx_word' id='word_1_185' title='bbox 562 3029 581 3078; x_wconf 85' lang='grc' dir='ltr'><strong>Β</strong></span> <span class='ocrx_word' id='word_1_186' title='bbox 599 3029 635 3089; x_wconf 87' lang='lat' dir='ltr'>(et</span> <span class='ocrx_word' id='word_1_187' title='bbox 650 3026 689 3078; x_wconf 91' lang='lat' dir='ltr'>sic</span> <span class='ocrx_word' id='word_1_188' title='bbox 705 3026 795 3088; x_wconf 85' lang='lat' dir='ltr'>intre);</span> <span class='ocrx_word' id='word_1_189' title='bbox 822 3027 893 3076; x_wconf 76' lang='lat' dir='ltr'>hiero</span> <span class='ocrx_word' id='word_1_190' title='bbox 909 3027 928 3076; x_wconf 91' lang='lat' dir='ltr'>B</span> <span class='ocrx_word' id='word_1_191' title='bbox 948 3052 975 3061; x_wconf 96' lang='lat'><em>-</em></span> <span class='ocrx_word' id='word_1_192' title='bbox 999 3024 1154 3075; x_wconf 75' lang='lat' dir='ltr'>Btamomius</span> <span class='ocrx_word' id='word_1_193' title='bbox 1170 3025 1206 3084; x_wconf 92' lang='grc' dir='ltr'>Β,</span> <span class='ocrx_word' id='word_1_194' title='bbox 1228 3024 1257 3073; x_wconf 89' lang='lat' dir='ltr'>ut</span> <span class='ocrx_word' id='word_1_195' title='bbox 1271 3020 1374 3073; x_wconf 87' lang='lat' dir='ltr'>Probus</span> <span class='ocrx_word' id='word_1_196' title='bbox 1392 3025 1419 3073; x_wconf 89' lang='lat' dir='ltr'>et</span> <span class='ocrx_word' id='word_1_197' title='bbox 1435 3024 1574 3076; x_wconf 88' lang='lat' dir='ltr'>sacerdos.</span> <span class='ocrx_word' id='word_1_198' title='bbox 1594 3050 1621 3060; x_wconf 89' lang='lat'>—</span> 
     </span>
     <span class='ocr_line' id='line_1_19' title="bbox 300 3097 1623 3167; baseline -0.001 -17"><span class='ocrx_word' id='word_1_199' title='bbox 300 3101 448 3165; x_wconf 74' lang='lat' dir='ltr'>oatiproout</span> <span class='ocrx_word' id='word_1_200' title='bbox 462 3103 496 3161; x_wconf 67' lang='lat'>113</span> <span class='ocrx_word' id='word_1_201' title='bbox 514 3103 644 3167; x_wconf 75' lang='lat' dir='ltr'>cattpeacr</span> <span class='ocrx_word' id='word_1_202' title='bbox 660 3101 693 3159; x_wconf 84' lang='grc' dir='ltr'>Β;</span> <span class='ocrx_word' id='word_1_203' title='bbox 711 3101 842 3151; x_wconf 77' lang='lat' dir='ltr'>Antiochus</span> <span class='ocrx_word' id='word_1_204' title='bbox 858 3100 961 3151; x_wconf 86' lang='lat' dir='ltr'>Probus</span> <span class='ocrx_word' id='word_1_205' title='bbox 977 3104 1005 3150; x_wconf 88' lang='lat' dir='ltr'>et</span> <span class='ocrx_word' id='word_1_206' title='bbox 1020 3099 1159 3150; x_wconf 84' lang='lat' dir='ltr'>Sacerdos.</span> <span class='ocrx_word' id='word_1_207' title='bbox 1179 3124 1207 3134; x_wconf 92' lang='lat'><em>-</em></span> <span class='ocrx_word' id='word_1_208' title='bbox 1226 3100 1251 3147; x_wconf 75' lang='lat'>2.</span> <span class='ocrx_word' id='word_1_209' title='bbox 1268 3097 1396 3159; x_wconf 73' lang='lat' dir='ltr'>Dorsum</span> <span class='ocrx_word' id='word_1_210' title='bbox 1412 3099 1446 3147; x_wconf 86' lang='lat' dir='ltr'>B:</span> <span class='ocrx_word' id='word_1_211' title='bbox 1465 3098 1586 3148; x_wconf 79' lang='lat' dir='ltr'>Doritous</span> <span class='ocrx_word' id='word_1_212' title='bbox 1602 3100 1623 3149; x_wconf 89' lang='grc' dir='ltr'><strong>Β</strong></span> 
     </span>
     <span class='ocr_line' id='line_1_20' title="bbox 300 3174 1622 3238; baseline -0.002 -10"><span class='ocrx_word' id='word_1_213' title='bbox 300 3178 359 3238; x_wconf 85' lang='lat' dir='ltr'>ES;</span> <span class='ocrx_word' id='word_1_214' title='bbox 389 3176 515 3227; x_wconf 70' lang='lat' dir='ltr'>emuna</span> <span class='ocrx_word' id='word_1_215' title='bbox 530 3177 564 3235; x_wconf 87' lang='grc' dir='ltr'>Β;</span> <span class='ocrx_word' id='word_1_216' title='bbox 591 3175 739 3226; x_wconf 60' lang='lat' dir='ltr'>consor</span> <span class='ocrx_word' id='word_1_217' title='bbox 759 3202 787 3213; x_wconf 87' lang='lat'>-</span> <span class='ocrx_word' id='word_1_218' title='bbox 804 3189 861 3225; x_wconf 81' lang='lat' dir='ltr'>cum</span> <span class='ocrx_word' id='word_1_219' title='bbox 876 3175 970 3226; x_wconf 83' lang='lat' dir='ltr'>BDE:</span> <span class='ocrx_word' id='word_1_220' title='bbox 997 3180 1049 3223; x_wconf 84' lang='lat' dir='ltr'>tum</span> <span class='ocrx_word' id='word_1_221' title='bbox 1066 3174 1168 3226; x_wconf 73' lang='lat' dir='ltr'>Fuso</span> <span class='ocrx_word' id='word_1_222' title='bbox 1188 3201 1215 3211; x_wconf 90' lang='lat'>-</span> <span class='ocrx_word' id='word_1_223' title='bbox 1238 3174 1262 3224; x_wconf 81' lang='grc'>3.</span> <span class='ocrx_word' id='word_1_224' title='bbox 1280 3174 1379 3237; x_wconf 76' lang='lat' dir='ltr'>probuti</span> <span class='ocrx_word' id='word_1_225' title='bbox 1395 3180 1423 3223; x_wconf 83' lang='lat' dir='ltr'>at</span> <span class='ocrx_word' id='word_1_226' title='bbox 1438 3188 1510 3237; x_wconf 75' lang='lat' dir='ltr'>spero</span> <span class='ocrx_word' id='word_1_227' title='bbox 1527 3176 1575 3225; x_wconf 89' lang='lat' dir='ltr'>DS</span> <span class='ocrx_word' id='word_1_228' title='bbox 1595 3201 1622 3211; x_wconf 92' lang='lat'><em>-</em></span> 
     </span>
     <span class='ocr_line' id='line_1_21' title="bbox 300 3249 1625 3313; baseline -0.002 -13"><span class='ocrx_word' id='word_1_229' title='bbox 300 3251 431 3313; x_wconf 65' lang='lat' dir='ltr'>aquirere</span> <span class='ocrx_word' id='word_1_230' title='bbox 448 3251 468 3300; x_wconf 86' lang='grc' dir='ltr'><strong>Β</strong></span> <span class='ocrx_word' id='word_1_231' title='bbox 486 3277 514 3288; x_wconf 91' lang='grc'><strong>-</strong></span> <span class='ocrx_word' id='word_1_232' title='bbox 532 3251 664 3302; x_wconf 70' lang='lat' dir='ltr'>coemto</span> <span class='ocrx_word' id='word_1_233' title='bbox 681 3252 700 3301; x_wconf 97' lang='grc' dir='ltr'><strong>Β</strong></span> <span class='ocrx_word' id='word_1_234' title='bbox 719 3276 746 3287; x_wconf 93' lang='lat'>·-</span> <span class='ocrx_word' id='word_1_235' title='bbox 766 3249 790 3302; x_wconf 81' lang='lat' dir='ltr'>i.</span> <span class='ocrx_word' id='word_1_236' title='bbox 808 3251 917 3300; x_wconf 79' lang='lat' dir='ltr'>coemit</span> <span class='ocrx_word' id='word_1_237' title='bbox 937 3278 964 3287; x_wconf 95' lang='lat'><em>-</em></span> <span class='ocrx_word' id='word_1_238' title='bbox 983 3252 1008 3300; x_wconf 88' lang='grc'>6.</span> <span class='ocrx_word' id='word_1_239' title='bbox 1025 3251 1161 3312; x_wconf 68' lang='lat' dir='ltr'>patrimon</span> <span class='ocrx_word' id='word_1_240' title='bbox 1177 3249 1245 3299; x_wconf 74' lang='lat' dir='ltr'>cotes</span> <span class='ocrx_word' id='word_1_241' title='bbox 1261 3254 1336 3312; x_wconf 77' lang='lat' dir='ltr'>nepot</span> <span class='ocrx_word' id='word_1_242' title='bbox 1351 3249 1457 3310; x_wconf 72' lang='lat' dir='ltr'>inquom</span> <span class='ocrx_word' id='word_1_243' title='bbox 1474 3251 1534 3300; x_wconf 85' lang='lat' dir='ltr'>u-</span> <span class='ocrx_word' id='word_1_244' title='bbox 1552 3250 1577 3299; x_wconf 77' lang='grc' dir='ltr'>Ἰ.</span> <span class='ocrx_word' id='word_1_245' title='bbox 1591 3254 1625 3299; x_wconf 84' lang='lat' dir='ltr'>ts·</span> 
     </span>
     <span class='ocr_line' id='line_1_22' title="bbox 300 3323 1625 3387; baseline -0.002 -12"><span class='ocrx_word' id='word_1_246' title='bbox 300 3326 404 3376; x_wconf 79' lang='lat' dir='ltr'>trorcdo</span> <span class='ocrx_word' id='word_1_247' title='bbox 420 3327 441 3375; x_wconf 89' lang='grc' dir='ltr'><strong>Β</strong></span> <span class='ocrx_word' id='word_1_248' title='bbox 461 3352 488 3362; x_wconf 91' lang='lat'><em>-</em></span> <span class='ocrx_word' id='word_1_249' title='bbox 509 3325 570 3387; x_wconf 82' lang='lat' dir='ltr'>podo</span> <span class='ocrx_word' id='word_1_250' title='bbox 587 3326 606 3374; x_wconf 88' lang='grc' dir='ltr'><strong>Β</strong></span> <span class='ocrx_word' id='word_1_251' title='bbox 626 3352 652 3361; x_wconf 97' lang='grc'>-</span> <span class='ocrx_word' id='word_1_252' title='bbox 673 3329 756 3387; x_wconf 80' lang='lat' dir='ltr'>presto</span> <span class='ocrx_word' id='word_1_253' title='bbox 777 3326 838 3375; x_wconf 77' lang='lat' dir='ltr'>sarr</span> <span class='ocrx_word' id='word_1_254' title='bbox 858 3351 885 3361; x_wconf 96' lang='lat'><em>-</em></span> <span class='ocrx_word' id='word_1_255' title='bbox 908 3324 932 3374; x_wconf 80' lang='grc' dir='ltr'>Β.</span> <span class='ocrx_word' id='word_1_256' title='bbox 951 3326 986 3373; x_wconf 89' lang='lat' dir='ltr'>od</span> <span class='ocrx_word' id='word_1_257' title='bbox 1001 3326 1115 3374; x_wconf 74' lang='lat' dir='ltr'>ultimum</span> <span class='ocrx_word' id='word_1_258' title='bbox 1134 3329 1293 3386; x_wconf 81' lang='lat' dir='ltr'>prosecutum</span> <span class='ocrx_word' id='word_1_259' title='bbox 1311 3323 1422 3384; x_wconf 79' lang='lat' dir='ltr'>fuissclt</span> <span class='ocrx_word' id='word_1_260' title='bbox 1449 3352 1473 3359; x_wconf 91' lang='lat'><em>-</em></span> <span class='ocrx_word' id='word_1_261' title='bbox 1498 3329 1578 3373; x_wconf 79' lang='lat' dir='ltr'>tecum</span> <span class='ocrx_word' id='word_1_262' title='bbox 1598 3336 1625 3372; x_wconf 84' lang='lat' dir='ltr'>sc</span> 
     </span>
     <span class='ocr_line' id='line_1_23' title="bbox 299 3397 1620 3465; baseline -0.003 -15"><span class='ocrx_word' id='word_1_263' title='bbox 299 3399 374 3465; x_wconf 67' lang='lat' dir='ltr'>rause</span> <span class='ocrx_word' id='word_1_264' title='bbox 390 3413 442 3451; x_wconf 92' lang='lat' dir='ltr'>om.</span> <span class='ocrx_word' id='word_1_265' title='bbox 461 3400 479 3450; x_wconf 88' lang='lat' dir='ltr'>F</span> <span class='ocrx_word' id='word_1_266' title='bbox 498 3426 525 3436; x_wconf 93' lang='lat'><em>-</em></span> <span class='ocrx_word' id='word_1_267' title='bbox 544 3399 568 3450; x_wconf 88' lang='grc'>9.</span> <span class='ocrx_word' id='word_1_268' title='bbox 586 3400 732 3462; x_wconf 70' lang='lat' dir='ltr'>inspectores</span> <span class='ocrx_word' id='word_1_269' title='bbox 746 3412 852 3449; x_wconf 76' lang='lat' dir='ltr'>munero</span> <span class='ocrx_word' id='word_1_270' title='bbox 869 3399 888 3447; x_wconf 87' lang='grc' dir='ltr'><strong>Β</strong></span> <span class='ocrx_word' id='word_1_271' title='bbox 907 3424 934 3434; x_wconf 96' lang='grc'>-</span> <span class='ocrx_word' id='word_1_272' title='bbox 954 3399 994 3448; x_wconf 79' lang='lat' dir='ltr'>to.</span> <span class='ocrx_word' id='word_1_273' title='bbox 1013 3401 1170 3461; x_wconf 72' lang='lat' dir='ltr'>eomdmtqcs</span> <span class='ocrx_word' id='word_1_274' title='bbox 1186 3400 1206 3448; x_wconf 88' lang='lat' dir='ltr'>R</span> <span class='ocrx_word' id='word_1_275' title='bbox 1225 3424 1252 3434; x_wconf 94' lang='lat'>·-</span> <span class='ocrx_word' id='word_1_276' title='bbox 1270 3397 1316 3446; x_wconf 77' lang='lat' dir='ltr'>ribi</span> <span class='ocrx_word' id='word_1_277' title='bbox 1332 3403 1355 3447; x_wconf 82' lang='lat' dir='ltr'>te</span> <span class='ocrx_word' id='word_1_278' title='bbox 1371 3400 1405 3457; x_wconf 82' lang='lat' dir='ltr'>R;</span> <span class='ocrx_word' id='word_1_279' title='bbox 1424 3398 1468 3448; x_wconf 83' lang='lat' dir='ltr'>tibi</span> <span class='ocrx_word' id='word_1_280' title='bbox 1484 3409 1538 3447; x_wconf 93' lang='lat' dir='ltr'>om.</span> <span class='ocrx_word' id='word_1_281' title='bbox 1556 3399 1574 3446; x_wconf 80' lang='grc' dir='ltr'><strong>Β</strong></span> <span class='ocrx_word' id='word_1_282' title='bbox 1595 3424 1620 3433; x_wconf 93' lang='grc'><strong>-</strong></span> 
     </span>
     <span class='ocr_line' id='line_1_24' title="bbox 301 3472 1624 3539; baseline -0.003 -15"><span class='ocrx_word' id='word_1_283' title='bbox 301 3473 414 3525; x_wconf 71' lang='lat' dir='ltr'>tribuisse</span> <span class='ocrx_word' id='word_1_284' title='bbox 429 3472 521 3525; x_wconf 72' lang='lat' dir='ltr'>lomb,</span> <span class='ocrx_word' id='word_1_285' title='bbox 539 3474 567 3525; x_wconf 88' lang='lat' dir='ltr'>io</span> <span class='ocrx_word' id='word_1_286' title='bbox 583 3487 667 3539; x_wconf 77' lang='lat' dir='ltr'>marg.</span> <span class='ocrx_word' id='word_1_287' title='bbox 685 3487 719 3525; x_wconf 87' lang='lat' dir='ltr'>ex</span> <span class='ocrx_word' id='word_1_288' title='bbox 735 3474 813 3524; x_wconf 88' lang='lat' dir='ltr'>codd.</span> <span class='ocrx_word' id='word_1_289' title='bbox 828 3500 855 3510; x_wconf 92' lang='lat'><em>-</em></span> <span class='ocrx_word' id='word_1_290' title='bbox 874 3474 914 3523; x_wconf 76' lang='lat'>⁴2.</span> <span class='ocrx_word' id='word_1_291' title='bbox 932 3474 960 3523; x_wconf 87' lang='lat' dir='ltr'>s&#39;d</span> <span class='ocrx_word' id='word_1_292' title='bbox 974 3487 1047 3523; x_wconf 70' lang='lat' dir='ltr'>aaron</span> <span class='ocrx_word' id='word_1_293' title='bbox 1062 3474 1112 3536; x_wconf 77' lang='lat' dir='ltr'>[oc.</span> <span class='ocrx_word' id='word_1_294' title='bbox 1126 3473 1190 3522; x_wconf 83' lang='lat' dir='ltr'>CR:</span> <span class='ocrx_word' id='word_1_295' title='bbox 1209 3472 1235 3520; x_wconf 78' lang='lat' dir='ltr'>id</span> <span class='ocrx_word' id='word_1_296' title='bbox 1250 3472 1299 3534; x_wconf 77' lang='lat' dir='ltr'>[oc.</span> <span class='ocrx_word' id='word_1_297' title='bbox 1312 3474 1430 3531; x_wconf 78' lang='lat' dir='ltr'>saum03</span> <span class='ocrx_word' id='word_1_298' title='bbox 1446 3474 1497 3535; x_wconf 73' lang='lat' dir='ltr'>soc.</span> <span class='ocrx_word' id='word_1_299' title='bbox 1511 3473 1537 3521; x_wconf 80' lang='lat' dir='ltr'>u</span> <span class='ocrx_word' id='word_1_300' title='bbox 1550 3485 1624 3521; x_wconf 82' lang='lat' dir='ltr'>suom</span> 
     </span>
     <span class='ocr_line' id='line_1_25' title="bbox 301 3546 1560 3613; baseline -0.002 -14"><span class='ocrx_word' id='word_1_301' title='bbox 301 3549 365 3599; x_wconf 79' lang='lat' dir='ltr'>F-</span> <span class='ocrx_word' id='word_1_302' title='bbox 385 3549 487 3601; x_wconf 69' lang='lat' dir='ltr'>mimos</span> <span class='ocrx_word' id='word_1_303' title='bbox 502 3549 523 3600; x_wconf 81' lang='lat' dir='ltr'><strong>E</strong></span> <span class='ocrx_word' id='word_1_304' title='bbox 541 3573 570 3587; x_wconf 91' lang='lat'>-</span> <span class='ocrx_word' id='word_1_305' title='bbox 587 3549 707 3599; x_wconf 74' lang='lat' dir='ltr'>hodiem</span> <span class='ocrx_word' id='word_1_306' title='bbox 723 3550 743 3600; x_wconf 81' lang='lat' dir='ltr'>il</span> <span class='ocrx_word' id='word_1_307' title='bbox 762 3575 789 3583; x_wconf 95' lang='lat'><em>-</em></span> <span class='ocrx_word' id='word_1_308' title='bbox 808 3547 848 3599; x_wconf 80' lang='lat' dir='ltr'>tt.</span> <span class='ocrx_word' id='word_1_309' title='bbox 866 3549 1053 3613; x_wconf 78' lang='lat' dir='ltr'>inportatarom</span> <span class='ocrx_word' id='word_1_310' title='bbox 1069 3550 1090 3598; x_wconf 87' lang='lat' dir='ltr'>D</span> <span class='ocrx_word' id='word_1_311' title='bbox 1111 3574 1137 3583; x_wconf 98' lang='lat'>-</span> <span class='ocrx_word' id='word_1_312' title='bbox 1156 3548 1196 3595; x_wconf 78' lang='grc'>45.</span> <span class='ocrx_word' id='word_1_313' title='bbox 1214 3558 1301 3595; x_wconf 79' lang='lat' dir='ltr'>eorum</span> <span class='ocrx_word' id='word_1_314' title='bbox 1318 3547 1336 3595; x_wconf 83' lang='lat' dir='ltr'>F</span> <span class='ocrx_word' id='word_1_315' title='bbox 1354 3572 1381 3582; x_wconf 94' lang='lat'><em>-</em></span> <span class='ocrx_word' id='word_1_316' title='bbox 1399 3546 1465 3610; x_wconf 78' lang='lat' dir='ltr'>tuoe]</span> <span class='ocrx_word' id='word_1_317' title='bbox 1482 3553 1517 3597; x_wconf 83' lang='lat' dir='ltr'>cst</span> <span class='ocrx_word' id='word_1_318' title='bbox 1534 3548 1560 3597; x_wconf 82' lang='lat' dir='ltr'>F.</span> 
     </span>
    </p>
   </div>
   <div class='ocr_carea' id='block_1_4' title="bbox 0 0 1911 7348">
    <p class='ocr_par' dir='ltr' id='par_1_4' title="bbox 0 0 1911 7348">
     <span class='ocr_line' id='line_1_26' title="bbox 0 0 1911 7348; baseline 0 0"><span class='ocrx_word' id='word_1_319' title='bbox 0 0 1911 7348; x_wconf 95' lang='lat' dir='ltr'> </span> 
     </span>
    </p>
   </div>
  </div>
 </body>
</html>
