3800 7350
696 1192 769 1257 cn.
790 1191 987 1257 xv-xvr.
1013 1189 1061 1275 ss
1082 1187 1227 1256 as-rs.
1534 1185 1616 1254 sies

299 1364 416 1436 bostis,
445 1362 535 1425 cuius
563 1362 749 1424 sententiam
778 1370 904 1424 senatus
932 1361 1034 1424 omnis
1064 1362 1103 1424 de
1133 1361 1234 1423 salute
1256 1380 1325 1423 mea
1350 1359 1563 1442 gravissimam
1586 1365 1618 1421 et

300 1455 528 1518 ornatissimam
558 1463 685 1517 secutus
712 1462 775 1528 est,
804 1457 857 1537 qui
887 1454 1038 1537 populum
1060 1456 1304 1517 Romanum-est
1325 1453 1522 1526 cohortatus,
1550 1454 1616 1536 qui,

300 1571 370 1613 cum
392 1550 496 1612 deme
512 1547 670 1610 decretum
687 1549 812 1630 Capuae
828 1546 968 1621 fecisset,
991 1548 1059 1631 ipse
1082 1556 1212 1610 cunctae
1227 1547 1336 1611 ltaliae
1351 1547 1487 1630 cupienti
1503 1547 1617 1610 eteius

299 1643 393 1707 fidem
416 1642 596 1726 imploranti
617 1643 741 1722 signum
764 1641 867 1713 dedit,
897 1649 931 1703 ut
953 1642 993 1705 ad
1015 1664 1064 1705 me
1086 1642 1314 1704 restituendum
1336 1643 1465 1703 Romam
1487 1659 1619 1703 concur·

299 1744 421 1811 serent3
450 1735 590 1799 omnium
620 1734 758 1816 denique
788 1735 821 1795 in
850 1734 939 1797 illum
961 1736 1034 1798 odia
1056 1735 1170 1799 civium
1192 1734 1343 1797 ardebant
1364 1733 1521 1797 desiderio
1545 1732 1641 1806 mei,e

300 1850 392 1913 quem
426 1830 481 1912 qui
507 1835 572 1891 tum
602 1827 832 1900 interemisset,
862 1847 925 1889 non
948 1828 988 1891 de
1010 1829 1196 1910 impunitate
1219 1829 1305 1902 eius,
1333 1828 1387 1891 sed
1409 1827 1449 1890 de
1470 1828 1618 1910 praemiis

300 1924 496 2004 cogitaretur.
528 1923 646 1983 Tamen
668 1940 702 1982 se
724 1919 801 1982 Milo
824 1922 981 1984 continuit
1002 1931 1033 1985 et
1054 1923 1086 1984 P.
1103 1922 1246 1987 Clodium
1269 1923 1302 1985 in
1323 1921 1476 1984 iudicium
1497 1921 1556 1995 bis,
1577 1919 1617 1984 ad

300 2016 363 2079 rim
393 2034 565 2097 numquam
595 2014 727 2077 vocavit.
771 2009 821 2075 tu.
845 2014 954 2089 Quid?
982 2016 1102 2098 privato
1126 2016 1243 2079 Milone
1271 2024 1304 2079 et
1327 2035 1383 2079 reo
1405 2015 1445 2078 ad
1467 2015 1618 2098 populum

300 2116 468 2171 accusante
490 2108 524 2170 P.
547 2107 674 2178 Clodio,
697 2128 767 2169 cum
790 2109 822 2169 in
846 2108 899 2170 Cn.
923 2108 1105 2189 Pompeium
1129 2129 1186 2191 pro
1204 2109 1322 2171 Milone
1344 2108 1498 2171 dicentem
1520 2109 1619 2191 impe·

301 2211 351 2266 tus
372 2202 474 2266 lactus
496 2211 558 2276 est,
582 2220 663 2284 quae
685 2209 751 2263 tum
774 2221 837 2263 non
860 2201 955 2264 modo
978 2202 1118 2275 occasio,
1146 2202 1202 2266 sed
1225 2203 1317 2265 etiam
1339 2221 1435 2265 causa
1454 2201 1541 2264 illius
1562 2222 1656 2284 op-io

301 2296 457 2381 primendi
478 2295 553 2358 initi
586 2296 694 2377 Nuper
713 2314 788 2356 vero
812 2314 882 2357 cum
907 2296 948 2358 M.
970 2296 1128 2358 Antonius
1149 2316 1300 2359 summam
1324 2316 1412 2379 spem
1433 2295 1542 2359 salutis
1562 2296 1619 2359 bo-

302 2391 352 2452 nis
366 2388 512 2452 omnibus
526 2387 683 2451 attulisset
697 2386 976 2470 gravissimamque
990 2387 1174 2452 adolescens
1188 2389 1401 2454 nobilissimus
1415 2389 1460 2452 rei
1475 2388 1620 2470 publicae

302 2491 422 2567 partem
444 2481 614 2545 fortissime
636 2480 827 2562 suscepisset
848 2487 942 2563 atque
964 2480 1049 2543 illam
1071 2481 1211 2555 beluam,
1240 2481 1349 2544 iudicii
1373 2483 1502 2563 laqueos
1524 2482 1620 2546 decli-

302 2584 444 2648 nantem,
467 2575 529 2638 iam
550 2574 703 2638 irretitam
724 2581 862 2647 teneret,
885 2576 940 2657 qui
963 2574 1068 2649 locus,
1091 2575 1176 2658 quod
1193 2583 1315 2657 tempus
1330 2575 1424 2649 illud,
1446 2575 1478 2638 di
1494 2577 1620 2640 immor-

302 2670 380 2733 tales
402 2667 478 2731 initi
503 2668 579 2731 Cum
602 2687 636 2729 se
658 2667 711 2730 ille
733 2667 857 2748 lugiens
879 2668 913 2729 in
936 2667 1089 2730 scalarum
1110 2668 1248 2731 tenebris
1262 2668 1451 2742 abdidisset,
1473 2688 1657 2752 magnumst

302 2762 412 2825 Miloni
439 2760 499 2825 fuit
528 2757 683 2824 conficere
713 2759 800 2822 illam
828 2769 950 2842 pestem
978 2760 1065 2822 nulla
1087 2781 1143 2823 sua
1165 2761 1300 2834 invidia,
1332 2763 1373 2824 M.
1395 2781 1470 2825 vero
1492 2761 1620 2825 Antonii

303 2855 439 2917 maxima
460 2853 578 2936 gloriai
614 2850 666 2917 tl.
681 2854 785 2928 Quidi
807 2855 942 2917 comitiis
961 2855 994 2917 in
1009 2873 1121 2938 campo
1136 2853 1285 2937 quotiens
1299 2861 1438 2937 potestas
1452 2854 1526 2918 initi
1549 2875 1619 2918 cum

302 2946 356 3010 ille
378 2947 411 3008 in
434 2955 542 3030 saepta
557 2948 687 3021 ruisset,
709 2946 831 3030 gladios
848 2946 1106 3028 destringendos,
1127 2946 1249 3028 lapides
1264 2946 1426 3011 iaciendos
1441 2950 1621 3021 curavisset,

303 3039 376 3102 dein
398 3036 503 3103 subito
525 3040 614 3103 vultu
636 3041 763 3104 Milonis
786 3040 968 3124 perterritus
989 3037 1113 3122 ingeret
1133 3040 1172 3101 ad
1195 3039 1350 3115 Tiberim,
1381 3062 1436 3105 vos
1459 3050 1491 3104 et
1511 3061 1621 3105 omnes

303 3133 379 3196 boni
401 3141 474 3198 vota
495 3133 656 3208 laceretis,
679 3142 714 3197 ut
736 3135 844 3198 Miloni
866 3134 911 3196 uti
933 3132 1049 3196 virtute
1071 3152 1129 3196 sua
1151 3132 1273 3196 liberet.
1629 3158 1658 3204 so

388 3228 471 3292 xvi.
494 3228 596 3303 Quem
619 3228 714 3310 igitur
734 3248 803 3291 cum
825 3227 966 3289 omnium
987 3227 1086 3308 gratia
1107 3227 1224 3300 noluit,
1246 3227 1329 3290 bunc
1352 3227 1451 3291 voluit
1472 3249 1543 3290 eum
1564 3228 1621 3291 ali-

306 3341 440 3404 quorum
465 3320 627 3405 querella?
650 3340 744 3403 quem
766 3322 851 3394 iure,
874 3339 970 3403 quem
991 3319 1072 3392 loco,
1094 3340 1188 3403 quern
1210 3327 1361 3402 tempore,
1383 3340 1478 3403 quem
1493 3321 1621 3403 impune

304 3434 369 3477 non
391 3422 439 3476 est
459 3433 573 3487 ausus,
602 3414 687 3477 bunc
708 3414 839 3487 iniuria,
863 3414 974 3495 iniquo
997 3412 1084 3486 loco,
1106 3412 1210 3475 alieno
1233 3420 1387 3496 tempore,
1409 3413 1549 3497 periculo
1571 3435 1622 3478 ca·

305 3508 379 3589 pitis
400 3527 465 3569 non
487 3507 643 3571 dubitavit
664 3507 830 3571 occidere?
873 3503 924 3567 42.
946 3506 1141 3587 praesertim,
1163 3505 1298 3580 iudices,
1321 3527 1391 3569 cum
1413 3509 1543 3570 bononis
1558 3528 1622 3571 am·

305 3600 435 3685 piissimi
458 3602 618 3664 contentio
641 3608 673 3662 et
694 3601 761 3663 dies
784 3601 982 3664 comitiorum
1004 3598 1164 3672 subesset,
1187 3620 1250 3682 quo
1269 3599 1397 3684 quidem
1420 3609 1560 3686 tempore
1580 3622 1659 3670 -ss

305 3695 371 3757 scio
393 3695 495 3767 enim,
523 3714 617 3777 quam
639 3693 748 3757 timida
769 3695 812 3756 sit
832 3694 961 3756 ambitio
982 3701 1164 3778 quantaque
1186 3702 1218 3756 et
1238 3715 1331 3776 quam
1353 3695 1486 3759 sollicita
1508 3697 1549 3760 sit
1569 3717 1623 3760 cu·

304 3787 418 3871 piditas
440 3788 622 3851 consulatus
646 3821 683 3833 -
700 3789 807 3850 omnia
822 3808 885 3850 non
901 3787 997 3851 modo
1011 3806 1093 3870 quae
1108 3786 1296 3870 reprebendi
1315 3787 1435 3869 palam,
1458 3788 1621 3853 sedetiam

305 3884 437 3946 obscure
454 3900 535 3965 quae
550 3880 679 3962 cogitari
694 3889 842 3964 possunt,
865 3882 1026 3954 timemus,
1048 3900 1214 3954 rumorem,
1235 3879 1371 3944 fabulam
1385 3877 1498 3957 fictam,
1520 3883 1621 3948 levem

304 3975 587 4059 perhorrescimus,
610 3992 664 4036 ora
686 3974 827 4037 omnium
848 3982 944 4057 atque
966 3974 1077 4037 oculos
1098 3974 1274 4038 intuemur‹
1302 3973 1386 4037 Nibil
1401 3977 1543 4038 estenim
1559 3984 1621 4040 mm

306 4069 417 4142 molle,
446 4077 509 4131 tam
538 4075 697 4140 tenerum,
726 4075 788 4129 tam
815 4075 871 4130 aut
890 4067 1001 4150 fragile
1023 4075 1078 4130 aut
1099 4066 1238 4129 tlexibile
1260 4086 1355 4150 mam
1384 4067 1527 4132 voluntas
1548 4088 1658 4153 ergaeo

305 4182 365 4226 nos
399 4181 574 4245 munusque
607 4162 737 4234 civium,
771 4161 826 4244 qui
859 4180 923 4223 non
953 4160 1046 4223 modo
1078 4159 1269 4242 improbitati
1302 4160 1479 4224 irascuntur
1515 4163 1623 4227 candi·

307 4257 468 4329 datorum,
493 4255 550 4318 sed
576 4255 670 4317 etiam
702 4254 734 4316 in
764 4262 847 4318 recte
877 4254 967 4317 iactis
995 4272 1090 4335 saepe
1116 4252 1288 4317 fastidiunt.
1331 4250 1381 4315 la.
1409 4254 1501 4318 Hunc
1527 4257 1622 4340 igitur

306 4351 390 4413 diem
422 4349 525 4432 campi
551 4356 710 4431 speratum
742 4356 837 4431 atque
870 4354 1049 4432 exoptatum
1082 4346 1142 4410 sibi
1174 4366 1355 4431 proponens
1381 4347 1456 4410 Milo
1485 4350 1622 4414 cruentis

373 4526 397 4574 4.
415 4525 494 4574 omnis
511 4535 564 4573 orn.
585 4524 617 4583 E,
637 4524 738 4582 erecte,
757 4525 786 4572 ut
802 4524 903 4587 opinor.
932 4523 1018 4574 Totum
1034 4524 1060 4573 ei
1075 4523 1218 4573 4444444444
1233 4528 1345 4573 mem
1361 4521 1412 4573 dici
1429 4526 1552 4575 memini:
1574 4526 1622 4577 sed

308 4600 414 4665 requiro
432 4596 596 4662 exemplum,
615 4610 669 4660 quo
682 4595 784 4647 dicatur
799 4599 879 4647 omnis
893 4605 993 4650 moles
1008 4597 1103 4649 eedem
1114 4599 1258 4659 sententia,
1276 4611 1327 4649 nec
1343 4598 1394 4649 dici
1406 4599 1522 4663 potuisse
1533 4603 1622 4664 puto..

307 4677 384 4726 Base.
394 4700 421 4710 -
440 4674 465 4723 Ξ.
479 4686 527 4734 pr.
541 4672 595 4721 T-
614 4671 639 4720 3.
652 4672 682 4721 ds
696 4683 735 4722 ms
746 4673 869 4722 4444444444
880 4674 923 4724 TS
935 4675 971 4734 let
981 4675 1063 4724 ceteri
1075 4672 1154 4724 codd.
1167 4674 1272 4738 praeter
1288 4673 1332 4736 El:
1351 4675 1475 4725 4444444444
1485 4675 1623 4726 dometio

310 4779 337 4789 -
349 4751 442 4814 [4444444
457 4748 518 4797 TS:
536 4747 594 4809 44444
613 4746 658 4796 Eo
672 4772 699 4781 -
717 4745 742 4796 4.
755 4749 944 4799 commem
957 4774 984 4785 -
1004 4750 1028 4798 5.
1041 4749 1151 4798 omsitsm
1162 4748 1351 4800 Heumannns:
1370 4749 1455 4798 ossio
1471 4753 1524 4799 tum
1540 4749 1621 4801 TEO.

308 4828 347 4879 cl.
360 4825 471 4887 Madvig.
484 4822 530 4885 op.
542 4835 581 4871 oc.
593 4823 613 4881 l,
626 4835 652 4885 p.
666 4821 754 4872 i8⁰.·
769 4821 793 4871 e.
805 4823 974 4886 inpendent·
987 4849 1013 4859 -
1032 4823 1062 4872 ds
1073 4836 1125 4874 om.
1137 4824 1157 4874 Τ
1170 4850 1196 4859 -
1216 4824 1241 4874 7.
1256 4823 1345 4874 Tmen
1356 4825 1382 4873 S:
1401 4821 1428 4875 tii
1444 4825 1473 4885 T,
1491 4831 1544 4874 teon
1560 4825 1620 4876 li-

307 4903 331 4952 9.
345 4899 532 4961 com-sectus
546 4902 581 4948 est
597 4896 678 4946 habet
688 4898 708 4947 B
719 4923 746 4934 -
764 4897 791 4947 is
802 4911 855 4949 om.
868 4899 917 4948 B-
937 4899 978 4948 li.
990 4899 1076 4961 Nsspcr
1090 4912 1149 4948 ocro
1159 4911 1216 4948 aen
1229 4899 1264 4949 M.
1276 4899 1396 4951 Aeones
1410 4899 1522 4951 habetB
1539 4927 1563 4938 -
1583 4901 1622 4951 it.

307 4974 513 5031 MobwsnsTr
528 4971 568 5023 44.
580 4970 677 5022 bduom
688 4972 762 5022 TES:
781 4972 950 5024 444444440-
965 4971 1005 5024 44.
1019 4974 1212 5024 omunst-
1224 4973 1378 5026 diil'Eo—
1392 4976 1432 5025 se.
1444 4971 1622 5026 unedrisl's':

308 5050 419 5101 44444444
431 5044 507 5098 us¹0
522 5073 547 5081 —
562 5047 602 5096 46.
615 5048 651 5097 M.
662 5060 721 5097 vero
728 5047 828 5098 Antonii
838 5049 855 5098 S
867 5051 894 5097 et
904 5047 947 5098 ed.
961 5048 1075 5097 Iuntina:
1092 5061 1153 5097 uero
1164 5048 1251 5098 444444
1258 5049 1287 5107 T,
1298 5061 1359 5100 uero
1369 5050 1465 5100 monis
1475 5050 1509 5106 u;
1526 5050 1626 5099 4444444

307 5139 367 5176 vero
383 5126 404 5176 0
418 5151 444 5161 -
464 5123 503 5172 t'i.
517 5123 628 5183 quotiens
643 5122 731 5172 TES:
750 5124 844 5183 quotus
859 5124 918 5174 0-
939 5123 978 5173 48.
997 5128 1066 5185 septo
1082 5123 1130 5173 TE
1145 5150 1172 5161 -
1188 5124 1278 5175 mimi
1293 5125 1357 5175 TE:
1375 5125 1505 5187 imtpisset
1521 5125 1623 5175 080-

310 5200 487 5264 dmmgsndos
503 5199 523 5247 T
542 5225 568 5234 -
587 5199 723 5248 4444444444
739 5198 828 5248 TES:
845 5199 991 5249 casrossetO
1011 5224 1036 5235 -
1061 5197 1100 5248 49.
1119 5196 1222 5257 tutem
1237 5197 1311 5248 Tus
1329 5223 1356 5234 -
1376 5199 1416 5249 2⁰.
1433 5199 1539 5261 [44444444
1557 5200 1577 5249 T
1595 5226 1622 5237 ·-

310 5277 351 5325 2⁴.
371 5278 447 5337 044444
462 5274 541 5337 igiter
551 5299 586 5310 --
598 5272 719 5322 dubitauit
734 5273 844 5322 oecidm
859 5273 959 5324 hebeni
975 5271 1147 5332 Quintilianus
1164 5272 1194 5333 V,
1208 5271 1247 5334 44,
1260 5272 1288 5331 3;
1307 5272 1424 5325 isidorus
1440 5275 1523 5338 Oripp.
1545 5276 1580 5336 il,
1598 5275 1623 5335 9,

312 5350 356 5408 43ς
375 5347 547 5399 Cassiodorus
564 5349 659 5397 44444444.
678 5360 756 5408 consp.
775 5360 801 5409 p.
820 5347 868 5398 373
885 5345 928 5396 ed.
942 5349 1024 5411 capp.
1040 5374 1066 5383 -
1085 5346 1195 5396 omniom
1211 5358 1264 5395 om.
1278 5345 1391 5398 isidorus
1405 5349 1623 5399 etcassiodorus.

243 5481 247 5486 ,
313 5451 340 5462 -
353 5424 394 5474 22.
407 5424 525 5484 emersio
541 5424 569 5483 T,
587 5423 687 5486 semeio
703 5422 777 5472 ESO
795 5447 822 5462 ·-
842 5435 913 5484 444444
928 5419 1227 5484 impmeom.1sidorus
1244 5425 1271 5471 et
1287 5421 1469 5473 Cassiodorus.
1489 5449 1516 5458 —
1535 5425 1626 5486 inpone

313 5499 332 5548 T
350 5525 376 5534 -
395 5497 436 5547 23.
453 5498 539 5560 iniquo
557 5498 610 5548 loco
630 5510 683 5547 om.
701 5496 815 5549 lsidorus
832 5500 860 5548 et
876 5497 1057 5547 Cassiodorus.
1079 5521 1105 5532 —
1128 5495 1205 5557 ispo
1220 5495 1240 5544 T
1259 5520 1286 5531 -
1306 5496 1427 5558 possets]
1444 5511 1502 5547 cem
1515 5499 1626 5561 periculo

313 5571 493 5633 Quintilianus,
510 5572 635 5630 isidorus,
650 5571 830 5624 Cassiodorus.
846 5599 872 5609 -
891 5573 932 5624 26.
948 5573 1054 5622 4444444444
1069 5571 1100 5620 sit
1115 5571 1238 5632 4444444444
1253 5570 1311 5621 TE:
1328 5572 1434 5622 4444444444
1448 5573 1571 5635 sputos
1581 5573 1624 5624 80

312 5673 345 5682 -
355 5648 397 5697 Ὦ.
413 5643 529 5710 replendi
544 5649 573 5708 Τ,
590 5641 676 5707 scindi
692 5647 750 5696 E·
769 5647 810 5697 28.
822 5661 886 5710 quas
902 5647 1055 5699 comes
1069 5674 1095 5684 -
1111 5649 1197 5710 fictam
1212 5647 1288 5698 444444
1303 5645 1362 5698 libri
1379 5647 1524 5698 Ρτ.41οᾱ44;
1540 5649 1625 5710 fletam

312 5720 403 5781 solemn
420 5723 481 5784 (om.
493 5722 577 5785 leuen)
589 5723 621 5778 S‘.
636 5723 729 5784 fictam.
746 5721 846 5784 [444444.
864 5722 941 5772 suem
952 5723 985 5780 T;
1002 5722 1102 5784 {olm
1113 5723 1206 5785 4444444.
1219 5722 1297 5773 mon
1307 5722 1336 5782 E,
1355 5724 1380 5773 in
1397 5724 1545 5786 quostiam
1562 5720 1624 5773 alibi

314 5795 417 5858 glossae
432 5797 515 5848 verbo
531 5796 727 5862 interpretando
744 5799 911 5862 praepositae
926 5800 1001 5856 sunt,
1019 5810 1043 5846 v.
1062 5809 1086 5847 c.
1102 5809 1129 5860 p.
1147 5797 1203 5859 792,
1216 5797 1257 5848 et.
1271 5823 1298 5833 -
1316 5796 1357 5849 29.
1376 5802 1410 5849 444
1425 5797 1490 5847 seim
1506 5797 1543 5847 E:
1559 5797 1625 5847 celsi

315 5877 349 5921 cst
365 5872 440 5923 TSO
456 5897 484 5908 -
502 5873 543 5924 tt.
560 5873 639 5936 igiter
653 5873 717 5926 disat
733 5871 766 5923 E:
785 5873 849 5924 disin
868 5872 946 5935 ipitsr
961 5871 1039 5922 TSO.
