3800 7350
315 1220 399 1291 4454
744 1221 896 1288 caino
917 1222 1144 1288 vnvnnrrcs
1162 1225 1203 1287 11.
1274 1193 1279 1201 ’

314 1403 363 1473 te,
390 1403 424 1460 tu
451 1415 470 1459 4
494 1415 545 1457 mc
574 1395 756 1458 observatus
777 1394 810 1456 in
838 1393 992 1476 petitione
1015 1400 1214 1477 quaesturae.
1248 1392 1319 1467 Quo
1342 1391 1471 1475 quidem
1492 1397 1636 1472 tempore

315 1490 349 1553 P.
366 1488 508 1552 Clodium
527 1487 721 1571 approbante
742 1488 860 1570 populo
875 1488 1017 1551 Romano
1040 1488 1073 1550 in
1091 1485 1161 1549 soro
1176 1506 1210 1550 es
1226 1494 1356 1549 conatus
1372 1485 1525 1557 occidere,
1547 1502 1639 1546 cum·

315 1603 378 1667 que
399 1601 468 1645 eam
491 1600 555 1643 rem
585 1589 639 1644 tua
659 1588 773 1663 sponte
795 1601 963 1656 conarere,
991 1602 1055 1644 non
1078 1580 1217 1663 impulsu
1238 1599 1325 1653 meo,
1352 1586 1457 1643 tamen
1479 1579 1523 1641 ita
1544 1598 1638 1660 prae-

315 1674 459 1747 dicebas,
484 1679 516 1736 te
538 1694 603 1737 non
626 1674 822 1748 existimare,
850 1676 911 1738 nisi
934 1676 1023 1738 illum
1045 1673 1276 1747 interfecisses,
1307 1692 1457 1756 umquam
1479 1671 1555 1736 mihi
1577 1691 1638 1755 pro

292 1767 380 1831 stuis
408 1766 442 1830 in
471 1787 521 1830 me
542 1767 666 1831 iniuriis
688 1769 764 1831 satis
787 1788 856 1831 esse
878 1766 1043 1831 iactumm.
1087 1767 1123 1830 ln
1147 1788 1212 1851 quo
1235 1766 1389 1840 demiror,
1410 1786 1465 1828 cur
1486 1767 1638 1831 Milonem

315 1859 454 1944 impulsu
476 1880 546 1923 meo
567 1879 634 1922 rem
655 1860 742 1924 illam
764 1862 865 1945 egisse
886 1862 989 1935 dicas,
1019 1882 1091 1924 cnm
1118 1868 1149 1924 te
1170 1861 1253 1924 ultro
1275 1859 1352 1923 mihi
1374 1859 1456 1921 idern
1480 1858 1559 1921 illud
1581 1860 1639 1922 de·

314 1952 468 2017 terentem
489 1973 662 2037 numquam
684 1955 743 2017 sim
764 1954 958 2019 adhortatus.
995 1955 1211 2038 Quamquam,
1241 1954 1267 2017 si
1290 1954 1323 2015 in
1346 1972 1384 2015 eo
1407 1972 1637 2035 perseverares,

315 2046 354 2110 ad
384 2054 470 2110 tuam
498 2047 631 2130 gloriam
662 2068 729 2111 rem
756 2049 843 2112 illam
869 2047 979 2112 referri
1010 2048 1165 2112 malebam
1188 2067 1282 2132 quam
1310 2047 1349 2110 ad
1371 2067 1472 2109 meam
1495 2048 1638 2129 gratiam.

316 2137 366 2202 50.
383 2140 539 2215 Quaestor
559 2160 593 2204 es
614 2140 733 2204 iactus:
755 2140 869 2205 deinde
884 2143 1033 2206 continuo
1053 2142 1122 2205 sine
1137 2150 1264 2205 senatus
1280 2141 1435 2215 consulto,
1457 2142 1526 2204 sine
1541 2149 1637 2213 sorte,

278 2247 306 2296 44
315 2234 384 2297 eine
406 2235 475 2317 lege
498 2234 537 2298 ad
554 2234 719 2299 Caesarem
742 2235 924 2312 cucurristi3
946 2235 979 2299 id
1002 2236 1086 2299 enim
1101 2256 1199 2298 unum
1215 2236 1353 2298 interris
1369 2235 1532 2316 egestatis,
1554 2234 1637 2296 aeris

316 2328 427 2402 alieni,
449 2328 610 2412 nequitiae
631 2330 762 2414 perditis
782 2330 867 2393 vitae
888 2330 1063 2392 rationibus
1085 2328 1262 2413 perfugium
1278 2349 1348 2392 esse
1364 2329 1510 2391 ducebas.
1541 2328 1587 2390 lbi
1604 2334 1635 2390 te

316 2441 388 2484 cum
410 2429 442 2485 et
462 2421 548 2485 illius
570 2422 788 2505 largitionibus
811 2431 843 2486 et
863 2424 925 2485 tuis
943 2423 1062 2505 rapinis
1078 2423 1289 2505 explevisses,
1311 2424 1339 2486 si
1358 2421 1418 2485 hoc
1433 2428 1481 2484 est
1495 2420 1636 2503 explere,

317 2511 336 2549 *³
349 2512 369 2549 ⁴*
390 2513 477 2598 quod
499 2516 604 2580 statim
626 2516 784 2606 effundas,
806 2516 962 2580 advolasti
984 2536 1080 2598 egens
1102 2516 1142 2579 ad
1165 2516 1373 2589 tribunatum,
1394 2523 1430 2578 ut
1453 2517 1485 2578 in
1509 2534 1547 2577 eo
1571 2534 1637 2577 ma·

316 2606 463 2689 gistratu,
485 2608 512 2672 si
533 2629 662 2693 posses,
683 2609 743 2673 riri
764 2611 811 2673 tui
833 2610 944 2673 similis
967 2629 1064 2673 esses.

279 2713 308 2761 so
399 2698 485 2763 xxi.
507 2701 647 2784 Accipite
675 2723 776 2778 nunc,
806 2723 943 2787 quaeso,
973 2723 1038 2766 non
1067 2722 1122 2778 ea,
1152 2722 1233 2785 quae
1264 2704 1331 2786 ipse
1360 2703 1392 2765 in
1423 2722 1457 2765 se
1485 2708 1580 2785 atqua
1604 2701 1636 2763 in

315 2794 519 2857 domesticum
549 2795 644 2858 decus
673 2796 796 2879 impure
823 2805 856 2860 et
881 2797 1140 2879 intemperanter,
1168 2796 1225 2858 sed
1246 2797 1381 2877 quaein
1402 2816 1459 2858 nos
1480 2795 1638 2858 fortunas-

315 2906 378 2970 que
405 2895 544 2962 nostras,
576 2881 608 2951 id
636 2897 683 2953 est
709 2889 743 2953 in
771 2891 949 2953 universam
979 2889 1242 2972 rempublicam,
1275 2890 1371 2974 impie
1394 2909 1430 2952 ac
1451 2888 1569 2952 nelarie
1592 2886 1638 2950 le-

315 2981 408 3043 cerit:
438 2982 477 3045 ab
506 2981 602 3045 huius
624 2984 708 3045 enim
730 2984 847 3047 scelere
870 2984 1009 3046 omnium
1033 2983 1184 3046 malorum
1205 2983 1394 3067 principium
1417 2991 1523 3045 natum
1545 3001 1638 3063 repe-

314 3074 410 3137 rietis.
446 3071 497 3138 54.
518 3077 598 3139 Nam
620 3096 690 3139 cum
705 3078 740 3139 L.
758 3078 893 3140 lentulo
910 3076 942 3139 C.
958 3076 1106 3140 Marcello
1122 3076 1304 3140 consulibus
1319 3076 1470 3139 Kalendis
1484 3074 1637 3137 lannariis

278 3164 472 3231 solabentem
494 3177 526 3233 et
547 3190 645 3252 prope
667 3170 830 3233 cadentem
852 3190 919 3234 rem
940 3170 1098 3253 publicam
1119 3170 1231 3232 fulcire
1254 3170 1426 3253 cuperetis,
1455 3170 1579 3251 ipsique
1603 3167 1636 3230 C.

317 3258 459 3335 Caesari,
482 3264 509 3325 si
532 3283 608 3326 sana
625 3271 730 3327 mente
746 3272 845 3339 esset,
867 3264 1031 3328 consulere
1047 3265 1187 3327 velletis:
1209 3272 1275 3326 tum
1291 3266 1349 3326 iste
1364 3262 1526 3326 venditum
1540 3267 1636 3345 atque

315 3355 546 3438 emancipatum
575 3357 766 3419 tribunatum
795 3358 935 3421 consiliis
964 3358 1075 3421 vestris
1105 3359 1253 3441 opposuit
1280 3358 1484 3440 cervicesque
1512 3373 1584 3416 suas
1607 3354 1637 3415 ei

315 3447 448 3511 subiecit
475 3449 595 3524 securi,
626 3470 689 3533 qua
710 3450 799 3514 multi
821 3451 996 3514 minorihus
1017 3452 1050 3513 in
1072 3452 1206 3533 peccatis
1229 3451 1422 3514 occiderunt.
1461 3449 1497 3510 ln
1518 3455 1565 3519 te,
1593 3446 1635 3506 hl.

315 3542 449 3618 Antoni,
471 3542 503 3605 id
526 3544 664 3607 decrevit
685 3550 813 3607 senatus
827 3544 1000 3627 etquidem
1023 3543 1208 3618 incolumis,
1231 3545 1371 3606 nondum
1395 3549 1442 3606 tot
1462 3541 1636 3605 luminibus

277 3636 495 3713 mcxstinctis,
526 3636 612 3722 quod
634 3637 666 3701 in
688 3637 812 3701 hostem
833 3645 973 3721 togatum
996 3638 1123 3702 decerni
1145 3647 1193 3703 est
1214 3638 1340 3702 solitum
1362 3656 1450 3701 more
1472 3636 1635 3701 maiorum.

313 3731 355 3792 Et
374 3737 408 3793 tu
431 3728 514 3814 apud
542 3739 648 3815 patres
670 3732 863 3816 conscriptos
885 3743 994 3796 contra
1022 3752 1072 3795 me
1094 3733 1199 3796 dicere
1221 3753 1317 3795 ausus
1340 3753 1392 3806 es,
1421 3750 1493 3794 curn
1514 3729 1553 3792 ab
1575 3728 1636 3792 hoc

314 3825 424 3888 ordine
447 3836 505 3908 ego
528 3832 730 3890 conservator
751 3846 869 3902 essem,
900 3832 933 3889 tu
962 3826 1061 3889 hostis
1083 3827 1130 3889 rei
1160 3826 1303 3910 publicae
1326 3825 1508 3889 iudicaturi
1544 3824 1637 3887 Com·
1719 3853 1722 3857 >

314 3919 501 3991 memoratio¹
521 3917 607 3983 illius
629 3921 674 3983 tui
696 3920 824 3984 sceleris
845 3920 1025 3984 intermissa
1047 3927 1110 3995 est,
1139 3940 1202 3983 non
1224 3922 1375 3984 memoria
1396 3918 1512 3981 deleta.
1553 3918 1636 3979 Dum

378 4256 402 4305 4.
422 4253 565 4304 obseraretur
581 4253 615 4302 D:
634 4252 764 4314 moth,
782 4252 853 4304 unde
871 4255 1043 4305 coniecerunt
1059 4261 1175 4315 omasus,
1193 4255 1306 4317 odimus,
1324 4255 1476 4318 4404444444,
1494 4258 1634 4308 4444444444.

315 4353 344 4366 -
362 4329 389 4378 ie
403 4327 508 4390 politiori
521 4332 593 4377 turae
608 4325 631 4375 V
649 4352 676 4361 -
700 4327 724 4378 2.
743 4328 896 4390 adprobante
912 4329 955 4379 Vt
973 4355 1000 4365 —
1021 4343 1070 4391 ep.
1088 4333 1143 4380 4-
1162 4335 1266 4379 coooteee
1281 4343 1306 4380 ee
1322 4329 1360 4380 bt
1378 4356 1406 4368 —
1426 4332 1450 4382 3.
1467 4333 1567 4395 inpulsu
1582 4334 1635 4384 VD

316 4430 343 4442 -
358 4403 381 4453 4.
399 4404 426 4451 444
442 4417 499 4452 4-
515 4401 707 4464 infeciseeeV-
727 4403 751 4452 6.
769 4402 868 4463 inpetro
885 4401 964 4466 abg,
983 4404 1081 4466 inpium
1097 4405 1119 4453 V
1136 4430 1158 4439 —
1177 4405 1248 4454 4444444
1264 4418 1320 4454 a-
1340 4405 1363 4455 7.
1383 4418 1537 4469 quamquem
1554 4408 1634 4458 codd.

316 4478 463 4528 usentcntia
480 4475 595 4540 postulat
611 4477 744 4538 quonium
768 4477 905 4527 subiicitur
922 4480 993 4529 enim
1010 4491 1104 4537 causa,
1123 4492 1171 4529 cur
1186 4493 1247 4530 eum
1265 4493 1318 4530 non
1333 4482 1367 4530 sit
1381 4482 1560 4535 adhortatus·
1578 4485 1636 4534 its-

314 4563 409 4602 scrius.
428 4550 527 4601 «Codd.
546 4549 623 4601 lectio
640 4552 678 4601 sic
696 4550 803 4602 delendi
820 4554 921 4616 potest,
940 4555 970 4602 ut
985 4553 1106 4603 dicemus
1124 4555 1157 4602 ita
1175 4554 1319 4604 cohaerere
1336 4558 1494 4607 sententias:
1513 4559 1539 4606 te
1557 4571 1637 4607 num·

315 4639 395 4691 quam
411 4638 472 4676 eum
489 4625 653 4687 cohortatus,
673 4628 751 4676 etiam
769 4628 829 4691 qnia
848 4627 1050 4691 praevidebam,
1068 4631 1098 4677 ut
1114 4641 1144 4677 re
1158 4641 1219 4677 vera
1238 4629 1346 4690 accidit,
1365 4633 1391 4680 te
1408 4644 1460 4681 non
1479 4644 1637 4695 persevera-

314 4704 411 4751 turum.
431 4701 612 4763 Quamquam,
631 4701 652 4750 si
670 4700 751 4751 modo
768 4702 793 4752 in
812 4714 844 4751 eo
861 4713 1050 4766 perseverares
1062 4706 1129 4753 cet·
1143 4705 1233 4753 oarmr
1247 4705 1286 4765 (3).
1303 4732 1330 4742 -
1350 4706 1374 4756 8.
1391 4719 1445 4755 reru
1460 4707 1533 4757 4444444
1546 4708 1638 4771 reseret

314 4777 436 4827 molchom
456 4788 509 4826 om.
527 4776 558 4836 V,
577 4788 592 4824 a
610 4787 664 4839 quo
686 4787 747 4826 cum
768 4776 835 4826 haec
857 4777 956 4836 absint,
983 4777 1123 4830 lectionem
1147 4793 1299 4842 quemquem
1320 4780 1471 4844 relinquere
1494 4780 1636 4842 noluimus,

315 4851 440 4916 quoniam
457 4851 587 4900 incertum
604 4852 645 4900 est
660 4851 727 4901 sitne
738 4854 823 4912 vetus,
843 4854 871 4901 ut
888 4853 1000 4912 videtur,
1019 4853 1112 4904 lacuna
1130 4855 1156 4904 ln
1173 4854 1281 4920 reliquis
1299 4855 1378 4906 codd.
1391 4861 1465 4907 recte
1482 4856 1593 4921 expleta.
1608 4883 1635 4893 -

315 4926 340 4977 9.
357 4922 515 4976 444444414-
535 4925 575 4975 40.
593 4926 723 4974 terisV-
743 4926 811 4975 ocris
826 4927 913 4976 44444444
929 4928 1005 4977 citeri
1022 4929 1084 4977 v-
1105 4930 1145 4979 44.
1163 4930 1267 4979 docebor
1282 4936 1310 4980 44
1325 4932 1359 4980 itit
1376 4934 1386 4982 4
1405 4958 1432 4967 -
1451 4934 1491 4982 44.
1509 4933 1545 4981 4444
1564 4934 1593 4982 V¹
1607 4956 1634 4968 -

315 5001 346 5065 et]
363 5014 420 5050 44444
436 5002 447 5050 4
464 5025 492 5036 -
511 5002 571 5064 post
587 4999 687 5061 ereptore
703 4999 834 5049 intercidit
850 5001 963 5052 verbum
975 5001 1048 5053 velut
1063 5005 1166 5054 haurire
1176 5004 1216 5055 vel
1229 5007 1350 5057 devorare
1361 5009 1506 5069 (Faernus),
1524 5009 1638 5070 ingerere

315 5075 458 5137 (Schuetz),
475 5075 601 5136 corripere
618 5076 669 5124 cet.
692 5073 732 5124 sd
755 5077 901 5126 sententiae
925 5079 1161 5130 conformationem
1182 5080 1215 5130 ci.
1233 5093 1260 5144 p.
1279 5083 1382 5141 Quinct.
1401 5082 1415 5146 s
1433 5077 1508 5132 7.'-
1529 5083 1569 5132 43.
1588 5083 1637 5131 od-

314 5151 405 5201 4444444
421 5151 457 5199 V:
483 5149 587 5199 4444444444
608 5150 630 5200 1>
654 5175 686 5184 —
713 5147 752 5199 44.
771 5150 792 5198 ei
811 5163 894 5212 posses
915 5165 968 5202 om.
988 5155 998 5202 t
1016 5181 1044 5189 -
1071 5156 1122 5203 44444
1138 5156 1175 5204 tui
1192 5156 1238 5215 (sc.
1258 5156 1385 5219 Curionis)
1403 5158 1437 5206 D:
1461 5159 1550 5207 uirtuti
1566 5157 1588 5207 V
1607 5184 1635 5194 -

314 5225 447 5275 consimilis
463 5223 481 5274 b
498 5250 531 5261 -
548 5224 588 5274 444.
607 5225 680 5274 decue
697 5223 841 5286 Madvigius
859 5227 891 5287 (v.
911 5226 1007 5290 Opusc.
1026 5229 1052 5289 l,
1071 5241 1097 5291 p.
1116 5229 1173 5279 466.
1192 5230 1227 5288 il,
1246 5243 1271 5293 p.
1290 5230 1337 5280 322
1354 5233 1419 5294 sq.):
1438 5233 1540 5281 dedecus
1557 5231 1636 5282 codd.

316 5299 374 5362 ised
390 5302 402 5349 4
417 5300 519 5362 4444440444)
537 5299 564 5350 et
581 5299 600 5349 0
620 5325 647 5336 -
670 5301 759 5362 impure
775 5299 847 5363 Vag
866 5326 894 5336 -
912 5307 935 5351 et
952 5302 988 5350 V:
1011 5309 1086 5363 otqoe
1102 5304 1153 5353 DO
1173 5330 1199 5340 —-
1225 5304 1265 5354 47.
1283 5306 1310 5353 is
1326 5318 1380 5355 om.
1397 5307 1522 5358 Muretus.
1542 5333 1569 5343 —
1586 5321 1637 5368 po·

315 5374 381 5425 otico
396 5374 462 5424 V—
477 5375 544 5437 inpie
560 5387 576 5424 a
594 5400 621 5411 -
641 5374 681 5425 t8.
697 5375 851 5437 principium
866 5381 955 5426 eotcm
970 5379 1097 5440 reportetis
1110 5378 1132 5426 V
1146 5378 1173 5428 in
1190 5391 1243 5429 ras.
1256 5378 1338 5429 habet
1354 5383 1504 5443 (repperiam
1518 5387 1607 5432 notem
1617 5383 1636 5444 4)

315 5476 348 5487 -
364 5450 405 5500 so.
423 5449 543 5500 lubentem
559 5449 638 5498 Vnt:
660 5448 787 5498 tobootem
803 5449 890 5513 b803
915 5451 948 5501 cl.
968 5466 994 5517 p.
1013 5452 1087 5515 4449,
1105 5454 1135 5503 9;
1160 5455 1280 5505 lebentem
1294 5455 1370 5518 4444444.
1391 5482 1417 5492 -
1436 5459 1533 5519 ipseque
1550 5460 1572 5516 t;
1590 5459 1638 5520 ipsi

316 5537 413 5588 quoque
428 5537 445 5588 g
463 5551 489 5561 ·-
509 5526 549 5574 42.
568 5525 747 5587 momcipotum
763 5524 807 5582 V¹;
825 5532 1019 5590 emououpctcm
1035 5531 1084 5592 gt,
1102 5531 1274 5590 mancipatum
1290 5543 1319 5591 a,
1337 5533 1367 5580 nt
1383 5530 1464 5581 edidit
1475 5532 1635 5583 Faernus.-

316 5602 465 5664 cemtcieque
477 5601 531 5664 (sic)
543 5628 584 5639 --
594 5603 735 5652 occidenmt
751 5602 828 5653 ailert
839 5603 937 5654 Nonius
954 5615 981 5666 p.
994 5602 1051 5653 3444.
1064 5630 1091 5640 -
1109 5603 1150 5652 43,
1168 5605 1195 5653 ie
1212 5603 1308 5655 teVb:
1325 5606 1352 5654 444
1368 5611 1448 5656 mente
1464 5609 1488 5662 t;
1505 5608 1533 5656 444
1549 5611 1572 5656 te
1588 5620 1638 5656 oo·

317 5679 366 5726 tem
382 5687 423 5739 ng
441 5701 467 5711 -
486 5673 528 5728 24.
547 5675 711 5727 deceoitv-
731 5683 754 5727 et
770 5678 872 5728 Vcorr.
892 5692 924 5729 ev
941 5683 976 5729 eet
994 5705 1021 5715 -
1039 5678 1204 5729 luminaribus
1219 5683 1280 5745 agt
1298 5708 1325 5718 -
1343 5682 1384 5732 se.
1403 5683 1516 5732 ectiectie
1533 5684 1634 5733 mei.-

317 5751 464 5814 deroqotom
480 5753 502 5813 t,
524 5757 550 5801 te
566 5757 684 5816 rogatum
705 5764 720 5801 a
740 5779 767 5790 -·
794 5752 901 5803 solutum
916 5755 940 5811 4;
964 5752 1049 5803 solitae
1069 5767 1084 5803 a
1105 5781 1139 5791 —
1162 5757 1285 5806 metonae
1302 5759 1314 5807 t
1334 5780 1361 5792 -
1389 5757 1430 5807 26.
1448 5763 1476 5806 to
1489 5770 1516 5819 p.
1534 5770 1555 5807 c.
1575 5762 1637 5819 oput

317 5824 743 5878 contromev-meom.t-
762 5827 1637 5900 leoccordtuev-ii.coomotorepot-publiceV—ooe·

317 5902 1123 5960 coactori-28.tiiimom.a-mtev-memorov.
