3800 7350
691 1239 768 1307 cas.
787 1240 943 1306 rx-as
970 1236 1017 1325 ss
1037 1235 1183 1305 Μ.
1509 1222 1587 1294 itit

367 1411 407 1476 it
427 1407 479 1472 ib.
506 1410 595 1474 lianc
622 1416 656 1473 tu
677 1409 786 1492 igitur,
813 1417 946 1493 patrone
967 1407 1129 1473 foedarum
1150 1426 1187 1471 ao
1206 1406 1452 1479 foederatorum,
1483 1399 1593 1468 condi·

282 1505 400 1569 &nem
430 1504 540 1568 statuis
562 1504 740 1578 Gaditanis,
767 1504 830 1568 tuis
851 1504 993 1578 civibus,
1019 1508 1070 1576 ut,
1103 1502 1191 1585 quod
1218 1501 1272 1574 iis,
1294 1519 1376 1584 quos
1396 1498 1517 1581 magnis
1537 1494 1593 1558 ad·

282 1599 435 1664 iatoribus
457 1597 480 1678 †
502 1599 565 1662 tuis
587 1599 680 1661 armis
701 1599 882 1680 subegimus
903 1607 999 1680 atque
1020 1595 1225 1661 inditionem
1248 1602 1384 1658 nostram
1405 1590 1593 1674 redegimus.

281 1689 392 1767 liceat,
421 1693 447 1756 si
468 1692 604 1775 populus
625 1693 785 1755 Romanus
806 1690 1000 1774 permiserit,
1030 1697 1065 1753 nt
1084 1689 1125 1753 ab
1146 1695 1271 1764 senatu,
1291 1687 1331 1752 ab
1352 1682 1593 1768 imperatoribus

281 1786 414 1860 uostris,
436 1786 561 1851 civitate
583 1787 755 1859 donentur,
785 1786 818 1848 id
839 1804 879 1847 nc
900 1784 993 1847 liceat
1014 1783 1114 1867 ipsis?
1144 1782 1206 1858 Qui
1228 1783 1255 1845 si
1276 1783 1342 1846 suis
1363 1777 1495 1844 decretis
1516 1774 1618 1856 legi-t

280 1877 379 1942 basra
406 1879 601 1953 sanxissent,
629 1898 670 1942 ne
697 1879 770 1962 quis
798 1898 927 1942 suorum
958 1878 1074 1941 civium
1105 1884 1206 1941 castra
1232 1876 1452 1959 imperatorum
1484 1865 1595 1954 populi

281 1972 413 2036 Romani
433 1972 545 2047 iniret,
566 1992 607 2035 ne
629 1972 701 2057 quis
722 1992 757 2035 se
778 1991 835 2056 pro
857 1979 965 2035 nostro
986 1972 1117 2054 imperio
1131 1972 1164 2034 in
1184 1969 1357 2052 periculum
1373 1964 1485 2049 capitis
1499 1969 1594 2044 alque

280 2064 315 2128 in
336 2064 420 2128 ritae
441 2066 609 2130 discrimen
630 2066 774 2140 inferret,
796 2065 1021 2129 Gaditanorum
1042 2065 1179 2139 auxiliis,
1201 2083 1272 2127 oum
1287 2064 1449 2134 vellemus,
1470 2058 1517 2121 uli
1537 2074 1595 2119 ¹¹⁰·

279 2155 331 2222 bis
359 2156 486 2232 liceret,
513 2159 652 2242 privatus
681 2179 756 2224 vero
785 2179 825 2222 ne
855 2160 927 2244 quis
955 2160 1005 2222 vir
1031 2166 1064 2222 et
1082 2158 1188 2223 animo
1211 2166 1244 2222 et
1264 2157 1380 2221 rimato
1401 2148 1594 2239 praecellens

280 2271 339 2336 pro
366 2259 473 2316 nocuo
501 2252 634 2335 imperio
661 2252 801 2335 periculo
830 2273 888 2316 suo
919 2252 1099 2327 dimicaret,
1128 2253 1265 2334 graviter
1291 2250 1324 2316 id
1344 2251 1413 2313 iure
1432 2248 1633 2319 certamnen

279 2343 381 2408 minui
406 2344 526 2409 auxilia
553 2346 662 2429 populi
688 2346 837 2420 Romani,
867 2346 1025 2410 debilitari
1047 2346 1167 2409 animos
1187 2344 1428 2409 fortissimorum
1449 2341 1597 2410 uirorum,

281 2436 528 2520 alienigenarum
548 2457 609 2502 nos
629 2440 791 2502 bominum
807 2440 922 2516 studiis
935 2448 1032 2523 atque
1045 2447 1175 2523 paterna
1189 2440 1305 2503 virtute
1319 2436 1446 2522 privari.
1477 2430 1528 2496 26.
1542 2434 1598 2494 At·

281 2530 336 2615 qui
358 2529 438 2593 nibil
458 2530 603 2606 interest,
626 2533 761 2607 iudices,
784 2541 887 2596 uuum
907 2533 987 2597 haec
1009 2532 1161 2597 foederati
1183 2533 1252 2596 iura
1273 2531 1480 2604 constituant,
1501 2533 1597 2591 utne

281 2624 333 2688 cui
353 2623 503 2688 licenter
524 2626 564 2689 iis
583 2627 760 2691 civitatibus
775 2627 815 2691 ad
837 2635 1016 2691 nostrorum
1037 2627 1190 2690 bellorum
1212 2624 1350 2709 pericula
1364 2623 1523 2697 accedere,
1545 2638 1597 2698 eo,

282 2736 363 2801 quae
390 2736 449 2780 nos
478 2738 588 2783 eorum
615 2720 734 2784 civibus
761 2722 885 2784 uirtutis
917 2740 1011 2784 causa
1039 2721 1257 2795 tribuerimus,
1290 2739 1327 2782 ea
1353 2725 1420 2783 rata
1438 2736 1511 2781 essa
1531 2723 1634 2777 nonii

282 2811 415 2896 possint.
447 2812 531 2875 Nibil
553 2815 637 2877 enim
659 2815 759 2897 magis
778 2823 939 2879 uteremur
956 2814 996 2878 iis
1013 2814 1207 2878 adiutoribus
1223 2812 1354 2877 sublatis
1369 2810 1491 2876 virtutis
1507 2826 1597 2890 prae·

282 2905 352 2969 miis
378 2924 474 2987 wem
500 2907 528 2970 si
558 2908 686 2972 omnino
716 2909 754 2972 iis
775 2910 891 2973 versari
920 2909 954 2972 ia
976 2909 1091 2973 nostris
1113 2907 1205 2971 bellis
1227 2926 1292 2970 non
1313 2907 1431 2971 liceret.
1472 2901 1596 2967 Etenim

281 3017 353 3062 cum
380 3019 438 3083 pro
466 3020 523 3065 sua
552 3003 653 3085 patria
672 3002 767 3084 pauci
787 3010 862 3086 post
882 3022 981 3085 genus
1001 3002 1165 3066 hominum
1188 3009 1296 3064 natum
1318 3000 1435 3083 reperti
1456 2998 1520 3062 tint
1539 2994 1596 3079 qui

281 3090 378 3156 nullis
399 3094 549 3176 praemiis
571 3096 742 3178 propositis
757 3096 853 3160 vitam
869 3116 959 3160 suem
974 3096 1111 3159 bostium
1125 3095 1196 3158 telis
1212 3094 1398 3167 obiecerint,
1420 3110 1478 3177 pro
1493 3089 1597 3154 aliena

279 3205 315 3249 re
344 3186 474 3267 publiea
500 3206 690 3271 quemquam
711 3188 780 3253 iore
810 3190 926 3273 putatis
948 3190 1003 3273 qui
1025 3208 1060 3251 se
1082 3197 1223 3272 opponat
1244 3188 1395 3270 periculis
1416 3203 1480 3248 non
1503 3180 1635 3245 modoso

281 3278 368 3344 nullo
390 3281 553 3361 proposito
574 3282 732 3364 praemio,
755 3281 810 3345 sed
833 3283 925 3345 etiam
948 3282 1141 3347 interdicto?

363 3373 419 3436 x1.
440 3370 492 3436 27.
520 3374 582 3437 Sed
611 3395 683 3438 cum
707 3384 757 3439 est
776 3376 856 3440 illud
877 3376 1112 3458 imperitissime
1134 3376 1249 3440 dietmn
1271 3375 1311 3438 de
1332 3373 1458 3457 populis
1479 3370 1597 3445 fundis,

280 3467 355 3552 quia
382 3487 547 3531 commune
575 3467 746 3532 liberorum
766 3476 816 3532 eet
843 3469 1049 3553 populorum,
1078 3490 1144 3532 non
1165 3471 1326 3553 proprium
1347 3466 1597 3531 foederatorum:

280 3579 322 3624 cx
343 3579 407 3643 qaro
429 3560 562 3643 intelligi
582 3580 713 3625 neeesse
735 3568 784 3626 est
804 3571 859 3626 aut
878 3563 1038 3626 neminem
1059 3583 1101 3626 ex
1121 3563 1216 3628 sociis
1238 3564 1337 3627 ciuem
1352 3559 1419 3625 lieri
1435 3578 1529 3644 posse
1543 3565 1598 3621 aut

281 3653 376 3720 etiam
395 3673 490 3738 posse
512 3674 553 3718 ex
573 3653 761 3720 foederatis:
784 3663 851 3721 tum
866 3675 940 3721 vero
962 3657 1012 3721 ius
1033 3678 1126 3721 omne
1149 3664 1258 3722 noster
1279 3657 1338 3721 iste
1360 3656 1509 3740 magister
1529 3665 1635 3717 niu-ao

280 3748 394 3813 undae
412 3748 553 3813 civitatis
574 3750 712 3831 ignorat,
732 3751 819 3832 quod
838 3756 902 3825 est,
923 3749 1055 3825 iudices,
1078 3771 1143 3814 non
1158 3751 1262 3815 solum
1277 3751 1310 3814 in
1327 3751 1448 3835 legibus
1459 3747 1598 3832 publicis

280 3841 434 3926 positum,
463 3841 519 3905 sed
548 3843 642 3905 etiam
670 3843 704 3906 in
733 3843 928 3927 privatorum
953 3843 1122 3909 voluntate.
1166 3846 1237 3908 lure
1258 3845 1344 3908 enim
1364 3851 1472 3909 nostro
1493 3861 1598 3924 neque

281 3942 402 3999 mutare
430 3935 586 4001 civitatem
608 3936 777 4019 quisquam
805 3936 924 4001 invitus
944 3944 1051 4022 potest
1072 3958 1192 4022 nequo,
1220 3936 1248 4002 si
1270 3937 1363 4013 velit,
1391 3944 1511 4000 mumre
1533 3953 1597 3996 non

279 4035 403 4112 potest,
425 4028 520 4091 modo
542 4030 735 4093 adsciscatur
754 4030 796 4095 eb
817 4049 855 4094 ea
876 4030 1023 4107 civitate,
1045 4032 1137 4096 ouius
1158 4051 1229 4095 esse
1250 4051 1284 4094 se
1299 4030 1435 4095 civitatis
1448 4028 1541 4093 velit:
1563 4034 1599 4090 ut

344 4418 1278 4485 2.prodltouitG-qatot]oasch¹-mspaiaedtetosibtutaitcz
1299 4422 1599 4473 mmmmm

282 4495 317 4557 0;
338 4496 437 4559 meent
456 4495 610 4545 udiowrlbus
629 4495 679 4546 lltlt
699 4497 739 4545 usi
757 4495 890 4553 Halmium
914 4496 1069 4546 aotmrtom
1084 4496 1221 4548 maioribus
1236 4497 1286 4547 tuis
1301 4495 1423 4549 Klotrius.
1450 4497 1598 4561 «Scriptura

282 4570 403 4622 codicum
420 4572 476 4635 ipsa
494 4570 602 4634 quidem
619 4583 681 4621 vera
700 4583 759 4621 esse
777 4568 943 4621 nullomodo
961 4572 1048 4633 potest
1064 4585 1113 4623 nec
1128 4572 1179 4625 boo
1191 4571 1353 4636 significare:
1371 4585 1466 4637 Μαρια
1481 4585 1514 4623 aa
1527 4577 1600 4635 porto

282 4647 330 4698 toa
345 4645 437 4696 dubus
453 4645 606 4701 iuvenilium
631 4658 692 4695 nam
714 4659 801 4710 neque
821 4659 913 4710 maesto
928 4646 1043 4695 adioton
1061 4647 1099 4698 sio
1116 4647 1213 4698 dicitur
1230 4660 1318 4711 neque
1335 4646 1431 4697 bloiet
1447 4645 1599 4711 simpliciter

283 4721 400 4772 Gaditani
416 4719 540 4786 appellari
557 4723 681 4784 possunt,
705 4721 731 4770 in
748 4721 798 4770 hac
813 4720 969 4784 praesertim
987 4723 1180 4772 contrariorum
1196 4720 1323 4773 relatione
1341 4723 1414 4784 (cocat
1431 4724 1473 4782 its,
1496 4735 1557 4784 quos
1569 4747 1595 4758 -

281 4797 399 4859 teipsa).
426 4799 454 4847 ln
477 4797 526 4846 tuis
541 4794 623 4846 latere
641 4798 734 4861 opinor
748 4797 823 4845 iltis.»
840 4797 948 4846 Manno.
969 4821 996 4831 -
1022 4796 1046 4847 3.
1065 4796 1188 4861 ditionem
1210 4797 1373 4846 conditionem
1389 4798 1438 4848 GE
1456 4823 1483 4832 -
1503 4796 1527 4848 l.
1545 4796 1600 4846 licet

283 4871 376 4921 GE-
403 4869 514 4932 obimp.
536 4869 728 4933 maculatione
741 4884 788 4933 per
803 4869 994 4932 tacemus
1009 4872 1100 4920 nostro
1117 4873 1149 4930 l’;
1173 4871 1250 4921 ettam
1263 4885 1310 4933 por
1324 4872 1488 4934 meteres
1503 4875 1599 4921 norom

282 4944 347 5002 GE,
365 4944 824 5008 utoticmcblmp.a.lialmius.-
843 4945 1084 5007 timebamus
1101 4945 1190 4995 GE-
1210 4945 1236 4995 8.
1254 4945 1352 4996 montilio
1368 4946 1457 4996 GE-
1474 4945 1499 4996 9.
1516 4946 1600 4997 liceret

281 5020 441 5084 Madvigius:
464 5035 515 5071 eoo
531 5021 615 5071 liceret
632 5021 681 5072 CO
698 5046 725 5056 -
741 5021 858 5082 motata
874 5022 937 5071 PG:
958 5021 1081 5083 pduudm
1101 5021 1151 5070 EO
1171 5046 1197 5057 -
1226 5021 1266 5070 lb.
1288 5021 1396 5084 {am
1409 5020 1507 5070 etnim
1523 5022 1551 5070 Ρ1
1570 5045 1596 5056 -

282 5095 322 5146 ta.
339 5096 466 5146 bmnium
482 5109 536 5146 om.
550 5096 599 5146 GE
618 5122 645 5131 -
662 5100 771 5159 potem
788 5097 849 5146 PG:
866 5095 955 5156 patna
964 5095 999 5155 E,
1015 5096 1119 5158 pacate
1131 5093 1247 5146 Halmius
1259 5093 1318 5146 coli.
1330 5108 1356 5146 v.
1369 5094 1397 5154 93
1416 5101 1521 5146 m
1537 5107 1599 5147 eum

282 5168 325 5220 ed.
343 5171 444 5220 lunone
462 5170 490 5220 0.
518 5171 601 5220 «cum
623 5170 766 5235 praecedat
786 5171 984 5233 elimtpcaomu
1004 5170 1142 5229 besulam,
1164 5170 1225 5233 quis
1247 5170 1289 5220 est
1310 5172 1355 5235 qui
1376 5169 1425 5222 sibi
1441 5170 1602 5234 persuadeat

282 5244 436 5296 Ciceronem
454 5245 610 5308 tautologiae
628 5249 682 5296 tam
699 5244 853 5296 manilestae
871 5257 948 5297 rcum
963 5257 1032 5303 esse,
1050 5248 1201 5296 utentem
1214 5245 1307 5296 cirtate
1322 5246 1480 5310 scripserit?
1492 5251 1602 5308 pateam

282 5319 371 5369 autem
388 5331 440 5369 non
457 5318 492 5369 ad
507 5321 694 5381 Romanorum,
712 5320 760 5371 sed
778 5319 812 5369 ad
829 5317 1016 5370 Gaditanorum
1028 5319 1069 5370 vel
1087 5321 1279 5383 cuiuscumque
1295 5318 1385 5384 populi
1401 5319 1529 5372 foederati
1546 5333 1602 5371 ma-

281 5395 351 5445 iores
377 5393 534 5445 trahendum
562 5398 629 5444 eat.»
652 5395 746 5446 Ruarr.
764 5421 790 5431 -
808 5393 887 5455 Atque
903 5389 962 5444 (ΡΒ
978 5417 1005 5430 ·-
1025 5392 1065 5445 tl.
1083 5394 1173 5444 licem
1189 5396 1208 5445 P
1222 5420 1249 5428 —
1267 5394 1308 5444 lb.
1326 5394 1358 5443 tia
1374 5392 1449 5445 1³¹0:
1467 5395 1490 5444 la
1505 5396 1547 5453 Ρη
1564 5395 1601 5445 bis

281 5468 369 5520 lio-
386 5469 621 5530 mrtotbproemita
637 5470 674 5520 C:
691 5468 996 5531 proemittotrtotito-
1015 5471 1056 5521 ti.
1074 5484 1151 5534 ouem
1166 5471 1281 5533 mooun
1297 5472 1357 5521 P·-
1374 5470 1407 5518 tit
1423 5471 1480 5520 PG:
1498 5470 1535 5519 its
1551 5470 1600 5521 EO

284 5542 1302 5609 -teattmprorspm.1t.p.pr0attma-ao.{0ra]oeaa-
1318 5545 1444 5608 matie
1460 5566 1488 5581 -
1507 5545 1547 5594 ἥ.
1566 5550 1601 5595 cat

282 5632 336 5672 orn.
354 5620 403 5670 GE
421 5646 450 5656 -
467 5619 639 5681 senecam
654 5621 673 5669 P
692 5643 719 5656 -
741 5619 840 5681 popul&
855 5618 899 5670 ed.
917 5621 1033 5670 lunbna:
1052 5620 1140 5684 populi
1156 5622 1176 5672 C
1193 5647 1219 5659 -
1244 5620 1285 5671 23.
1303 5616 1512 5684 puio-Halmius:
1535 5621 1601 5681 quod

282 5690 362 5756 ΜΒ
381 5695 482 5758 maura)
507 5694 587 5744 GEO
610 5720 637 5730 -
659 5692 794 5756 musone]
816 5707 873 5744 oum
896 5707 968 5745 muno
992 5693 1064 5754 PG¹;
1088 5709 1144 5745 cuca
1169 5708 1265 5746 meto
1281 5696 1315 5755 E;
1339 5707 1469 5745 columae
1489 5689 1599 5744 estc’o

283 5768 457 5818 -ttberonon
473 5768 671 5831 estpopcloram
687 5767 816 5819 ilaimtus:
835 5769 969 5820 libet-omn
985 5775 1008 5820 st
1022 5770 1216 5832 popolcnmcz
1234 5769 1597 5832 mmmmmc-

281 5841 528 5905 2l.lotslteali²-
548 5842 1013 5908 tbamtmistsloottrlctefflil-
1032 5843 1599 5910 au.asctxaur1³·-ocicemostopost

283 5916 441 5971 Lambioum
452 5917 538 5970 Cobet
554 5919 689 5982 (Haemos.
702 5920 745 5982 lli,
763 5932 790 5986 p.
807 5920 877 5985 ²³03
894 5918 1022 5975 cedride
1039 5932 1066 5990 p.
1084 5919 1157 5982 toas,
1174 5917 1200 5974 l.
