<?xml version="1.0" encoding="UTF-8"?>
<!DOCTYPE html PUBLIC "-//W3C//DTD XHTML 1.0 Transitional//EN"
    "http://www.w3.org/TR/xhtml1/DTD/xhtml1-transitional.dtd">
<html xmlns="http://www.w3.org/1999/xhtml" xml:lang="en" lang="en">
 <head>
  <title>
</title>
<meta http-equiv="Content-Type" content="text/html;charset=utf-8" />
  <meta name='ocr-system' content='tesseract 3.04.00' />
  <meta name='ocr-capabilities' content='ocr_page ocr_carea ocr_par ocr_line ocrx_word'/>
</head>
<body>
  <div class='ocr_page' id='page_1' title='image "./operaquaesupers08halmgoog/operaquaesupers08halmgoog_0232.png"; bbox 0 0 3800 7350; ppageno 0'>
   <div class='ocr_carea' id='block_1_1' title="bbox 314 1169 1204 1243">
    <p class='ocr_par' dir='ltr' id='par_1_1' title="bbox 314 1169 1204 1243">
     <span class='ocr_line' id='line_1_1' title="bbox 314 1169 1204 1243; baseline 0.009 -8"><span class='ocrx_word' id='word_1_1' title='bbox 314 1169 376 1236; x_wconf 70' lang='lat'><strong>954</strong></span> <span class='ocrx_word' id='word_1_2' title='bbox 735 1176 886 1240; x_wconf 78' lang='lat' dir='ltr'>ORATIO</span> <span class='ocrx_word' id='word_1_3' title='bbox 908 1177 986 1241; x_wconf 85' lang='lat' dir='ltr'><strong>PllO</strong></span> <span class='ocrx_word' id='word_1_4' title='bbox 1008 1179 1042 1241; x_wconf 86' lang='lat' dir='ltr'><strong>P.</strong></span> <span class='ocrx_word' id='word_1_5' title='bbox 1065 1178 1204 1243; x_wconf 83' lang='lat' dir='ltr'>SESTIO</span> 
     </span>
    </p>
   </div>
   <div class='ocr_carea' id='block_1_2' title="bbox 292 1343 1636 1806">
    <p class='ocr_par' dir='ltr' id='par_1_2' title="bbox 292 1343 1636 1806">
     <span class='ocr_line' id='line_1_2' title="bbox 314 1343 1633 1433; baseline 0.005 -26"><span class='ocrx_word' id='word_1_6' title='bbox 314 1345 491 1428; x_wconf 81' lang='lat' dir='ltr'><strong>provincia,</strong></span> <span class='ocrx_word' id='word_1_7' title='bbox 520 1365 602 1429; x_wconf 91' lang='lat' dir='ltr'><strong>quae</strong></span> <span class='ocrx_word' id='word_1_8' title='bbox 628 1345 707 1408; x_wconf 89' lang='lat' dir='ltr'><strong>ratio</strong></span> <span class='ocrx_word' id='word_1_9' title='bbox 730 1353 785 1406; x_wconf 87' lang='lat' dir='ltr'><strong>aut</strong></span> <span class='ocrx_word' id='word_1_10' title='bbox 805 1343 927 1409; x_wconf 83' lang='lat' dir='ltr'><strong>[landae</strong></span> <span class='ocrx_word' id='word_1_11' title='bbox 949 1354 1004 1409; x_wconf 87' lang='lat' dir='ltr'><strong>aut</strong></span> <span class='ocrx_word' id='word_1_12' title='bbox 1026 1348 1209 1411; x_wconf 85' lang='lat' dir='ltr'><strong>conflandae</strong></span> <span class='ocrx_word' id='word_1_13' title='bbox 1230 1348 1385 1430; x_wconf 91' lang='lat' dir='ltr'><strong>pecuniae</strong></span> <span class='ocrx_word' id='word_1_14' title='bbox 1407 1369 1472 1412; x_wconf 92' lang='lat' dir='ltr'><strong>non</strong></span> <span class='ocrx_word' id='word_1_15' title='bbox 1494 1352 1633 1433; x_wconf 90' lang='lat' dir='ltr'><strong>reperie-</strong></span> 
     </span>
     <span class='ocr_line' id='line_1_3' title="bbox 315 1438 1633 1526; baseline 0.006 -27"><span class='ocrx_word' id='word_1_16' title='bbox 315 1438 431 1501; x_wconf 75' lang='lat' dir='ltr'><strong>batur?</strong></span> <span class='ocrx_word' id='word_1_17' title='bbox 460 1457 543 1520; x_wconf 89' lang='lat' dir='ltr'><strong>quae</strong></span> <span class='ocrx_word' id='word_1_18' title='bbox 569 1440 657 1522; x_wconf 88' lang='lat' dir='ltr'><strong>regio</strong></span> <span class='ocrx_word' id='word_1_19' title='bbox 686 1458 779 1503; x_wconf 80' lang='lat' dir='ltr'><strong>orave</strong></span> <span class='ocrx_word' id='word_1_20' title='bbox 801 1448 952 1504; x_wconf 87' lang='lat' dir='ltr'><strong>terrarum</strong></span> <span class='ocrx_word' id='word_1_21' title='bbox 974 1447 1041 1504; x_wconf 90' lang='lat' dir='ltr'><strong>erat</strong></span> <span class='ocrx_word' id='word_1_22' title='bbox 1061 1440 1170 1516; x_wconf 88' lang='lat' dir='ltr'><strong>latior,</strong></span> <span class='ocrx_word' id='word_1_23' title='bbox 1198 1442 1231 1503; x_wconf 93' lang='lat' dir='ltr'><strong>in</strong></span> <span class='ocrx_word' id='word_1_24' title='bbox 1255 1462 1318 1524; x_wconf 92' lang='lat' dir='ltr'><strong>qua</strong></span> <span class='ocrx_word' id='word_1_25' title='bbox 1339 1463 1403 1506; x_wconf 90' lang='lat' dir='ltr'><strong>non</strong></span> <span class='ocrx_word' id='word_1_26' title='bbox 1424 1463 1556 1526; x_wconf 88' lang='lat' dir='ltr'><strong>regnum</strong></span> <span class='ocrx_word' id='word_1_27' title='bbox 1576 1444 1633 1508; x_wconf 89' lang='lat' dir='ltr'><strong>ali·</strong></span> 
     </span>
     <span class='ocr_line' id='line_1_4' title="bbox 316 1530 1634 1618; baseline 0.005 -25"><span class='ocrx_word' id='word_1_28' title='bbox 316 1530 402 1613; x_wconf 92' lang='lat' dir='ltr'><strong>quod</strong></span> <span class='ocrx_word' id='word_1_29' title='bbox 425 1536 637 1596; x_wconf 74' lang='lat' dir='ltr'><strong>statueretur?</strong></span> <span class='ocrx_word' id='word_1_30' title='bbox 660 1533 733 1615; x_wconf 88' lang='lat' dir='ltr'><strong>quis</strong></span> <span class='ocrx_word' id='word_1_31' title='bbox 754 1541 858 1597; x_wconf 87' lang='lat' dir='ltr'><strong>autem</strong></span> <span class='ocrx_word' id='word_1_32' title='bbox 879 1554 936 1597; x_wconf 81' lang='lat' dir='ltr'><strong>rer</strong></span> <span class='ocrx_word' id='word_1_33' title='bbox 959 1541 1043 1608; x_wconf 89' lang='lat' dir='ltr'><strong>erat,</strong></span> <span class='ocrx_word' id='word_1_34' title='bbox 1066 1535 1121 1618; x_wconf 93' lang='lat' dir='ltr'><strong>qui</strong></span> <span class='ocrx_word' id='word_1_35' title='bbox 1143 1535 1199 1597; x_wconf 93' lang='lat' dir='ltr'><strong>illo</strong></span> <span class='ocrx_word' id='word_1_36' title='bbox 1218 1555 1302 1598; x_wconf 91' lang='lat' dir='ltr'><strong>anno</strong></span> <span class='ocrx_word' id='word_1_37' title='bbox 1318 1556 1382 1599; x_wconf 93' lang='lat' dir='ltr'><strong>non</strong></span> <span class='ocrx_word' id='word_1_38' title='bbox 1398 1544 1453 1599; x_wconf 90' lang='lat' dir='ltr'><strong>aut</strong></span> <span class='ocrx_word' id='word_1_39' title='bbox 1466 1537 1634 1600; x_wconf 90' lang='lat' dir='ltr'><strong>emendum</strong></span> 
     </span>
     <span class='ocr_line' id='line_1_5' title="bbox 316 1623 1634 1712; baseline 0.006 -28"><span class='ocrx_word' id='word_1_40' title='bbox 316 1623 395 1698; x_wconf 90' lang='lat' dir='ltr'><strong>sibi,</strong></span> <span class='ocrx_word' id='word_1_41' title='bbox 417 1626 502 1707; x_wconf 90' lang='lat' dir='ltr'><strong>quod</strong></span> <span class='ocrx_word' id='word_1_42' title='bbox 523 1646 588 1690; x_wconf 93' lang='lat' dir='ltr'><strong>non</strong></span> <span class='ocrx_word' id='word_1_43' title='bbox 609 1626 762 1701; x_wconf 91' lang='lat' dir='ltr'><strong>babebat,</strong></span> <span class='ocrx_word' id='word_1_44' title='bbox 792 1637 847 1690; x_wconf 88' lang='lat' dir='ltr'><strong>aut</strong></span> <span class='ocrx_word' id='word_1_45' title='bbox 867 1626 1103 1701; x_wconf 87' lang='lat' dir='ltr'><strong>redimendum,</strong></span> <span class='ocrx_word' id='word_1_46' title='bbox 1128 1628 1214 1712; x_wconf 89' lang='lat' dir='ltr'><strong>quod</strong></span> <span class='ocrx_word' id='word_1_47' title='bbox 1236 1627 1390 1703; x_wconf 88' lang='lat' dir='ltr'><strong>babebat,</strong></span> <span class='ocrx_word' id='word_1_48' title='bbox 1411 1630 1634 1694; x_wconf 72' lang='lat' dir='ltr'><strong>arbitraretur?</strong></span> 
     </span>
     <span class='ocr_line' id='line_1_6' title="bbox 292 1717 1636 1806; baseline 0.004 -25"><span class='ocrx_word' id='word_1_49' title='bbox 292 1717 388 1799; x_wconf 81' lang='lat' dir='ltr'><strong>equis</strong></span> <span class='ocrx_word' id='word_1_50' title='bbox 410 1721 613 1802; x_wconf 77' lang='lat' dir='ltr'><strong>provinciam,</strong></span> <span class='ocrx_word' id='word_1_51' title='bbox 636 1720 709 1804; x_wconf 90' lang='lat' dir='ltr'><strong>quis</strong></span> <span class='ocrx_word' id='word_1_52' title='bbox 731 1721 905 1803; x_wconf 91' lang='lat' dir='ltr'><strong>pecuniam,</strong></span> <span class='ocrx_word' id='word_1_53' title='bbox 927 1721 998 1805; x_wconf 92' lang='lat' dir='ltr'><strong>quis</strong></span> <span class='ocrx_word' id='word_1_54' title='bbox 1021 1722 1210 1805; x_wconf 79' lang='lat' dir='ltr'><strong>legationem</strong></span> <span class='ocrx_word' id='word_1_55' title='bbox 1226 1742 1245 1785; x_wconf 92' lang='lat' dir='ltr'><strong>a</strong></span> <span class='ocrx_word' id='word_1_56' title='bbox 1259 1730 1371 1786; x_wconf 89' lang='lat' dir='ltr'><strong>senatu</strong></span> <span class='ocrx_word' id='word_1_57' title='bbox 1393 1723 1543 1806; x_wconf 72' lang='lat' dir='ltr'><strong>petebat?</strong></span> <span class='ocrx_word' id='word_1_58' title='bbox 1574 1724 1636 1786; x_wconf 88' lang='lat' dir='ltr'><strong>lla-</strong></span> 
     </span>
    </p>
   </div>
   <div class='ocr_carea' id='block_1_3' title="bbox 279 1813 1718 4618">
    <p class='ocr_par' dir='ltr' id='par_1_3' title="bbox 279 1813 1718 4618">
     <span class='ocr_line' id='line_1_7' title="bbox 316 1813 1637 1899; baseline 0.005 -27"><span class='ocrx_word' id='word_1_59' title='bbox 316 1813 429 1875; x_wconf 87' lang='lat' dir='ltr'><strong>mnatis</strong></span> <span class='ocrx_word' id='word_1_60' title='bbox 451 1813 491 1876; x_wconf 92' lang='lat' dir='ltr'><strong>de</strong></span> <span class='ocrx_word' id='word_1_61' title='bbox 513 1815 544 1877; x_wconf 84' lang='lat' dir='ltr'><strong>ri</strong></span> <span class='ocrx_word' id='word_1_62' title='bbox 565 1815 738 1888; x_wconf 86' lang='lat' dir='ltr'><strong>restitutio,</strong></span> <span class='ocrx_word' id='word_1_63' title='bbox 760 1815 940 1879; x_wconf 90' lang='lat' dir='ltr'><strong>consulatus</strong></span> <span class='ocrx_word' id='word_1_64' title='bbox 955 1817 1067 1898; x_wconf 88' lang='lat' dir='ltr'><strong>petitio</strong></span> <span class='ocrx_word' id='word_1_65' title='bbox 1084 1816 1144 1898; x_wconf 87' lang='lat' dir='ltr'><strong>ipsi</strong></span> <span class='ocrx_word' id='word_1_66' title='bbox 1159 1816 1206 1878; x_wconf 90' lang='lat' dir='ltr'><strong>illi</strong></span> <span class='ocrx_word' id='word_1_67' title='bbox 1222 1818 1366 1899; x_wconf 83' lang='lat' dir='ltr'><strong>populari</strong></span> <span class='ocrx_word' id='word_1_68' title='bbox 1382 1816 1536 1881; x_wconf 86' lang='lat' dir='ltr'><strong>sacerdoti</strong></span> <span class='ocrx_word' id='word_1_69' title='bbox 1551 1836 1637 1879; x_wconf 89' lang='lat' dir='ltr'><strong>eom·</strong></span> 
     </span>
     <span class='ocr_line' id='line_1_8' title="bbox 314 1905 1636 1992; baseline 0.003 -25"><span class='ocrx_word' id='word_1_70' title='bbox 314 1905 491 1988; x_wconf 88' lang='lat' dir='ltr'><strong>parabatur.</strong></span> <span class='ocrx_word' id='word_1_71' title='bbox 525 1908 612 1973; x_wconf 87' lang='lat' dir='ltr'><strong>Haeo</strong></span> <span class='ocrx_word' id='word_1_72' title='bbox 634 1909 801 1992; x_wconf 79' lang='lat' dir='ltr'><strong>gemebant</strong></span> <span class='ocrx_word' id='word_1_73' title='bbox 821 1909 913 1983; x_wconf 87' lang='lat' dir='ltr'><strong>boni,</strong></span> <span class='ocrx_word' id='word_1_74' title='bbox 936 1910 1105 1992; x_wconf 85' lang='lat' dir='ltr'><strong>sperabant</strong></span> <span class='ocrx_word' id='word_1_75' title='bbox 1122 1908 1273 1991; x_wconf 84' lang='lat' dir='ltr'><strong>improbi,</strong></span> <span class='ocrx_word' id='word_1_76' title='bbox 1296 1909 1408 1992; x_wconf 87' lang='lat' dir='ltr'><strong>agebat</strong></span> <span class='ocrx_word' id='word_1_77' title='bbox 1422 1910 1567 1972; x_wconf 90' lang='lat' dir='ltr'><strong>tribunus</strong></span> <span class='ocrx_word' id='word_1_78' title='bbox 1581 1908 1636 1992; x_wconf 89' lang='lat' dir='ltr'><strong>pl.,</strong></span> 
     </span>
     <span class='ocr_line' id='line_1_9' title="bbox 315 1999 682 2066; baseline 0.014 -7"><span class='ocrx_word' id='word_1_79' title='bbox 315 1999 462 2062; x_wconf 90' lang='lat' dir='ltr'><strong>eonsules</strong></span> <span class='ocrx_word' id='word_1_80' title='bbox 483 2000 682 2066; x_wconf 88' lang='lat' dir='ltr'><strong>adiuvabant.</strong></span> 
     </span>
     <span class='ocr_line' id='line_1_10' title="bbox 400 2092 1637 2184; baseline 0.007 -29"><span class='ocrx_word' id='word_1_81' title='bbox 400 2092 518 2157; x_wconf 83' lang='lat' dir='ltr'><strong>XXXI.</strong></span> <span class='ocrx_word' id='word_1_82' title='bbox 539 2093 592 2159; x_wconf 87' lang='grc'><strong>67.</strong></span> <span class='ocrx_word' id='word_1_83' title='bbox 612 2097 672 2160; x_wconf 88' lang='lat' dir='ltr'><strong>llio</strong></span> <span class='ocrx_word' id='word_1_84' title='bbox 697 2097 884 2179; x_wconf 89' lang='lat' dir='ltr'><strong>aliquando,</strong></span> <span class='ocrx_word' id='word_1_85' title='bbox 915 2096 1016 2159; x_wconf 90' lang='lat' dir='ltr'><strong>serius</strong></span> <span class='ocrx_word' id='word_1_86' title='bbox 1041 2117 1135 2179; x_wconf 87' lang='lat' dir='ltr'><strong>quam</strong></span> <span class='ocrx_word' id='word_1_87' title='bbox 1159 2098 1227 2179; x_wconf 88' lang='lat' dir='ltr'><strong>ipse</strong></span> <span class='ocrx_word' id='word_1_88' title='bbox 1249 2096 1361 2171; x_wconf 88' lang='lat' dir='ltr'><strong>vellet,</strong></span> <span class='ocrx_word' id='word_1_89' title='bbox 1391 2096 1446 2160; x_wconf 84' lang='lat' dir='ltr'><strong>Cn.</strong></span> <span class='ocrx_word' id='word_1_90' title='bbox 1468 2098 1637 2184; x_wconf 87' lang='lat' dir='ltr'><strong>Pompeius</strong></span> 
     </span>
     <span class='ocr_line' id='line_1_11' title="bbox 279 2184 1637 2274; baseline 0.004 -24"><span class='ocrx_word' id='word_1_91' title='bbox 279 2204 307 2251; x_wconf 81' lang='lat' dir='ltr'><strong>so</strong></span> <span class='ocrx_word' id='word_1_92' title='bbox 316 2184 512 2251; x_wconf 88' lang='lat' dir='ltr'><strong>invitissimis</strong></span> <span class='ocrx_word' id='word_1_93' title='bbox 534 2190 590 2264; x_wconf 91' lang='lat' dir='ltr'><strong>iis,</strong></span> <span class='ocrx_word' id='word_1_94' title='bbox 613 2191 668 2273; x_wconf 93' lang='lat' dir='ltr'><strong>qui</strong></span> <span class='ocrx_word' id='word_1_95' title='bbox 690 2198 827 2253; x_wconf 89' lang='lat' dir='ltr'><strong>mentem</strong></span> <span class='ocrx_word' id='word_1_96' title='bbox 849 2190 959 2274; x_wconf 92' lang='lat' dir='ltr'><strong>optimi</strong></span> <span class='ocrx_word' id='word_1_97' title='bbox 981 2209 1017 2252; x_wconf 87' lang='lat' dir='ltr'><strong>ac</strong></span> <span class='ocrx_word' id='word_1_98' title='bbox 1038 2191 1202 2254; x_wconf 84' lang='lat' dir='ltr'><strong>fortissimi</strong></span> <span class='ocrx_word' id='word_1_99' title='bbox 1217 2191 1275 2254; x_wconf 83' lang='lat' dir='ltr'><strong>viri</strong></span> <span class='ocrx_word' id='word_1_100' title='bbox 1297 2192 1364 2254; x_wconf 89' lang='lat' dir='ltr'><strong>suis</strong></span> <span class='ocrx_word' id='word_1_101' title='bbox 1379 2192 1520 2255; x_wconf 89' lang='lat' dir='ltr'><strong>consiliis</strong></span> <span class='ocrx_word' id='word_1_102' title='bbox 1538 2192 1637 2255; x_wconf 88' lang='lat' dir='ltr'><strong>fictis-</strong></span> 
     </span>
     <span class='ocr_line' id='line_1_12' title="bbox 317 2283 1636 2363; baseline 0.005 -21"><span class='ocrx_word' id='word_1_103' title='bbox 317 2300 380 2363; x_wconf 88' lang='lat' dir='ltr'><strong>que</strong></span> <span class='ocrx_word' id='word_1_104' title='bbox 403 2283 576 2346; x_wconf 87' lang='lat' dir='ltr'><strong>terroribus</strong></span> <span class='ocrx_word' id='word_1_105' title='bbox 599 2303 617 2347; x_wconf 89' lang='lat' dir='ltr'><strong>a</strong></span> <span class='ocrx_word' id='word_1_106' title='bbox 640 2283 824 2347; x_wconf 80' lang='lat' dir='ltr'><strong>defensione</strong></span> <span class='ocrx_word' id='word_1_107' title='bbox 841 2304 930 2348; x_wconf 89' lang='lat' dir='ltr'><strong>meae</strong></span> <span class='ocrx_word' id='word_1_108' title='bbox 945 2283 1055 2348; x_wconf 86' lang='lat' dir='ltr'><strong>salutis</strong></span> <span class='ocrx_word' id='word_1_109' title='bbox 1070 2293 1263 2358; x_wconf 78' lang='lat' dir='ltr'><strong>averterant,</strong></span> <span class='ocrx_word' id='word_1_110' title='bbox 1286 2286 1433 2349; x_wconf 81' lang='lat' dir='ltr'><strong>excitavit</strong></span> <span class='ocrx_word' id='word_1_111' title='bbox 1445 2284 1533 2349; x_wconf 92' lang='lat' dir='ltr'><strong>illam</strong></span> <span class='ocrx_word' id='word_1_112' title='bbox 1548 2305 1636 2348; x_wconf 84' lang='lat' dir='ltr'><strong>suam</strong></span> 
     </span>
     <span class='ocr_line' id='line_1_13' title="bbox 316 2374 1639 2462; baseline 0.004 -27"><span class='ocrx_word' id='word_1_113' title='bbox 316 2392 381 2436; x_wconf 91' lang='lat' dir='ltr'><strong>non</strong></span> <span class='ocrx_word' id='word_1_114' title='bbox 403 2374 554 2458; x_wconf 80' lang='lat' dir='ltr'><strong>sopitam,</strong></span> <span class='ocrx_word' id='word_1_115' title='bbox 575 2377 632 2441; x_wconf 89' lang='lat' dir='ltr'><strong>sed</strong></span> <span class='ocrx_word' id='word_1_116' title='bbox 653 2379 833 2462; x_wconf 85' lang='lat' dir='ltr'><strong>suspicione</strong></span> <span class='ocrx_word' id='word_1_117' title='bbox 855 2378 963 2461; x_wconf 89' lang='lat' dir='ltr'><strong>aliqua</strong></span> <span class='ocrx_word' id='word_1_118' title='bbox 984 2378 1171 2441; x_wconf 87' lang='lat' dir='ltr'><strong>retardatam</strong></span> <span class='ocrx_word' id='word_1_119' title='bbox 1193 2378 1453 2442; x_wconf 85' lang='lat' dir='ltr'><strong>consuetudinem</strong></span> <span class='ocrx_word' id='word_1_120' title='bbox 1466 2378 1515 2443; x_wconf 90' lang='lat' dir='ltr'><strong>rei</strong></span> <span class='ocrx_word' id='word_1_121' title='bbox 1533 2377 1639 2462; x_wconf 93' lang='lat' dir='ltr'><strong>publi·</strong></span> 
     </span>
     <span class='ocr_line' id='line_1_14' title="bbox 317 2466 1638 2554; baseline 0.005 -23"><span class='ocrx_word' id='word_1_122' title='bbox 317 2486 372 2531; x_wconf 87' lang='lat' dir='ltr'><strong>cae</strong></span> <span class='ocrx_word' id='word_1_123' title='bbox 401 2466 483 2531; x_wconf 92' lang='lat' dir='ltr'><strong>bene</strong></span> <span class='ocrx_word' id='word_1_124' title='bbox 512 2470 679 2553; x_wconf 78' lang='lat' dir='ltr'><strong>gerendae.</strong></span> <span class='ocrx_word' id='word_1_125' title='bbox 718 2474 789 2535; x_wconf 90' lang='lat' dir='ltr'><strong>Non</strong></span> <span class='ocrx_word' id='word_1_126' title='bbox 812 2480 859 2536; x_wconf 91' lang='lat' dir='ltr'><strong>est</strong></span> <span class='ocrx_word' id='word_1_127' title='bbox 879 2491 993 2553; x_wconf 86' lang='lat' dir='ltr'><strong>passus</strong></span> <span class='ocrx_word' id='word_1_128' title='bbox 1015 2471 1069 2534; x_wconf 93' lang='lat' dir='ltr'><strong>ille</strong></span> <span class='ocrx_word' id='word_1_129' title='bbox 1091 2474 1155 2546; x_wconf 83' lang='lat' dir='ltr'><strong>vir,</strong></span> <span class='ocrx_word' id='word_1_130' title='bbox 1183 2472 1238 2554; x_wconf 91' lang='lat' dir='ltr'><strong>qui</strong></span> <span class='ocrx_word' id='word_1_131' title='bbox 1259 2472 1520 2538; x_wconf 89' lang='lat' dir='ltr'><strong>sceleratissimos</strong></span> <span class='ocrx_word' id='word_1_132' title='bbox 1541 2474 1638 2547; x_wconf 86' lang='lat' dir='ltr'><strong>cives,</strong></span> 
     </span>
     <span class='ocr_line' id='line_1_15' title="bbox 318 2562 1638 2651; baseline 0.003 -26"><span class='ocrx_word' id='word_1_133' title='bbox 318 2562 372 2644; x_wconf 92' lang='lat' dir='ltr'><strong>qui</strong></span> <span class='ocrx_word' id='word_1_134' title='bbox 394 2564 565 2628; x_wconf 88' lang='lat' dir='ltr'><strong>acerrimos</strong></span> <span class='ocrx_word' id='word_1_135' title='bbox 585 2566 708 2642; x_wconf 89' lang='lat' dir='ltr'><strong>hostes,</strong></span> <span class='ocrx_word' id='word_1_136' title='bbox 730 2568 787 2650; x_wconf 92' lang='lat' dir='ltr'><strong>qui</strong></span> <span class='ocrx_word' id='word_1_137' title='bbox 809 2566 960 2631; x_wconf 85' lang='lat' dir='ltr'><strong>maximas</strong></span> <span class='ocrx_word' id='word_1_138' title='bbox 981 2566 1144 2642; x_wconf 91' lang='lat' dir='ltr'><strong>nationes,</strong></span> <span class='ocrx_word' id='word_1_139' title='bbox 1166 2568 1221 2651; x_wconf 92' lang='lat' dir='ltr'><strong>qui</strong></span> <span class='ocrx_word' id='word_1_140' title='bbox 1235 2586 1336 2649; x_wconf 90' lang='lat' dir='ltr'><strong>reges,</strong></span> <span class='ocrx_word' id='word_1_141' title='bbox 1358 2566 1415 2650; x_wconf 91' lang='lat' dir='ltr'><strong>qui</strong></span> <span class='ocrx_word' id='word_1_142' title='bbox 1430 2574 1541 2649; x_wconf 89' lang='lat' dir='ltr'><strong>gentes</strong></span> <span class='ocrx_word' id='word_1_143' title='bbox 1555 2565 1638 2630; x_wconf 81' lang='lat' dir='ltr'><strong>feras</strong></span> 
     </span>
     <span class='ocr_line' id='line_1_16' title="bbox 279 2657 1640 2744; baseline 0.001 -23"><span class='ocrx_word' id='word_1_144' title='bbox 279 2664 414 2740; x_wconf 77' lang='lat' dir='ltr'><strong>teatque</strong></span> <span class='ocrx_word' id='word_1_145' title='bbox 441 2657 615 2732; x_wconf 87' lang='lat' dir='ltr'><strong>inauditas,</strong></span> <span class='ocrx_word' id='word_1_146' title='bbox 649 2662 703 2744; x_wconf 93' lang='lat' dir='ltr'><strong>qui</strong></span> <span class='ocrx_word' id='word_1_147' title='bbox 732 2660 925 2743; x_wconf 90' lang='lat' dir='ltr'><strong>praedonum</strong></span> <span class='ocrx_word' id='word_1_148' title='bbox 956 2658 1112 2721; x_wconf 86' lang='lat' dir='ltr'><strong>infinitam</strong></span> <span class='ocrx_word' id='word_1_149' title='bbox 1140 2680 1282 2733; x_wconf 88' lang='lat' dir='ltr'><strong>manum,</strong></span> <span class='ocrx_word' id='word_1_150' title='bbox 1317 2661 1372 2742; x_wconf 92' lang='lat' dir='ltr'><strong>qui</strong></span> <span class='ocrx_word' id='word_1_151' title='bbox 1395 2660 1489 2722; x_wconf 89' lang='lat' dir='ltr'><strong>etiam</strong></span> <span class='ocrx_word' id='word_1_152' title='bbox 1510 2659 1640 2724; x_wconf 77' lang='lat' dir='ltr'><strong>servitia</strong></span> 
     </span>
     <span class='ocr_line' id='line_1_17' title="bbox 317 2750 1639 2837; baseline 0.002 -23"><span class='ocrx_word' id='word_1_153' title='bbox 317 2750 432 2815; x_wconf 86' lang='lat' dir='ltr'><strong>virtute</strong></span> <span class='ocrx_word' id='word_1_154' title='bbox 447 2752 641 2836; x_wconf 86' lang='lat' dir='ltr'><strong>victoriaque</strong></span> <span class='ocrx_word' id='word_1_155' title='bbox 655 2753 839 2826; x_wconf 85' lang='lat' dir='ltr'><strong>domuisset,</strong></span> <span class='ocrx_word' id='word_1_156' title='bbox 858 2753 914 2837; x_wconf 91' lang='lat' dir='ltr'><strong>qui</strong></span> <span class='ocrx_word' id='word_1_157' title='bbox 930 2753 1077 2816; x_wconf 89' lang='lat' dir='ltr'><strong>omnibus</strong></span> <span class='ocrx_word' id='word_1_158' title='bbox 1089 2754 1182 2817; x_wconf 91' lang='lat' dir='ltr'><strong>bellis</strong></span> <span class='ocrx_word' id='word_1_159' title='bbox 1198 2763 1279 2816; x_wconf 87' lang='lat' dir='ltr'><strong>terra</strong></span> <span class='ocrx_word' id='word_1_160' title='bbox 1294 2754 1435 2837; x_wconf 87' lang='lat' dir='ltr'><strong>marique</strong></span> <span class='ocrx_word' id='word_1_161' title='bbox 1450 2754 1639 2836; x_wconf 84' lang='lat' dir='ltr'><strong>compressis</strong></span> 
     </span>
     <span class='ocr_line' id='line_1_18' title="bbox 316 2844 1640 2931; baseline 0 -22"><span class='ocrx_word' id='word_1_162' title='bbox 316 2846 484 2929; x_wconf 85' lang='lat' dir='ltr'><strong>imperium</strong></span> <span class='ocrx_word' id='word_1_163' title='bbox 510 2847 623 2930; x_wconf 92' lang='lat' dir='ltr'><strong>populi</strong></span> <span class='ocrx_word' id='word_1_164' title='bbox 646 2849 777 2912; x_wconf 80' lang='lat' dir='ltr'><strong>Romani</strong></span> <span class='ocrx_word' id='word_1_165' title='bbox 801 2847 885 2911; x_wconf 91' lang='lat' dir='ltr'><strong>orbis</strong></span> <span class='ocrx_word' id='word_1_166' title='bbox 907 2856 1059 2912; x_wconf 85' lang='lat' dir='ltr'><strong>terrarum</strong></span> <span class='ocrx_word' id='word_1_167' title='bbox 1081 2848 1222 2910; x_wconf 91' lang='lat' dir='ltr'><strong>terminis</strong></span> <span class='ocrx_word' id='word_1_168' title='bbox 1245 2844 1421 2920; x_wconf 89' lang='lat' dir='ltr'><strong>definisset,</strong></span> <span class='ocrx_word' id='word_1_169' title='bbox 1449 2865 1515 2910; x_wconf 92' lang='lat' dir='ltr'><strong>rem</strong></span> <span class='ocrx_word' id='word_1_170' title='bbox 1537 2846 1640 2931; x_wconf 89' lang='lat' dir='ltr'><strong>publi·</strong></span> 
     </span>
     <span class='ocr_line' id='line_1_19' title="bbox 317 2939 1639 3026; baseline 0 -22"><span class='ocrx_word' id='word_1_171' title='bbox 317 2958 385 3004; x_wconf 81' lang='lat' dir='ltr'><strong>cam</strong></span> <span class='ocrx_word' id='word_1_172' title='bbox 407 2941 505 3003; x_wconf 83' lang='lat' dir='ltr'><strong>everti</strong></span> <span class='ocrx_word' id='word_1_173' title='bbox 525 2941 645 3005; x_wconf 85' lang='lat' dir='ltr'><strong>scelere</strong></span> <span class='ocrx_word' id='word_1_174' title='bbox 666 2962 853 3025; x_wconf 87' lang='lat' dir='ltr'><strong>paucorum,</strong></span> <span class='ocrx_word' id='word_1_175' title='bbox 877 2960 973 3026; x_wconf 89' lang='lat' dir='ltr'><strong>quam</strong></span> <span class='ocrx_word' id='word_1_176' title='bbox 995 2941 1064 3023; x_wconf 90' lang='lat' dir='ltr'><strong>ipse</strong></span> <span class='ocrx_word' id='word_1_177' title='bbox 1086 2961 1149 3003; x_wconf 93' lang='lat' dir='ltr'><strong>non</strong></span> <span class='ocrx_word' id='word_1_178' title='bbox 1170 2940 1274 3004; x_wconf 90' lang='lat' dir='ltr'><strong>solum</strong></span> <span class='ocrx_word' id='word_1_179' title='bbox 1296 2939 1452 3014; x_wconf 87' lang='lat' dir='ltr'><strong>consiliis,</strong></span> <span class='ocrx_word' id='word_1_180' title='bbox 1474 2940 1639 3004; x_wconf 87' lang='lat' dir='ltr'><strong>sedetiam</strong></span> 
     </span>
     <span class='ocr_line' id='line_1_20' title="bbox 317 3033 1641 3119; baseline 0.001 -23"><span class='ocrx_word' id='word_1_181' title='bbox 317 3034 470 3117; x_wconf 90' lang='lat' dir='ltr'><strong>sanguine</strong></span> <span class='ocrx_word' id='word_1_182' title='bbox 492 3054 550 3097; x_wconf 92' lang='lat' dir='ltr'><strong>suo</strong></span> <span class='ocrx_word' id='word_1_183' title='bbox 573 3054 668 3119; x_wconf 87' lang='lat' dir='ltr'><strong>saepe</strong></span> <span class='ocrx_word' id='word_1_184' title='bbox 690 3043 861 3099; x_wconf 88' lang='lat' dir='ltr'><strong>servasset:</strong></span> <span class='ocrx_word' id='word_1_185' title='bbox 889 3035 1021 3098; x_wconf 89' lang='lat' dir='ltr'><strong>accessit</strong></span> <span class='ocrx_word' id='word_1_186' title='bbox 1041 3035 1081 3097; x_wconf 96' lang='lat' dir='ltr'><strong>ad</strong></span> <span class='ocrx_word' id='word_1_187' title='bbox 1104 3054 1230 3098; x_wconf 89' lang='lat' dir='ltr'><strong>causam</strong></span> <span class='ocrx_word' id='word_1_188' title='bbox 1252 3033 1428 3116; x_wconf 87' lang='lat' dir='ltr'><strong>publicam,</strong></span> <span class='ocrx_word' id='word_1_189' title='bbox 1450 3034 1564 3098; x_wconf 87' lang='lat' dir='ltr'><strong>restitit</strong></span> <span class='ocrx_word' id='word_1_190' title='bbox 1584 3053 1641 3097; x_wconf 90' lang='lat' dir='ltr'><strong>au·</strong></span> 
     </span>
     <span class='ocr_line' id='line_1_21' title="bbox 279 3126 1639 3213; baseline 0 -24"><span class='ocrx_word' id='word_1_191' title='bbox 279 3128 460 3191; x_wconf 82' lang='lat' dir='ltr'><strong>soctoritate</strong></span> <span class='ocrx_word' id='word_1_192' title='bbox 489 3148 546 3191; x_wconf 90' lang='lat' dir='ltr'><strong>sua</strong></span> <span class='ocrx_word' id='word_1_193' title='bbox 574 3129 706 3213; x_wconf 90' lang='lat' dir='ltr'><strong>reliquis</strong></span> <span class='ocrx_word' id='word_1_194' title='bbox 732 3130 844 3203; x_wconf 91' lang='lat' dir='ltr'><strong>rebus,</strong></span> <span class='ocrx_word' id='word_1_195' title='bbox 875 3135 1007 3210; x_wconf 89' lang='lat' dir='ltr'><strong>questus</strong></span> <span class='ocrx_word' id='word_1_196' title='bbox 1030 3136 1078 3189; x_wconf 90' lang='lat' dir='ltr'><strong>est</strong></span> <span class='ocrx_word' id='word_1_197' title='bbox 1099 3126 1138 3189; x_wconf 90' lang='lat' dir='ltr'><strong>de</strong></span> <span class='ocrx_word' id='word_1_198' title='bbox 1160 3126 1346 3209; x_wconf 86' lang='lat' dir='ltr'><strong>praeteritis.</strong></span> <span class='ocrx_word' id='word_1_199' title='bbox 1378 3128 1461 3190; x_wconf 84' lang='lat' dir='ltr'><strong>Fieri</strong></span> <span class='ocrx_word' id='word_1_200' title='bbox 1483 3127 1639 3212; x_wconf 88' lang='lat' dir='ltr'><strong>quaedam</strong></span> 
     </span>
     <span class='ocr_line' id='line_1_22' title="bbox 317 3218 1638 3309; baseline -0.002 -24"><span class='ocrx_word' id='word_1_201' title='bbox 317 3220 357 3285; x_wconf 90' lang='lat' dir='ltr'><strong>ad</strong></span> <span class='ocrx_word' id='word_1_202' title='bbox 379 3222 541 3286; x_wconf 91' lang='lat' dir='ltr'><strong>meliorem</strong></span> <span class='ocrx_word' id='word_1_203' title='bbox 563 3244 652 3307; x_wconf 92' lang='lat' dir='ltr'><strong>spem</strong></span> <span class='ocrx_word' id='word_1_204' title='bbox 674 3222 836 3286; x_wconf 88' lang='lat' dir='ltr'><strong>inclinatio</strong></span> <span class='ocrx_word' id='word_1_205' title='bbox 857 3222 925 3285; x_wconf 79' lang='lat' dir='ltr'><strong>sisa</strong></span> <span class='ocrx_word' id='word_1_206' title='bbox 946 3228 1004 3283; x_wconf 90' lang='lat' dir='ltr'><strong>est.</strong></span> <span class='ocrx_word' id='word_1_207' title='bbox 1048 3218 1099 3282; x_wconf 91' lang='grc'><strong>68.</strong></span> <span class='ocrx_word' id='word_1_208' title='bbox 1121 3220 1266 3283; x_wconf 85' lang='lat' dir='ltr'><strong>Decrevit</strong></span> <span class='ocrx_word' id='word_1_209' title='bbox 1288 3228 1416 3309; x_wconf 78' lang='lat' dir='ltr'><strong>senatus</strong></span> <span class='ocrx_word' id='word_1_210' title='bbox 1435 3220 1587 3305; x_wconf 84' lang='lat' dir='ltr'><strong>frequens</strong></span> <span class='ocrx_word' id='word_1_211' title='bbox 1599 3220 1638 3283; x_wconf 90' lang='lat' dir='ltr'><strong>de</strong></span> 
     </span>
     <span class='ocr_line' id='line_1_23' title="bbox 318 3312 1639 3389; baseline -0.002 -11"><span class='ocrx_word' id='word_1_212' title='bbox 318 3336 388 3378; x_wconf 91' lang='lat' dir='ltr'><strong>meo</strong></span> <span class='ocrx_word' id='word_1_213' title='bbox 410 3315 512 3379; x_wconf 90' lang='lat' dir='ltr'><strong>reditu</strong></span> <span class='ocrx_word' id='word_1_214' title='bbox 526 3315 677 3378; x_wconf 86' lang='lat' dir='ltr'><strong>Kalendis</strong></span> <span class='ocrx_word' id='word_1_215' title='bbox 698 3315 816 3389; x_wconf 88' lang='lat' dir='ltr'><strong>Iuniis,</strong></span> <span class='ocrx_word' id='word_1_216' title='bbox 839 3314 1045 3377; x_wconf 88' lang='lat' dir='ltr'><strong>dissentiente</strong></span> <span class='ocrx_word' id='word_1_217' title='bbox 1058 3313 1158 3387; x_wconf 91' lang='lat' dir='ltr'><strong>nullo,</strong></span> <span class='ocrx_word' id='word_1_218' title='bbox 1181 3313 1336 3376; x_wconf 84' lang='lat' dir='ltr'><strong>referente</strong></span> <span class='ocrx_word' id='word_1_219' title='bbox 1351 3314 1386 3375; x_wconf 94' lang='lat' dir='ltr'><strong>L.</strong></span> <span class='ocrx_word' id='word_1_220' title='bbox 1401 3314 1527 3387; x_wconf 87' lang='lat' dir='ltr'><strong>Ninnio,</strong></span> <span class='ocrx_word' id='word_1_221' title='bbox 1549 3312 1639 3376; x_wconf 89' lang='lat' dir='ltr'><strong>cuius</strong></span> 
     </span>
     <span class='ocr_line' id='line_1_24' title="bbox 317 3405 1639 3493; baseline 0.001 -23"><span class='ocrx_word' id='word_1_222' title='bbox 317 3410 350 3471; x_wconf 90' lang='lat' dir='ltr'><strong>in</strong></span> <span class='ocrx_word' id='word_1_223' title='bbox 372 3428 442 3471; x_wconf 88' lang='lat' dir='ltr'><strong>mea</strong></span> <span class='ocrx_word' id='word_1_224' title='bbox 463 3429 560 3473; x_wconf 86' lang='lat' dir='ltr'><strong>causa</strong></span> <span class='ocrx_word' id='word_1_225' title='bbox 580 3429 753 3493; x_wconf 88' lang='lat' dir='ltr'><strong>numquam</strong></span> <span class='ocrx_word' id='word_1_226' title='bbox 776 3405 854 3472; x_wconf 88' lang='lat' dir='ltr'><strong>fides</strong></span> <span class='ocrx_word' id='word_1_227' title='bbox 869 3408 1032 3490; x_wconf 87' lang='lat' dir='ltr'><strong>virtusque</strong></span> <span class='ocrx_word' id='word_1_228' title='bbox 1047 3407 1245 3469; x_wconf 89' lang='lat' dir='ltr'><strong>contremuit.</strong></span> <span class='ocrx_word' id='word_1_229' title='bbox 1275 3407 1455 3471; x_wconf 88' lang='lat' dir='ltr'><strong>Intercessit</strong></span> <span class='ocrx_word' id='word_1_230' title='bbox 1469 3407 1566 3491; x_wconf 86' lang='lat' dir='ltr'><strong>Ligus</strong></span> <span class='ocrx_word' id='word_1_231' title='bbox 1580 3406 1639 3471; x_wconf 85' lang='lat' dir='ltr'><strong>iste</strong></span> 
     </span>
     <span class='ocr_line' id='line_1_25' title="bbox 317 3500 1641 3586; baseline 0 -22"><span class='ocrx_word' id='word_1_232' title='bbox 317 3502 425 3566; x_wconf 90' lang='lat' dir='ltr'><strong>nescio</strong></span> <span class='ocrx_word' id='word_1_233' title='bbox 447 3504 519 3586; x_wconf 89' lang='lat' dir='ltr'><strong>qui,</strong></span> <span class='ocrx_word' id='word_1_234' title='bbox 542 3501 790 3566; x_wconf 86' lang='lat' dir='ltr'><strong>additamentum</strong></span> <span class='ocrx_word' id='word_1_235' title='bbox 812 3503 1015 3565; x_wconf 89' lang='lat' dir='ltr'><strong>inimicorum</strong></span> <span class='ocrx_word' id='word_1_236' title='bbox 1037 3518 1188 3564; x_wconf 89' lang='lat' dir='ltr'><strong>meorum.</strong></span> <span class='ocrx_word' id='word_1_237' title='bbox 1221 3500 1282 3562; x_wconf 84' lang='lat' dir='ltr'><strong>Res</strong></span> <span class='ocrx_word' id='word_1_238' title='bbox 1297 3507 1365 3563; x_wconf 90' lang='lat' dir='ltr'><strong>erat</strong></span> <span class='ocrx_word' id='word_1_239' title='bbox 1379 3507 1411 3563; x_wconf 89' lang='lat' dir='ltr'><strong>et</strong></span> <span class='ocrx_word' id='word_1_240' title='bbox 1424 3519 1519 3563; x_wconf 84' lang='lat' dir='ltr'><strong>eausa</strong></span> <span class='ocrx_word' id='word_1_241' title='bbox 1532 3507 1641 3564; x_wconf 88' lang='lat' dir='ltr'><strong>nostra</strong></span> 
     </span>
     <span class='ocr_line' id='line_1_26' title="bbox 281 3593 1641 3681; baseline -0.003 -21"><span class='ocrx_word' id='word_1_242' title='bbox 281 3612 357 3661; x_wconf 75' lang='lat' dir='ltr'><strong>obeo</strong></span> <span class='ocrx_word' id='word_1_243' title='bbox 379 3597 441 3659; x_wconf 90' lang='lat' dir='ltr'><strong>iam</strong></span> <span class='ocrx_word' id='word_1_244' title='bbox 463 3596 543 3671; x_wconf 90' lang='lat' dir='ltr'><strong>loci,</strong></span> <span class='ocrx_word' id='word_1_245' title='bbox 571 3604 607 3659; x_wconf 91' lang='lat' dir='ltr'><strong>nt</strong></span> <span class='ocrx_word' id='word_1_246' title='bbox 637 3598 757 3681; x_wconf 88' lang='lat' dir='ltr'><strong>erigere</strong></span> <span class='ocrx_word' id='word_1_247' title='bbox 782 3596 892 3660; x_wconf 91' lang='lat' dir='ltr'><strong>oculos</strong></span> <span class='ocrx_word' id='word_1_248' title='bbox 913 3603 946 3659; x_wconf 94' lang='lat' dir='ltr'><strong>et</strong></span> <span class='ocrx_word' id='word_1_249' title='bbox 966 3597 1072 3658; x_wconf 87' lang='lat' dir='ltr'><strong>vivere</strong></span> <span class='ocrx_word' id='word_1_250' title='bbox 1095 3595 1262 3656; x_wconf 90' lang='lat' dir='ltr'><strong>videretur.</strong></span> <span class='ocrx_word' id='word_1_251' title='bbox 1297 3593 1451 3678; x_wconf 87' lang='lat' dir='ltr'><strong>Quisquis</strong></span> <span class='ocrx_word' id='word_1_252' title='bbox 1473 3601 1554 3669; x_wconf 91' lang='lat' dir='ltr'><strong>erat,</strong></span> <span class='ocrx_word' id='word_1_253' title='bbox 1585 3594 1641 3678; x_wconf 90' lang='lat' dir='ltr'><strong>qui</strong></span> 
     </span>
     <span class='ocr_line' id='line_1_27' title="bbox 318 3689 1641 3777; baseline -0.004 -22"><span class='ocrx_word' id='word_1_254' title='bbox 318 3692 456 3777; x_wconf 86' lang='lat' dir='ltr'><strong>aliquam</strong></span> <span class='ocrx_word' id='word_1_255' title='bbox 487 3699 608 3774; x_wconf 90' lang='lat' dir='ltr'><strong>partem</strong></span> <span class='ocrx_word' id='word_1_256' title='bbox 641 3693 674 3755; x_wconf 91' lang='lat' dir='ltr'><strong>in</strong></span> <span class='ocrx_word' id='word_1_257' title='bbox 703 3712 774 3756; x_wconf 94' lang='lat' dir='ltr'><strong>meo</strong></span> <span class='ocrx_word' id='word_1_258' title='bbox 801 3691 887 3754; x_wconf 89' lang='lat' dir='ltr'><strong>luctu</strong></span> <span class='ocrx_word' id='word_1_259' title='bbox 917 3691 1045 3753; x_wconf 89' lang='lat' dir='ltr'><strong>sceleris</strong></span> <span class='ocrx_word' id='word_1_260' title='bbox 1075 3689 1217 3753; x_wconf 91' lang='lat' dir='ltr'><strong>Clodiani</strong></span> <span class='ocrx_word' id='word_1_261' title='bbox 1239 3689 1409 3771; x_wconf 88' lang='lat' dir='ltr'><strong>attigisset,</strong></span> <span class='ocrx_word' id='word_1_262' title='bbox 1440 3707 1641 3774; x_wconf 87' lang='lat' dir='ltr'><strong>quocumque</strong></span> 
     </span>
     <span class='ocr_line' id='line_1_28' title="bbox 318 3783 1641 3870; baseline -0.002 -22"><span class='ocrx_word' id='word_1_263' title='bbox 318 3795 457 3862; x_wconf 81' lang='lat' dir='ltr'><strong>venerat,</strong></span> <span class='ocrx_word' id='word_1_264' title='bbox 477 3784 563 3870; x_wconf 91' lang='lat' dir='ltr'><strong>quod</strong></span> <span class='ocrx_word' id='word_1_265' title='bbox 578 3785 729 3850; x_wconf 88' lang='lat' dir='ltr'><strong>indicium</strong></span> <span class='ocrx_word' id='word_1_266' title='bbox 745 3805 880 3868; x_wconf 89' lang='lat' dir='ltr'><strong>cumque</strong></span> <span class='ocrx_word' id='word_1_267' title='bbox 896 3784 1043 3857; x_wconf 88' lang='lat' dir='ltr'><strong>subierat,</strong></span> <span class='ocrx_word' id='word_1_268' title='bbox 1058 3783 1281 3847; x_wconf 87' lang='lat' dir='ltr'><strong>damnabatur:</strong></span> <span class='ocrx_word' id='word_1_269' title='bbox 1304 3784 1523 3848; x_wconf 85' lang='lat' dir='ltr'><strong>inveniebatur</strong></span> <span class='ocrx_word' id='word_1_270' title='bbox 1536 3802 1641 3856; x_wconf 89' lang='lat' dir='ltr'><strong>nemo,</strong></span> 
     </span>
     <span class='ocr_line' id='line_1_29' title="bbox 319 3875 1641 3964; baseline -0.005 -20"><span class='ocrx_word' id='word_1_271' title='bbox 319 3879 374 3964; x_wconf 91' lang='lat' dir='ltr'><strong>qui</strong></span> <span class='ocrx_word' id='word_1_272' title='bbox 402 3900 437 3942; x_wconf 90' lang='lat' dir='ltr'><strong>se</strong></span> <span class='ocrx_word' id='word_1_273' title='bbox 465 3880 648 3963; x_wconf 81' lang='lat' dir='ltr'><strong>suffragium</strong></span> <span class='ocrx_word' id='word_1_274' title='bbox 671 3881 711 3944; x_wconf 92' lang='lat' dir='ltr'><strong>de</strong></span> <span class='ocrx_word' id='word_1_275' title='bbox 732 3901 783 3943; x_wconf 93' lang='lat' dir='ltr'><strong>me</strong></span> <span class='ocrx_word' id='word_1_276' title='bbox 804 3879 915 3942; x_wconf 90' lang='lat' dir='ltr'><strong>tulisse</strong></span> <span class='ocrx_word' id='word_1_277' title='bbox 938 3875 1146 3941; x_wconf 88' lang='lat' dir='ltr'><strong>eonfiteretur.</strong></span> <span class='ocrx_word' id='word_1_278' title='bbox 1182 3878 1366 3941; x_wconf 86' lang='lat' dir='ltr'><strong>Decesserat</strong></span> <span class='ocrx_word' id='word_1_279' title='bbox 1387 3898 1428 3941; x_wconf 83' lang='lat' dir='ltr'><strong>ex</strong></span> <span class='ocrx_word' id='word_1_280' title='bbox 1449 3877 1524 3941; x_wconf 80' lang='lat' dir='ltr'><strong>Asia</strong></span> <span class='ocrx_word' id='word_1_281' title='bbox 1544 3876 1641 3939; x_wconf 84' lang='lat' dir='ltr'><strong>frater</strong></span> 
     </span>
     <span class='ocr_line' id='line_1_30' title="bbox 318 3970 1718 4057; baseline -0.005 -19"><span class='ocrx_word' id='word_1_282' title='bbox 318 3994 408 4038; x_wconf 91' lang='lat' dir='ltr'><strong>meus</strong></span> <span class='ocrx_word' id='word_1_283' title='bbox 429 3994 543 4057; x_wconf 86' lang='lat' dir='ltr'><strong>magno</strong></span> <span class='ocrx_word' id='word_1_284' title='bbox 565 3975 729 4056; x_wconf 88' lang='lat' dir='ltr'><strong>squalore,</strong></span> <span class='ocrx_word' id='word_1_285' title='bbox 751 3972 807 4037; x_wconf 93' lang='lat' dir='ltr'><strong>sed</strong></span> <span class='ocrx_word' id='word_1_286' title='bbox 829 3972 928 4037; x_wconf 88' lang='lat' dir='ltr'><strong>multo</strong></span> <span class='ocrx_word' id='word_1_287' title='bbox 950 3973 1044 4034; x_wconf 89' lang='lat' dir='ltr'><strong>etiam</strong></span> <span class='ocrx_word' id='word_1_288' title='bbox 1066 3972 1183 4033; x_wconf 87' lang='lat' dir='ltr'><strong>maiore</strong></span> <span class='ocrx_word' id='word_1_289' title='bbox 1199 3990 1350 4034; x_wconf 90' lang='lat' dir='ltr'><strong>maerore.</strong></span> <span class='ocrx_word' id='word_1_290' title='bbox 1380 3972 1462 4034; x_wconf 89' lang='lat' dir='ltr'><strong>lluic</strong></span> <span class='ocrx_word' id='word_1_291' title='bbox 1476 3970 1641 4043; x_wconf 72' lang='lat' dir='ltr'><strong>alumen</strong></span> <span class='ocrx_word' id='word_1_292' title='bbox 1715 3978 1718 3983; x_wconf 83' lang='grc'><strong>’</strong></span> 
     </span>
     <span class='ocr_line' id='line_1_31' title="bbox 281 4063 1641 4148; baseline -0.003 -19"><span class='ocrx_word' id='word_1_293' title='bbox 281 4068 458 4134; x_wconf 78' lang='lat' dir='ltr'><strong>eovenienti</strong></span> <span class='ocrx_word' id='word_1_294' title='bbox 480 4076 547 4131; x_wconf 92' lang='lat' dir='ltr'><strong>tota</strong></span> <span class='ocrx_word' id='word_1_295' title='bbox 568 4067 692 4132; x_wconf 88' lang='lat' dir='ltr'><strong>obviam</strong></span> <span class='ocrx_word' id='word_1_296' title='bbox 715 4069 824 4132; x_wconf 87' lang='lat' dir='ltr'><strong>civitas</strong></span> <span class='ocrx_word' id='word_1_297' title='bbox 840 4087 911 4131; x_wconf 91' lang='lat' dir='ltr'><strong>cum</strong></span> <span class='ocrx_word' id='word_1_298' title='bbox 934 4065 1070 4129; x_wconf 91' lang='lat' dir='ltr'><strong>lacrimis</strong></span> <span class='ocrx_word' id='word_1_299' title='bbox 1092 4066 1274 4148; x_wconf 91' lang='lat' dir='ltr'><strong>gemituque</strong></span> <span class='ocrx_word' id='word_1_300' title='bbox 1295 4072 1507 4148; x_wconf 89' lang='lat' dir='ltr'><strong>processerat;</strong></span> <span class='ocrx_word' id='word_1_301' title='bbox 1530 4063 1641 4146; x_wconf 92' lang='lat' dir='ltr'><strong>loque·</strong></span> 
     </span>
     <span class='ocr_line' id='line_1_32' title="bbox 318 4159 1642 4243; baseline -0.004 -19"><span class='ocrx_word' id='word_1_302' title='bbox 318 4162 410 4226; x_wconf 89' lang='lat' dir='ltr'><strong>batur</strong></span> <span class='ocrx_word' id='word_1_303' title='bbox 439 4162 569 4226; x_wconf 90' lang='lat' dir='ltr'><strong>liberius</strong></span> <span class='ocrx_word' id='word_1_304' title='bbox 597 4171 742 4239; x_wconf 80' lang='lat' dir='ltr'><strong>senatus3</strong></span> <span class='ocrx_word' id='word_1_305' title='bbox 773 4161 1001 4226; x_wconf 89' lang='lat' dir='ltr'><strong>concurrebant</strong></span> <span class='ocrx_word' id='word_1_306' title='bbox 1031 4160 1152 4243; x_wconf 90' lang='lat' dir='ltr'><strong>equites</strong></span> <span class='ocrx_word' id='word_1_307' title='bbox 1174 4159 1323 4236; x_wconf 78' lang='lat' dir='ltr'><strong>Romani3</strong></span> <span class='ocrx_word' id='word_1_308' title='bbox 1353 4160 1425 4222; x_wconf 89' lang='lat' dir='ltr'><strong>Piso</strong></span> <span class='ocrx_word' id='word_1_309' title='bbox 1446 4159 1516 4234; x_wconf 91' lang='lat' dir='ltr'><strong>ille,</strong></span> <span class='ocrx_word' id='word_1_310' title='bbox 1545 4177 1642 4242; x_wconf 92' lang='lat' dir='ltr'><strong>gener</strong></span> 
     </span>
     <span class='ocr_line' id='line_1_33' title="bbox 320 4251 1640 4341; baseline -0.005 -23"><span class='ocrx_word' id='word_1_311' title='bbox 320 4277 422 4331; x_wconf 92' lang='lat' dir='ltr'><strong>meus,</strong></span> <span class='ocrx_word' id='word_1_312' title='bbox 452 4257 501 4320; x_wconf 90' lang='lat' dir='ltr'><strong>cui</strong></span> <span class='ocrx_word' id='word_1_313' title='bbox 523 4256 659 4320; x_wconf 83' lang='lat' dir='ltr'><strong>fructum</strong></span> <span class='ocrx_word' id='word_1_314' title='bbox 681 4257 808 4341; x_wconf 91' lang='lat' dir='ltr'><strong>pietatis</strong></span> <span class='ocrx_word' id='word_1_315' title='bbox 832 4275 907 4318; x_wconf 88' lang='lat' dir='ltr'><strong>suae</strong></span> <span class='ocrx_word' id='word_1_316' title='bbox 929 4275 1034 4338; x_wconf 93' lang='lat' dir='ltr'><strong>neque</strong></span> <span class='ocrx_word' id='word_1_317' title='bbox 1057 4275 1098 4316; x_wconf 84' lang='lat' dir='ltr'><strong>ex</strong></span> <span class='ocrx_word' id='word_1_318' title='bbox 1118 4273 1296 4336; x_wconf 84' lang='lat' dir='ltr'><strong>meaeque</strong></span> <span class='ocrx_word' id='word_1_319' title='bbox 1318 4273 1337 4315; x_wconf 91' lang='lat' dir='ltr'><strong>a</strong></span> <span class='ocrx_word' id='word_1_320' title='bbox 1358 4251 1477 4335; x_wconf 93' lang='lat' dir='ltr'><strong>populo</strong></span> <span class='ocrx_word' id='word_1_321' title='bbox 1499 4252 1640 4314; x_wconf 86' lang='lat' dir='ltr'><strong>Romano</strong></span> 
     </span>
     <span class='ocr_line' id='line_1_34' title="bbox 318 4346 1641 4436; baseline -0.006 -23"><span class='ocrx_word' id='word_1_322' title='bbox 318 4350 401 4414; x_wconf 80' lang='lat' dir='ltr'><strong>ferre</strong></span> <span class='ocrx_word' id='word_1_323' title='bbox 430 4351 534 4426; x_wconf 88' lang='lat' dir='ltr'><strong>licuit,</strong></span> <span class='ocrx_word' id='word_1_324' title='bbox 565 4372 584 4415; x_wconf 90' lang='lat' dir='ltr'><strong>a</strong></span> <span class='ocrx_word' id='word_1_325' title='bbox 611 4352 790 4436; x_wconf 91' lang='lat' dir='ltr'><strong>propinquo</strong></span> <span class='ocrx_word' id='word_1_326' title='bbox 815 4371 873 4414; x_wconf 87' lang='lat' dir='ltr'><strong>suo</strong></span> <span class='ocrx_word' id='word_1_327' title='bbox 895 4369 1039 4413; x_wconf 89' lang='lat' dir='ltr'><strong>socerum</strong></span> <span class='ocrx_word' id='word_1_328' title='bbox 1061 4368 1153 4412; x_wconf 90' lang='lat' dir='ltr'><strong>snum</strong></span> <span class='ocrx_word' id='word_1_329' title='bbox 1177 4348 1356 4430; x_wconf 84' lang='lat' dir='ltr'><strong>flagitabat:</strong></span> <span class='ocrx_word' id='word_1_330' title='bbox 1385 4346 1491 4410; x_wconf 87' lang='lat' dir='ltr'><strong>omnia</strong></span> <span class='ocrx_word' id='word_1_331' title='bbox 1513 4349 1641 4407; x_wconf 89' lang='lat' dir='ltr'><strong>senatus</strong></span> 
     </span>
     <span class='ocr_line' id='line_1_35' title="bbox 319 4435 1642 4527; baseline -0.004 -23"><span class='ocrx_word' id='word_1_332' title='bbox 319 4443 497 4517; x_wconf 89' lang='lat' dir='ltr'><strong>reiiciebat,</strong></span> <span class='ocrx_word' id='word_1_333' title='bbox 525 4443 587 4507; x_wconf 90' lang='lat' dir='ltr'><strong>nisi</strong></span> <span class='ocrx_word' id='word_1_334' title='bbox 610 4445 721 4507; x_wconf 90' lang='lat' dir='ltr'><strong>deme</strong></span> <span class='ocrx_word' id='word_1_335' title='bbox 749 4444 883 4527; x_wconf 89' lang='lat' dir='ltr'><strong>primum</strong></span> <span class='ocrx_word' id='word_1_336' title='bbox 906 4442 1052 4506; x_wconf 91' lang='lat' dir='ltr'><strong>consules</strong></span> <span class='ocrx_word' id='word_1_337' title='bbox 1074 4443 1279 4505; x_wconf 89' lang='lat' dir='ltr'><strong>rettulissent.</strong></span> <span class='ocrx_word' id='word_1_338' title='bbox 1323 4440 1455 4503; x_wconf 84' lang='lat' dir='ltr'><strong>xxxfl.</strong></span> <span class='ocrx_word' id='word_1_339' title='bbox 1478 4435 1530 4500; x_wconf 90' lang='grc'><strong>69.</strong></span> <span class='ocrx_word' id='word_1_340' title='bbox 1553 4436 1642 4513; x_wconf 87' lang='lat' dir='ltr'><strong>Quae</strong></span> 
     </span>
     <span class='ocr_line' id='line_1_36' title="bbox 283 4531 1642 4618; baseline -0.003 -22"><span class='ocrx_word' id='word_1_341' title='bbox 283 4550 392 4601; x_wconf 80' lang='lat' dir='ltr'><strong>escum</strong></span> <span class='ocrx_word' id='word_1_342' title='bbox 420 4557 471 4600; x_wconf 89' lang='lat' dir='ltr'><strong>res</strong></span> <span class='ocrx_word' id='word_1_343' title='bbox 499 4538 560 4601; x_wconf 89' lang='lat' dir='ltr'><strong>iam</strong></span> <span class='ocrx_word' id='word_1_344' title='bbox 583 4538 727 4603; x_wconf 90' lang='lat' dir='ltr'><strong>manibus</strong></span> <span class='ocrx_word' id='word_1_345' title='bbox 749 4545 908 4602; x_wconf 90' lang='lat' dir='ltr'><strong>teneretur</strong></span> <span class='ocrx_word' id='word_1_346' title='bbox 930 4543 1054 4600; x_wconf 91' lang='lat' dir='ltr'><strong>etcum</strong></span> <span class='ocrx_word' id='word_1_347' title='bbox 1076 4536 1221 4599; x_wconf 90' lang='lat' dir='ltr'><strong>consules</strong></span> <span class='ocrx_word' id='word_1_348' title='bbox 1242 4534 1474 4618; x_wconf 83' lang='lat' dir='ltr'><strong>provinciarum</strong></span> <span class='ocrx_word' id='word_1_349' title='bbox 1495 4531 1642 4615; x_wconf 85' lang='lat' dir='ltr'><strong>pactione</strong></span> 
     </span>
    </p>
   </div>
   <div class='ocr_carea' id='block_1_4' title="bbox 320 4885 1650 5920">
    <p class='ocr_par' dir='ltr' id='par_1_4' title="bbox 320 4885 1650 5920">
     <span class='ocr_line' id='line_1_37' title="bbox 387 4885 1640 4953; baseline -0.006 -11"><span class='ocrx_word' id='word_1_350' title='bbox 387 4893 410 4942; x_wconf 89' lang='lat' dir='ltr'><strong>t.</strong></span> <span class='ocrx_word' id='word_1_351' title='bbox 425 4890 555 4953; x_wconf 73' lang='lat' dir='ltr'><strong>protelatio</strong></span> <span class='ocrx_word' id='word_1_352' title='bbox 571 4893 590 4941; x_wconf 89' lang='lat' dir='ltr'>P</span> <span class='ocrx_word' id='word_1_353' title='bbox 609 4916 636 4926; x_wconf 92' lang='lat'><strong>-·</strong></span> <span class='ocrx_word' id='word_1_354' title='bbox 654 4893 700 4940; x_wconf 82' lang='lat' dir='ltr'><strong>out</strong></span> <span class='ocrx_word' id='word_1_355' title='bbox 713 4889 815 4953; x_wconf 66' lang='lat' dir='ltr'><strong>modos</strong></span> <span class='ocrx_word' id='word_1_356' title='bbox 831 4890 893 4939; x_wconf 90' lang='lat' dir='ltr'><strong>PG:</strong></span> <span class='ocrx_word' id='word_1_357' title='bbox 920 4894 966 4939; x_wconf 83' lang='lat' dir='ltr'><strong>out</strong></span> <span class='ocrx_word' id='word_1_358' title='bbox 982 4889 1132 4952; x_wconf 63' lang='lat' dir='ltr'><strong>assuendus</strong></span> <span class='ocrx_word' id='word_1_359' title='bbox 1149 4890 1168 4939; x_wconf 88' lang='lat' dir='ltr'>L</span> <span class='ocrx_word' id='word_1_360' title='bbox 1186 4889 1213 4938; x_wconf 93' lang='lat' dir='ltr'><strong>et</strong></span> <span class='ocrx_word' id='word_1_361' title='bbox 1229 4886 1290 4937; x_wconf 89' lang='lat' dir='ltr'><strong>edd.</strong></span> <span class='ocrx_word' id='word_1_362' title='bbox 1308 4887 1390 4945; x_wconf 74' lang='lat' dir='ltr'><strong>vett,</strong></span> <span class='ocrx_word' id='word_1_363' title='bbox 1408 4885 1594 4949; x_wconf 72' lang='lat' dir='ltr'><strong>aasmeudoeo</strong></span> <span class='ocrx_word' id='word_1_364' title='bbox 1614 4910 1640 4920; x_wconf 93' lang='lat'><em>-</em></span> 
     </span>
     <span class='ocr_line' id='line_1_38' title="bbox 320 4960 1642 5030; baseline -0.008 -12"><span class='ocrx_word' id='word_1_365' title='bbox 320 4966 507 5030; x_wconf 73' lang='lat' dir='ltr'><strong>reperiebantur</strong></span> <span class='ocrx_word' id='word_1_366' title='bbox 522 4961 581 5017; x_wconf 88' lang='lat' dir='ltr'><strong>P¹G</strong></span> <span class='ocrx_word' id='word_1_367' title='bbox 598 4991 625 5001; x_wconf 92' lang='lat'><em>-</em></span> <span class='ocrx_word' id='word_1_368' title='bbox 649 4965 674 5016; x_wconf 91' lang='grc'><strong>3.</strong></span> <span class='ocrx_word' id='word_1_369' title='bbox 692 4977 741 5014; x_wconf 74' lang='grc' dir='ltr'><strong>νοω</strong></span> <span class='ocrx_word' id='word_1_370' title='bbox 755 4970 811 5014; x_wconf 82' lang='lat' dir='ltr'><strong>erat</strong></span> <span class='ocrx_word' id='word_1_371' title='bbox 828 4966 890 5014; x_wconf 85' lang='lat' dir='ltr'><strong>PG:</strong></span> <span class='ocrx_word' id='word_1_372' title='bbox 912 4970 968 5014; x_wconf 66' lang='lat' dir='ltr'><strong>mot</strong></span> <span class='ocrx_word' id='word_1_373' title='bbox 984 4978 1037 5014; x_wconf 87' lang='lat' dir='ltr'><strong>orn.</strong></span> <span class='ocrx_word' id='word_1_374' title='bbox 1056 4963 1102 5014; x_wconf 94' lang='lat' dir='ltr'><strong>d0</strong></span> <span class='ocrx_word' id='word_1_375' title='bbox 1121 4990 1147 4999; x_wconf 97' lang='lat'><em>-</em></span> <span class='ocrx_word' id='word_1_376' title='bbox 1171 4977 1238 5013; x_wconf 78' lang='lat' dir='ltr'><strong>anno</strong></span> <span class='ocrx_word' id='word_1_377' title='bbox 1260 4975 1314 5012; x_wconf 87' lang='lat' dir='ltr'><strong>om.</strong></span> <span class='ocrx_word' id='word_1_378' title='bbox 1332 4960 1362 5011; x_wconf 78' lang='lat' dir='ltr'><strong>Pl</strong></span> <span class='ocrx_word' id='word_1_379' title='bbox 1380 4987 1407 4995; x_wconf 88' lang='lat'>-</span> <span class='ocrx_word' id='word_1_380' title='bbox 1434 4961 1459 5010; x_wconf 82' lang='lat' dir='ltr'><strong>e.</strong></span> <span class='ocrx_word' id='word_1_381' title='bbox 1477 4973 1495 5009; x_wconf 85' lang='lat' dir='ltr'><strong>o</strong></span> <span class='ocrx_word' id='word_1_382' title='bbox 1510 4971 1560 5010; x_wconf 81' lang='lat' dir='ltr'><strong>sen.</strong></span> <span class='ocrx_word' id='word_1_383' title='bbox 1579 4960 1642 5010; x_wconf 88' lang='lat' dir='ltr'><strong>PG:</strong></span> 
     </span>
     <span class='ocr_line' id='line_1_39' title="bbox 322 5034 1644 5103; baseline -0.005 -13"><span class='ocrx_word' id='word_1_384' title='bbox 322 5041 354 5090; x_wconf 86' lang='lat' dir='ltr'><strong>ob</strong></span> <span class='ocrx_word' id='word_1_385' title='bbox 369 5054 420 5091; x_wconf 78' lang='lat' dir='ltr'><strong>seo.</strong></span> <span class='ocrx_word' id='word_1_386' title='bbox 439 5040 483 5090; x_wconf 91' lang='lat' dir='ltr'><strong>a0</strong></span> <span class='ocrx_word' id='word_1_387' title='bbox 503 5065 529 5077; x_wconf 95' lang='lat'>-</span> <span class='ocrx_word' id='word_1_388' title='bbox 551 5042 574 5091; x_wconf 82' lang='lat'><strong>6.</strong></span> <span class='ocrx_word' id='word_1_389' title='bbox 593 5040 733 5091; x_wconf 77' lang='lat' dir='ltr'><strong>consolatos</strong></span> <span class='ocrx_word' id='word_1_390' title='bbox 749 5037 778 5091; x_wconf 74' lang='grc' dir='ltr'><strong>4)ι</strong></span> <span class='ocrx_word' id='word_1_391' title='bbox 797 5066 825 5076; x_wconf 90' lang='grc'><strong>-</strong></span> <span class='ocrx_word' id='word_1_392' title='bbox 843 5040 867 5088; x_wconf 81' lang='grc'><strong>7.</strong></span> <span class='ocrx_word' id='word_1_393' title='bbox 885 5039 983 5103; x_wconf 80' lang='lat' dir='ltr'><strong>inprobi</strong></span> <span class='ocrx_word' id='word_1_394' title='bbox 1001 5042 1019 5089; x_wconf 88' lang='grc' dir='ltr'>Ρ</span> <span class='ocrx_word' id='word_1_395' title='bbox 1039 5066 1066 5076; x_wconf 99' lang='grc'>-</span> <span class='ocrx_word' id='word_1_396' title='bbox 1091 5040 1115 5088; x_wconf 88' lang='grc'><strong>9.</strong></span> <span class='ocrx_word' id='word_1_397' title='bbox 1133 5039 1193 5088; x_wconf 82' lang='lat' dir='ltr'><strong>baec</strong></span> <span class='ocrx_word' id='word_1_398' title='bbox 1210 5040 1231 5087; x_wconf 94' lang='lat' dir='ltr'>G</span> <span class='ocrx_word' id='word_1_399' title='bbox 1253 5064 1281 5072; x_wconf 95' lang='lat'><em>-</em></span> <span class='ocrx_word' id='word_1_400' title='bbox 1304 5037 1442 5099; x_wconf 59' lang='lat' dir='ltr'><strong>siquando</strong></span> <span class='ocrx_word' id='word_1_401' title='bbox 1458 5039 1491 5086; x_wconf 88' lang='lat' dir='ltr'><strong>P:</strong></span> <span class='ocrx_word' id='word_1_402' title='bbox 1515 5034 1644 5097; x_wconf 55' lang='lat' dir='ltr'><strong>ducents</strong></span> 
     </span>
     <span class='ocr_line' id='line_1_40' title="bbox 322 5108 1642 5179; baseline -0.005 -14"><span class='ocrx_word' id='word_1_403' title='bbox 322 5117 381 5165; x_wconf 93' lang='lat' dir='ltr'><strong>GO.</strong></span> <span class='ocrx_word' id='word_1_404' title='bbox 400 5116 438 5166; x_wconf 89' lang='lat' dir='ltr'><strong>Cl.</strong></span> <span class='ocrx_word' id='word_1_405' title='bbox 457 5129 483 5179; x_wconf 91' lang='lat' dir='ltr'><strong>p.</strong></span> <span class='ocrx_word' id='word_1_406' title='bbox 502 5116 605 5176; x_wconf 84' lang='lat' dir='ltr'><strong>Quinct.</strong></span> <span class='ocrx_word' id='word_1_407' title='bbox 623 5116 638 5179; x_wconf 71' lang='lat' dir='ltr'>S</span> <span class='ocrx_word' id='word_1_408' title='bbox 655 5114 696 5166; x_wconf 87' lang='grc'><strong>43.</strong></span> <span class='ocrx_word' id='word_1_409' title='bbox 714 5112 779 5165; x_wconf 90' lang='lat' dir='ltr'><strong>Pbil.</strong></span> <span class='ocrx_word' id='word_1_410' title='bbox 797 5115 844 5175; x_wconf 85' lang='lat'><strong>111,</strong></span> <span class='ocrx_word' id='word_1_411' title='bbox 863 5113 878 5178; x_wconf 71' lang='lat'><strong>5</strong></span> <span class='ocrx_word' id='word_1_412' title='bbox 897 5115 907 5163; x_wconf 99' lang='grc'><strong>4</strong></span> <span class='ocrx_word' id='word_1_413' title='bbox 929 5117 956 5165; x_wconf 88' lang='lat' dir='ltr'><strong>et</strong></span> <span class='ocrx_word' id='word_1_414' title='bbox 972 5112 1006 5163; x_wconf 89' lang='lat' dir='ltr'><strong>de</strong></span> <span class='ocrx_word' id='word_1_415' title='bbox 1024 5113 1119 5163; x_wconf 88' lang='lat' dir='ltr'><strong>eadem</strong></span> <span class='ocrx_word' id='word_1_416' title='bbox 1136 5125 1165 5161; x_wconf 88' lang='lat' dir='ltr'><strong>re</strong></span> <span class='ocrx_word' id='word_1_417' title='bbox 1183 5124 1223 5161; x_wconf 91' lang='lat' dir='ltr'><strong>or.</strong></span> <span class='ocrx_word' id='word_1_418' title='bbox 1242 5111 1276 5161; x_wconf 92' lang='lat' dir='ltr'><strong>de</strong></span> <span class='ocrx_word' id='word_1_419' title='bbox 1293 5111 1374 5161; x_wconf 88' lang='lat' dir='ltr'><strong>domo</strong></span> <span class='ocrx_word' id='word_1_420' title='bbox 1390 5123 1439 5161; x_wconf 86' lang='lat' dir='ltr'><strong>sna</strong></span> <span class='ocrx_word' id='word_1_421' title='bbox 1456 5108 1472 5174; x_wconf 66' lang='grc' dir='ltr'><strong>ἓ</strong></span> <span class='ocrx_word' id='word_1_422' title='bbox 1488 5110 1530 5159; x_wconf 76' lang='grc'><strong>33.</strong></span> <span class='ocrx_word' id='word_1_423' title='bbox 1548 5109 1575 5159; x_wconf 90' lang='lat' dir='ltr'><strong>in</strong></span> <span class='ocrx_word' id='word_1_424' title='bbox 1591 5108 1642 5161; x_wconf 91' lang='lat' dir='ltr'><strong>Pis.</strong></span> 
     </span>
     <span class='ocr_line' id='line_1_41' title="bbox 323 5183 1642 5253; baseline -0.005 -15"><span class='ocrx_word' id='word_1_425' title='bbox 323 5188 396 5253; x_wconf 71' lang='lat'><strong>8²7·</strong></span> <span class='ocrx_word' id='word_1_426' title='bbox 416 5217 443 5228; x_wconf 96' lang='lat'><em>-</em></span> <span class='ocrx_word' id='word_1_427' title='bbox 463 5192 502 5241; x_wconf 81' lang='lat' dir='ltr'><strong>to.</strong></span> <span class='ocrx_word' id='word_1_428' title='bbox 520 5190 684 5240; x_wconf 63' lang='lat' dir='ltr'><strong>iovmttsrlmis</strong></span> <span class='ocrx_word' id='word_1_429' title='bbox 701 5190 721 5239; x_wconf 87' lang='lat' dir='ltr'>G</span> <span class='ocrx_word' id='word_1_430' title='bbox 740 5215 767 5224; x_wconf 90' lang='lat'>-</span> <span class='ocrx_word' id='word_1_431' title='bbox 791 5188 885 5251; x_wconf 80' lang='lat' dir='ltr'><strong>optumi</strong></span> <span class='ocrx_word' id='word_1_432' title='bbox 901 5190 921 5239; x_wconf 91' lang='lat' dir='ltr'>P</span> <span class='ocrx_word' id='word_1_433' title='bbox 940 5214 967 5223; x_wconf 94' lang='lat'><em>-</em></span> <span class='ocrx_word' id='word_1_434' title='bbox 991 5188 1031 5237; x_wconf 90' lang='lat' dir='ltr'><strong>lt.</strong></span> <span class='ocrx_word' id='word_1_435' title='bbox 1049 5188 1075 5248; x_wconf 85' lang='lat' dir='ltr'><strong>o]</strong></span> <span class='ocrx_word' id='word_1_436' title='bbox 1093 5189 1160 5237; x_wconf 85' lang='lat' dir='ltr'><strong>ooG</strong></span> <span class='ocrx_word' id='word_1_437' title='bbox 1180 5214 1207 5222; x_wconf 95' lang='lat'><em>-</em></span> <span class='ocrx_word' id='word_1_438' title='bbox 1228 5187 1267 5236; x_wconf 80' lang='lat' dir='ltr'><strong>ts.</strong></span> <span class='ocrx_word' id='word_1_439' title='bbox 1284 5185 1390 5247; x_wconf 81' lang='lat' dir='ltr'><strong>sopitam</strong></span> <span class='ocrx_word' id='word_1_440' title='bbox 1406 5186 1423 5234; x_wconf 85' lang='lat' dir='ltr'>S</span> <span class='ocrx_word' id='word_1_441' title='bbox 1441 5186 1468 5235; x_wconf 90' lang='lat' dir='ltr'><strong>et</strong></span> <span class='ocrx_word' id='word_1_442' title='bbox 1485 5183 1642 5235; x_wconf 85' lang='lat' dir='ltr'><strong>Lambinus:</strong></span> 
     </span>
     <span class='ocr_line' id='line_1_42' title="bbox 321 5258 1642 5325; baseline -0.005 -12"><span class='ocrx_word' id='word_1_443' title='bbox 321 5263 420 5314; x_wconf 67' lang='lat' dir='ltr'><strong>eoldum</strong></span> <span class='ocrx_word' id='word_1_444' title='bbox 436 5263 477 5325; x_wconf 89' lang='lat' dir='ltr'><strong>P¹;</strong></span> <span class='ocrx_word' id='word_1_445' title='bbox 494 5266 619 5316; x_wconf 75' lang='lat' dir='ltr'><strong>insolitam</strong></span> <span class='ocrx_word' id='word_1_446' title='bbox 635 5266 656 5314; x_wconf 94' lang='lat' dir='ltr'>G</span> <span class='ocrx_word' id='word_1_447' title='bbox 673 5265 700 5314; x_wconf 91' lang='lat' dir='ltr'><strong>et</strong></span> <span class='ocrx_word' id='word_1_448' title='bbox 716 5266 735 5314; x_wconf 89' lang='lat' dir='ltr'>P</span> <span class='ocrx_word' id='word_1_449' title='bbox 753 5276 822 5315; x_wconf 91' lang='lat' dir='ltr'><strong>corr.</strong></span> <span class='ocrx_word' id='word_1_450' title='bbox 841 5276 878 5313; x_wconf 89' lang='lat' dir='ltr'><strong>m.</strong></span> <span class='ocrx_word' id='word_1_451' title='bbox 891 5263 915 5312; x_wconf 75' lang='lat'><strong>2.</strong></span> <span class='ocrx_word' id='word_1_452' title='bbox 936 5287 963 5297; x_wconf 95' lang='lat'>-</span> <span class='ocrx_word' id='word_1_453' title='bbox 982 5263 1115 5324; x_wconf 67' lang='lat' dir='ltr'><strong>aepistola</strong></span> <span class='ocrx_word' id='word_1_454' title='bbox 1131 5264 1149 5312; x_wconf 87' lang='lat' dir='ltr'>P</span> <span class='ocrx_word' id='word_1_455' title='bbox 1165 5288 1191 5297; x_wconf 94' lang='lat'><em>-</em></span> <span class='ocrx_word' id='word_1_456' title='bbox 1212 5260 1251 5311; x_wconf 89' lang='grc'><strong>43.</strong></span> <span class='ocrx_word' id='word_1_457' title='bbox 1270 5260 1332 5310; x_wconf 73' lang='lat' dir='ltr'><strong>otuu</strong></span> <span class='ocrx_word' id='word_1_458' title='bbox 1347 5261 1395 5309; x_wconf 90' lang='lat' dir='ltr'><strong>PG</strong></span> <span class='ocrx_word' id='word_1_459' title='bbox 1414 5285 1441 5295; x_wconf 92' lang='grc'>-</span> <span class='ocrx_word' id='word_1_460' title='bbox 1461 5258 1501 5311; x_wconf 82' lang='lat' dir='ltr'><strong>tl.</strong></span> <span class='ocrx_word' id='word_1_461' title='bbox 1520 5260 1597 5310; x_wconf 74' lang='lat' dir='ltr'><strong>bosus</strong></span> <span class='ocrx_word' id='word_1_462' title='bbox 1613 5259 1642 5308; x_wconf 89' lang='lat' dir='ltr'><strong>S:</strong></span> 
     </span>
     <span class='ocr_line' id='line_1_43' title="bbox 322 5333 1645 5405; baseline -0.003 -17"><span class='ocrx_word' id='word_1_463' title='bbox 322 5338 385 5388; x_wconf 78' lang='lat' dir='ltr'><strong>ciuis</strong></span> <span class='ocrx_word' id='word_1_464' title='bbox 400 5341 449 5389; x_wconf 90' lang='lat' dir='ltr'><strong>PG</strong></span> <span class='ocrx_word' id='word_1_465' title='bbox 461 5365 488 5375; x_wconf 93' lang='lat'>-</span> <span class='ocrx_word' id='word_1_466' title='bbox 500 5341 579 5404; x_wconf 70' lang='lat' dir='ltr'><strong>pomis</strong></span> <span class='ocrx_word' id='word_1_467' title='bbox 588 5341 656 5405; x_wconf 68' lang='lat' dir='ltr'><strong>feros</strong></span> <span class='ocrx_word' id='word_1_468' title='bbox 667 5342 699 5399; x_wconf 69' lang='lat' dir='ltr'><strong>Pl</strong></span> <span class='ocrx_word' id='word_1_469' title='bbox 717 5343 800 5402; x_wconf 68' lang='lat' dir='ltr'><strong>postu</strong></span> <span class='ocrx_word' id='word_1_470' title='bbox 816 5339 859 5401; x_wconf 78' lang='lat' dir='ltr'><strong>qul</strong></span> <span class='ocrx_word' id='word_1_471' title='bbox 873 5338 1008 5400; x_wconf 77' lang='lat' dir='ltr'><strong>ferosG-</strong></span> <span class='ocrx_word' id='word_1_472' title='bbox 1023 5337 1062 5386; x_wconf 88' lang='grc'><strong>48.</strong></span> <span class='ocrx_word' id='word_1_473' title='bbox 1075 5336 1188 5386; x_wconf 76' lang='lat' dir='ltr'><strong>scelerum</strong></span> <span class='ocrx_word' id='word_1_474' title='bbox 1200 5333 1255 5396; x_wconf 86' lang='lat' dir='ltr'><strong>(litt.</strong></span> <span class='ocrx_word' id='word_1_475' title='bbox 1267 5348 1293 5383; x_wconf 88' lang='lat' dir='ltr'><strong>m</strong></span> <span class='ocrx_word' id='word_1_476' title='bbox 1305 5333 1444 5397; x_wconf 84' lang='lat' dir='ltr'><strong>expuncta)</strong></span> <span class='ocrx_word' id='word_1_477' title='bbox 1456 5334 1476 5384; x_wconf 94' lang='lat' dir='ltr'>P</span> <span class='ocrx_word' id='word_1_478' title='bbox 1489 5359 1517 5371; x_wconf 93' lang='lat'><em>-</em></span> <span class='ocrx_word' id='word_1_479' title='bbox 1530 5334 1645 5384; x_wconf 55' lang='lat' dir='ltr'><strong>condies</strong></span> 
     </span>
     <span class='ocr_line' id='line_1_44' title="bbox 322 5410 1644 5474; baseline -0.006 -8"><span class='ocrx_word' id='word_1_480' title='bbox 322 5415 352 5466; x_wconf 89' lang='lat' dir='ltr'><strong>P¹</strong></span> <span class='ocrx_word' id='word_1_481' title='bbox 371 5440 397 5450; x_wconf 91' lang='lat'><em>-</em></span> <span class='ocrx_word' id='word_1_482' title='bbox 416 5419 452 5465; x_wconf 80' lang='lat' dir='ltr'><strong>set</strong></span> <span class='ocrx_word' id='word_1_483' title='bbox 467 5417 487 5466; x_wconf 91' lang='lat' dir='ltr'>P</span> <span class='ocrx_word' id='word_1_484' title='bbox 504 5441 531 5451; x_wconf 90' lang='lat'>—</span> <span class='ocrx_word' id='word_1_485' title='bbox 552 5416 592 5468; x_wconf 80' lang='grc'><strong>49,</strong></span> <span class='ocrx_word' id='word_1_486' title='bbox 609 5415 731 5466; x_wconf 73' lang='lat' dir='ltr'><strong>auctorite</strong></span> <span class='ocrx_word' id='word_1_487' title='bbox 746 5416 766 5465; x_wconf 98' lang='lat' dir='ltr'>P</span> <span class='ocrx_word' id='word_1_488' title='bbox 787 5440 812 5449; x_wconf 95' lang='lat'><em>-</em></span> <span class='ocrx_word' id='word_1_489' title='bbox 831 5414 873 5465; x_wconf 73' lang='lat'><strong>20.</strong></span> <span class='ocrx_word' id='word_1_490' title='bbox 891 5417 989 5474; x_wconf 70' lang='lat' dir='ltr'><strong>quodue</strong></span> <span class='ocrx_word' id='word_1_491' title='bbox 1005 5418 1039 5461; x_wconf 83' lang='lat' dir='ltr'><strong>est</strong></span> <span class='ocrx_word' id='word_1_492' title='bbox 1055 5412 1084 5462; x_wconf 86' lang='lat' dir='ltr'><strong>dc</strong></span> <span class='ocrx_word' id='word_1_493' title='bbox 1099 5415 1182 5474; x_wconf 83' lang='lat' dir='ltr'><strong>procl.</strong></span> <span class='ocrx_word' id='word_1_494' title='bbox 1202 5413 1264 5462; x_wconf 88' lang='lat' dir='ltr'><strong>PG:</strong></span> <span class='ocrx_word' id='word_1_495' title='bbox 1287 5411 1316 5459; x_wconf 83' lang='lat' dir='ltr'><strong>ds</strong></span> <span class='ocrx_word' id='word_1_496' title='bbox 1329 5414 1412 5470; x_wconf 83' lang='lat' dir='ltr'><strong>praet.</strong></span> <span class='ocrx_word' id='word_1_497' title='bbox 1432 5413 1530 5471; x_wconf 70' lang='lat' dir='ltr'><strong>questas</strong></span> <span class='ocrx_word' id='word_1_498' title='bbox 1548 5413 1584 5459; x_wconf 82' lang='lat' dir='ltr'><strong>est</strong></span> <span class='ocrx_word' id='word_1_499' title='bbox 1600 5410 1644 5458; x_wconf 88' lang='lat' dir='ltr'><strong>e0</strong></span> 
     </span>
     <span class='ocr_line' id='line_1_45' title="bbox 325 5483 1645 5550; baseline -0.005 -9"><span class='ocrx_word' id='word_1_500' title='bbox 325 5517 352 5527; x_wconf 98' lang='lat'>-</span> <span class='ocrx_word' id='word_1_501' title='bbox 371 5492 413 5541; x_wconf 71' lang='grc'><strong>44.</strong></span> <span class='ocrx_word' id='word_1_502' title='bbox 430 5491 508 5541; x_wconf 72' lang='lat' dir='ltr'><strong>cumr</strong></span> <span class='ocrx_word' id='word_1_503' title='bbox 523 5489 552 5541; x_wconf 91' lang='lat' dir='ltr'><strong>P¹</strong></span> <span class='ocrx_word' id='word_1_504' title='bbox 570 5517 597 5528; x_wconf 94' lang='lat'>-</span> <span class='ocrx_word' id='word_1_505' title='bbox 622 5492 652 5541; x_wconf 85' lang='lat' dir='ltr'><strong>de</strong></span> <span class='ocrx_word' id='word_1_506' title='bbox 665 5519 675 5543; x_wconf 84' lang='lat'><strong>.</strong></span> <span class='ocrx_word' id='word_1_507' title='bbox 689 5490 771 5540; x_wconf 70' lang='lat' dir='ltr'><strong>redito</strong></span> <span class='ocrx_word' id='word_1_508' title='bbox 787 5487 824 5547; x_wconf 82' lang='lat' dir='ltr'><strong>P¹,</strong></span> <span class='ocrx_word' id='word_1_509' title='bbox 842 5501 896 5538; x_wconf 83' lang='lat' dir='ltr'><strong>meo</strong></span> <span class='ocrx_word' id='word_1_510' title='bbox 913 5489 1051 5550; x_wconf 89' lang='lat' dir='ltr'><strong>estsuper</strong></span> <span class='ocrx_word' id='word_1_511' title='bbox 1067 5498 1200 5546; x_wconf 87' lang='lat' dir='ltr'><strong>rasuram,</strong></span> <span class='ocrx_word' id='word_1_512' title='bbox 1220 5498 1257 5535; x_wconf 92' lang='lat' dir='ltr'><strong>m.</strong></span> <span class='ocrx_word' id='word_1_513' title='bbox 1276 5485 1301 5544; x_wconf 90' lang='lat' dir='ltr'><strong>t,</strong></span> <span class='ocrx_word' id='word_1_514' title='bbox 1318 5486 1348 5533; x_wconf 88' lang='lat' dir='ltr'><strong>nt</strong></span> <span class='ocrx_word' id='word_1_515' title='bbox 1364 5483 1476 5533; x_wconf 88' lang='lat' dir='ltr'><strong>videtur.</strong></span> <span class='ocrx_word' id='word_1_516' title='bbox 1499 5510 1525 5520; x_wconf 91' lang='lat'><em>-</em></span> <span class='ocrx_word' id='word_1_517' title='bbox 1544 5484 1585 5535; x_wconf 72' lang='lat'><strong>22.</strong></span> <span class='ocrx_word' id='word_1_518' title='bbox 1605 5485 1645 5535; x_wconf 83' lang='lat' dir='ltr'><strong>.K.</strong></span> 
     </span>
     <span class='ocr_line' id='line_1_46' title="bbox 322 5557 1645 5624; baseline -0.005 -8"><span class='ocrx_word' id='word_1_519' title='bbox 322 5567 398 5616; x_wconf 79' lang='lat' dir='ltr'><strong>luetis</strong></span> <span class='ocrx_word' id='word_1_520' title='bbox 414 5566 571 5616; x_wconf 58' lang='lat' dir='ltr'><strong>diem</strong></span> <span class='ocrx_word' id='word_1_521' title='bbox 587 5568 606 5616; x_wconf 86' lang='lat' dir='ltr'>P</span> <span class='ocrx_word' id='word_1_522' title='bbox 626 5591 653 5601; x_wconf 91' lang='lat'><em>-</em></span> <span class='ocrx_word' id='word_1_523' title='bbox 680 5563 721 5614; x_wconf 74' lang='lat' dir='ltr'><strong>sl.</strong></span> <span class='ocrx_word' id='word_1_524' title='bbox 739 5564 816 5613; x_wconf 75' lang='lat' dir='ltr'><strong>aestio</strong></span> <span class='ocrx_word' id='word_1_525' title='bbox 837 5564 881 5624; x_wconf 79' lang='lat' dir='ltr'><strong>qui</strong></span> <span class='ocrx_word' id='word_1_526' title='bbox 896 5563 916 5612; x_wconf 98' lang='lat' dir='ltr'>P</span> <span class='ocrx_word' id='word_1_527' title='bbox 934 5586 962 5596; x_wconf 90' lang='lat'>-</span> <span class='ocrx_word' id='word_1_528' title='bbox 986 5561 1027 5611; x_wconf 73' lang='lat'><strong>26.</strong></span> <span class='ocrx_word' id='word_1_529' title='bbox 1046 5573 1191 5623; x_wconf 77' lang='lat' dir='ltr'><strong>quocunque</strong></span> <span class='ocrx_word' id='word_1_530' title='bbox 1207 5559 1227 5609; x_wconf 92' lang='lat'>0</span> <span class='ocrx_word' id='word_1_531' title='bbox 1251 5584 1277 5592; x_wconf 88' lang='lat'>-</span> <span class='ocrx_word' id='word_1_532' title='bbox 1300 5557 1340 5607; x_wconf 76' lang='lat'><strong>27.</strong></span> <span class='ocrx_word' id='word_1_533' title='bbox 1359 5557 1479 5607; x_wconf 65' lang='lat' dir='ltr'><strong>turibium</strong></span> <span class='ocrx_word' id='word_1_534' title='bbox 1495 5572 1599 5620; x_wconf 73' lang='lat' dir='ltr'><strong>meosque</strong></span> <span class='ocrx_word' id='word_1_535' title='bbox 1615 5561 1645 5619; x_wconf 84' lang='lat' dir='ltr'><strong>G,</strong></span> 
     </span>
     <span class='ocr_line' id='line_1_47' title="bbox 324 5634 1648 5704; baseline -0.008 -12"><span class='ocrx_word' id='word_1_536' title='bbox 324 5641 373 5693; x_wconf 91' lang='lat' dir='ltr'><strong>sed</strong></span> <span class='ocrx_word' id='word_1_537' title='bbox 389 5654 451 5691; x_wconf 89' lang='lat' dir='ltr'><strong>eum</strong></span> <span class='ocrx_word' id='word_1_538' title='bbox 468 5641 548 5704; x_wconf 80' lang='lat' dir='ltr'><strong>signis</strong></span> <span class='ocrx_word' id='word_1_539' title='bbox 566 5638 773 5702; x_wconf 86' lang='lat' dir='ltr'><strong>transpositionis</strong></span> <span class='ocrx_word' id='word_1_540' title='bbox 791 5640 897 5699; x_wconf 79' lang='lat' dir='ltr'><strong>(cunque</strong></span> <span class='ocrx_word' id='word_1_541' title='bbox 913 5637 941 5698; x_wconf 78' lang='lat'><strong>0)</strong></span> <span class='ocrx_word' id='word_1_542' title='bbox 962 5661 989 5671; x_wconf 91' lang='lat'><em>-</em></span> <span class='ocrx_word' id='word_1_543' title='bbox 1008 5635 1049 5686; x_wconf 76' lang='lat'><strong>28.</strong></span> <span class='ocrx_word' id='word_1_544' title='bbox 1067 5635 1225 5698; x_wconf 66' lang='lat' dir='ltr'><strong>conplector</strong></span> <span class='ocrx_word' id='word_1_545' title='bbox 1240 5634 1274 5682; x_wconf 89' lang='lat' dir='ltr'><strong>G:</strong></span> <span class='ocrx_word' id='word_1_546' title='bbox 1293 5635 1433 5682; x_wconf 75' lang='lat' dir='ltr'><strong>conteretur</strong></span> <span class='ocrx_word' id='word_1_547' title='bbox 1450 5634 1491 5685; x_wconf 76' lang='lat'><strong>1³¹:</strong></span> <span class='ocrx_word' id='word_1_548' title='bbox 1512 5646 1648 5696; x_wconf 75' lang='lat' dir='ltr'><strong>conquere-</strong></span> 
     </span>
     <span class='ocr_line' id='line_1_48' title="bbox 323 5704 1650 5777; baseline -0.007 -10"><span class='ocrx_word' id='word_1_549' title='bbox 323 5722 395 5767; x_wconf 83' lang='lat' dir='ltr'><strong>retur</strong></span> <span class='ocrx_word' id='word_1_550' title='bbox 411 5716 441 5767; x_wconf 73' lang='grc' dir='ltr'><strong>Ρ1</strong></span> <span class='ocrx_word' id='word_1_551' title='bbox 455 5743 479 5754; x_wconf 89' lang='grc'>-</span> <span class='ocrx_word' id='word_1_552' title='bbox 499 5715 541 5766; x_wconf 76' lang='lat'><strong>29.</strong></span> <span class='ocrx_word' id='word_1_553' title='bbox 553 5727 645 5777; x_wconf 76' lang='lat' dir='ltr'><strong>mopso</strong></span> <span class='ocrx_word' id='word_1_554' title='bbox 657 5725 821 5762; x_wconf 80' lang='lat' dir='ltr'><strong>--osaerorc</strong></span> <span class='ocrx_word' id='word_1_555' title='bbox 837 5709 919 5761; x_wconf 87' lang='lat' dir='ltr'><strong>babet</strong></span> <span class='ocrx_word' id='word_1_556' title='bbox 929 5711 950 5760; x_wconf 80' lang='grc'><strong>4</strong></span> <span class='ocrx_word' id='word_1_557' title='bbox 961 5734 994 5745; x_wconf 89' lang='grc'>-</span> <span class='ocrx_word' id='word_1_558' title='bbox 1012 5709 1051 5760; x_wconf 88' lang='grc'><strong>30.</strong></span> <span class='ocrx_word' id='word_1_559' title='bbox 1065 5709 1183 5759; x_wconf 67' lang='lat' dir='ltr'><strong>hemme</strong></span> <span class='ocrx_word' id='word_1_560' title='bbox 1197 5712 1261 5759; x_wconf 90' lang='lat' dir='ltr'><strong>P—</strong></span> <span class='ocrx_word' id='word_1_561' title='bbox 1277 5705 1317 5757; x_wconf 96' lang='grc'><strong>34.</strong></span> <span class='ocrx_word' id='word_1_562' title='bbox 1330 5704 1435 5754; x_wconf 81' lang='lat' dir='ltr'><strong>liberam</strong></span> <span class='ocrx_word' id='word_1_563' title='bbox 1447 5710 1466 5756; x_wconf 90' lang='lat' dir='ltr'>G</span> <span class='ocrx_word' id='word_1_564' title='bbox 1480 5734 1507 5744; x_wconf 96' lang='lat'><em>-</em></span> <span class='ocrx_word' id='word_1_565' title='bbox 1527 5707 1568 5758; x_wconf 71' lang='lat'><strong>32.</strong></span> <span class='ocrx_word' id='word_1_566' title='bbox 1581 5720 1650 5758; x_wconf 82' lang='lat' dir='ltr'><strong>meus</strong></span> 
     </span>
     <span class='ocr_line' id='line_1_49' title="bbox 326 5779 1650 5856; baseline -0.006 -14"><span class='ocrx_word' id='word_1_567' title='bbox 326 5805 380 5842; x_wconf 89' lang='lat' dir='ltr'><strong>om.</strong></span> <span class='ocrx_word' id='word_1_568' title='bbox 393 5792 412 5841; x_wconf 88' lang='lat' dir='ltr'><strong>L</strong></span> <span class='ocrx_word' id='word_1_569' title='bbox 425 5816 452 5826; x_wconf 98' lang='lat'>-</span> <span class='ocrx_word' id='word_1_570' title='bbox 471 5802 549 5852; x_wconf 77' lang='lat' dir='ltr'><strong>ecque</strong></span> <span class='ocrx_word' id='word_1_571' title='bbox 565 5802 583 5839; x_wconf 81' lang='lat' dir='ltr'><strong>a</strong></span> <span class='ocrx_word' id='word_1_572' title='bbox 597 5800 637 5838; x_wconf 81' lang='lat' dir='ltr'><strong>ose</strong></span> <span class='ocrx_word' id='word_1_573' title='bbox 654 5789 673 5837; x_wconf 91' lang='grc'><strong>4.</strong></span> <span class='ocrx_word' id='word_1_574' title='bbox 689 5788 776 5852; x_wconf 78' lang='lat' dir='ltr'><strong>(ecquo</strong></span> <span class='ocrx_word' id='word_1_575' title='bbox 792 5799 825 5837; x_wconf 72' lang='lat' dir='ltr'><strong>ss</strong></span> <span class='ocrx_word' id='word_1_576' title='bbox 840 5797 879 5835; x_wconf 80' lang='lat' dir='ltr'><strong>nse</strong></span> <span class='ocrx_word' id='word_1_577' title='bbox 894 5798 973 5848; x_wconf 78' lang='lat' dir='ltr'><strong>esque</strong></span> <span class='ocrx_word' id='word_1_578' title='bbox 987 5798 1020 5842; x_wconf 78' lang='lat' dir='ltr'><strong>eu</strong></span> <span class='ocrx_word' id='word_1_579' title='bbox 1031 5798 1061 5856; x_wconf 86' lang='lat' dir='ltr'><strong>p.</strong></span> <span class='ocrx_word' id='word_1_580' title='bbox 1073 5786 1101 5835; x_wconf 81' lang='lat' dir='ltr'><strong>ll.</strong></span> <span class='ocrx_word' id='word_1_581' title='bbox 1115 5783 1207 5840; x_wconf 81' lang='lat' dir='ltr'><strong>bamb.</strong></span> <span class='ocrx_word' id='word_1_582' title='bbox 1220 5785 1246 5836; x_wconf 89' lang='lat' dir='ltr'><strong>in</strong></span> <span class='ocrx_word' id='word_1_583' title='bbox 1258 5794 1340 5844; x_wconf 82' lang='lat' dir='ltr'><strong>marg.</strong></span> <span class='ocrx_word' id='word_1_584' title='bbox 1354 5781 1398 5833; x_wconf 87' lang='lat' dir='ltr'><strong>ed.</strong></span> <span class='ocrx_word' id='word_1_585' title='bbox 1412 5780 1497 5845; x_wconf 55' lang='grc'><strong>4384.)</strong></span> <span class='ocrx_word' id='word_1_586' title='bbox 1511 5807 1538 5817; x_wconf 91' lang='grc'>-</span> <span class='ocrx_word' id='word_1_587' title='bbox 1557 5779 1599 5833; x_wconf 78' lang='lat' dir='ltr'><strong>el.</strong></span> <span class='ocrx_word' id='word_1_588' title='bbox 1611 5794 1650 5834; x_wconf 82' lang='lat' dir='ltr'><strong>rs-</strong></span> 
     </span>
     <span class='ocr_line' id='line_1_50' title="bbox 326 5862 939 5920; baseline -0.003 -2"><span class='ocrx_word' id='word_1_589' title='bbox 326 5865 519 5920; x_wconf 71' lang='lat' dir='ltr'><strong>subreto-</strong></span> <span class='ocrx_word' id='word_1_590' title='bbox 538 5862 579 5920; x_wconf 75' lang='grc'><strong>34.</strong></span> <span class='ocrx_word' id='word_1_591' title='bbox 598 5863 890 5915; x_wconf 71' lang='lat' dir='ltr'><strong>tmeech-stom.</strong></span> <span class='ocrx_word' id='word_1_592' title='bbox 909 5862 939 5916; x_wconf 87' lang='lat' dir='ltr'><strong>G.</strong></span> 
     </span>
    </p>
   </div>
   <div class='ocr_carea' id='block_1_5' title="bbox 0 0 1924 7348">
    <p class='ocr_par' dir='ltr' id='par_1_5' title="bbox 0 0 1924 7348">
     <span class='ocr_line' id='line_1_51' title="bbox 0 0 1924 7348; baseline 0 0"><span class='ocrx_word' id='word_1_593' title='bbox 0 0 1924 7348; x_wconf 95' lang='lat' dir='ltr'><strong> </strong></span> 
     </span>
    </p>
   </div>
  </div>
 </body>
</html>
