3800 7350
640 1200 713 1265 cu.
735 1199 1025 1267 xxva-xxix.
1050 1198 1096 1285 ss
1118 1198 1266 1265 os-ro.
1541 1193 1623 1264 ttae

955 1306 973 1344 Ο

299 1389 379 1432 rum.
413 1368 475 1431 Sed
501 1377 538 1431 ut
557 1368 683 1434 redeam
705 1373 745 1434 ad
767 1372 942 1447 Plancium,
966 1391 1137 1454 numquam
1160 1392 1202 1435 ox
1230 1371 1307 1434 urbe
1335 1370 1416 1434 aluit
1441 1369 1502 1433 nisi
1527 1379 1623 1446 rorte,

298 1464 382 1545 lege,
404 1464 601 1526 necessitate.
634 1467 702 1527 Non
725 1465 824 1528 valuit
845 1465 937 1529 rebus
960 1465 1077 1540 isdem,
1099 1465 1216 1549 quihus
1237 1466 1370 1528 fortasse
1392 1485 1456 1528 non
1471 1464 1568 1528 nulli:
1590 1473 1623 1528 at

298 1556 397 1619 valuit
417 1555 617 1632 assiduitate,
647 1555 744 1622 valuit
771 1559 975 1623 observandis
998 1560 1121 1633 amicis,
1148 1559 1247 1623 valuit
1268 1559 1474 1635 liberalitatc;
1500 1559 1562 1622 luit
1588 1561 1621 1623 in

298 1651 416 1723 oculis,
446 1651 574 1732 petivit,
598 1672 634 1715 ea
658 1662 705 1715 est
726 1674 802 1716 usus
824 1655 946 1717 ratione
968 1656 1069 1727 vitae,
1093 1673 1155 1737 qua
1177 1655 1307 1718 minima
1328 1652 1447 1717 invidia
1469 1655 1543 1719 novi
1564 1655 1622 1718 ho·

298 1746 399 1809 mines
421 1744 549 1828 plurimi
571 1754 643 1808 suut
665 1747 792 1810 eosdem
815 1746 952 1811 honores
974 1748 1144 1810 consecuti.
1631 1767 1646 1812 s

381 1838 525 1901 XXVlll.
557 1837 609 1900 68.
641 1842 717 1903 Nam
748 1842 833 1924 quod
860 1842 924 1913 ais,
959 1842 1061 1915 Cassi,
1095 1860 1159 1903 non
1189 1839 1261 1922 plus
1283 1860 1333 1903 mo
1355 1841 1484 1905 Plancio
1505 1844 1621 1907 debere

298 1951 391 2017 quam
420 1933 513 1995 bonis
540 1933 704 2007 omuibus,
735 1934 821 2017 quod
851 1934 889 1996 iis
918 1939 1024 2017 aeque'
1052 1953 1122 1997 mea
1143 1933 1228 1996 salus
1251 1953 1323 1997 cara
1343 1932 1455 2010 luerit,
1485 1956 1544 2018 ego
1570 1955 1621 1999 me

298 2029 413 2091 debere
435 2028 527 2090 bouis
550 2029 696 2092 omnibus
718 2030 835 2103 lateor;
859 2027 915 2089 sed
938 2030 1031 2090 etiam
1055 2027 1094 2102 ii,
1118 2027 1234 2110 quibus
1256 2048 1315 2110 ego
1329 2028 1448 2102 debeo,
1470 2030 1546 2092 boui
1561 2029 1620 2093 riri

298 2130 329 2185 et
357 2122 440 2185 cives
470 2122 605 2185 comitiis
632 2122 784 2186 aediliciis
807 2121 927 2205 aliquid
950 2141 985 2183 se
1007 2141 1078 2184 meo
1101 2123 1227 2185 nomino
1248 2122 1375 2185 Plancio
1398 2121 1513 2186 debere
1535 2123 1621 2188 dico·

295 2216 381 2279 baut
419 2217 537 2278 Verum
567 2213 616 2278 lac
647 2235 696 2279 me
720 2214 824 2278 multis
847 2214 962 2278 debere
984 2224 1016 2279 et
1037 2217 1069 2278 iu
1092 2216 1131 2278 iis
1154 2216 1298 2281 Plancio:
1326 2225 1432 2280 utrum
1453 2217 1549 2300 igitur
1569 2237 1657 2282 mero

296 2309 483 2372 conturbare
505 2315 643 2391 oportet,
666 2329 705 2373 au
728 2309 858 2383 ceteris,
881 2329 951 2372 oum
974 2310 1129 2392 cuiusque
1151 2309 1220 2373 dies
1242 2310 1378 2384 venerit,
1407 2309 1482 2374 huic
1503 2330 1620 2375 nomen

296 2403 384 2487 quod
411 2410 502 2485 urget
534 2422 635 2476 nunc,
665 2423 734 2465 cum
762 2403 894 2486 petitur,
924 2402 1118 2466 dissolveret
1156 2402 1355 2487 Quamquam
1385 2402 1546 2469 dissimilis
1573 2413 1622 2469 ost

294 2498 449 2580 pecuniae
478 2495 596 2559 debitio
625 2504 656 2559 et
684 2497 812 2578 gratiae.
856 2500 934 2559 Nam
964 2498 1019 2581 qui
1051 2498 1217 2580 pecuniam
1239 2498 1401 2571 dissolvit,
1429 2500 1535 2562 statim
1556 2521 1620 2563 non

294 2590 390 2654 habet
411 2590 461 2665 id,
484 2590 570 2674 quod
593 2591 745 2665 reddidit3
774 2592 829 2674 qui
852 2600 957 2654 autom
980 2591 1089 2664 debet,
1119 2592 1146 2653 is
1168 2591 1283 2655 retinet
1304 2586 1460 2655 alienum:
1488 2595 1620 2677 gratiam

295 2693 400 2749 autem
423 2685 529 2765 etqui
553 2684 650 2747 refert
671 2684 766 2747 habet
787 2692 819 2747 et
841 2685 897 2768 qui
919 2684 1015 2748 habet
1036 2686 1069 2747 in
1091 2704 1130 2747 eo
1151 2686 1238 2769 ipso,
1268 2686 1355 2770 quod
1376 2686 1487 2762 hahet,
1515 2686 1658 2751 relenta

293 2781 405 2862 Neque
427 2797 485 2860 ego
507 2797 592 2841 nuno
612 2777 740 2841 Plancio
762 2778 904 2843 desinam
927 2777 1059 2851 debere,
1087 2778 1114 2840 si
1137 2779 1197 2841 hoc
1219 2780 1362 2855 solvero,
1384 2800 1444 2843 neo
1464 2780 1569 2843 miuus
1591 2782 1621 2845 ei

294 2874 458 2938 redderem
480 2874 643 2938 voluntate
665 2876 749 2957 ipsa,
773 2875 799 2937 si
821 2874 881 2936 hoo
903 2872 1067 2935 molestiae
1089 2892 1154 2935 uon
1168 2873 1346 2938 accidisset.
1381 2872 1433 2938 69.
1449 2875 1620 2953 Quaerite

295 2989 360 3045 me,
383 2967 488 3041 Cassi,
511 2968 588 3051 quid
610 2988 665 3051 pro
687 2966 783 3030 fratrc
805 2986 891 3041 mco,
913 2967 969 3049 qui
990 2965 1066 3028 mihi
1089 2974 1136 3029 est
1158 2967 1346 3042 carissimus,
1370 2969 1446 3052 quid
1466 2990 1525 3054 pro
1540 2972 1621 3035 meis

294 3062 415 3135 liberis,
437 3062 553 3144 quibus
576 3061 655 3126 nihil
677 3062 753 3124 mihi
775 3068 879 3145 potest
901 3078 971 3122 esse
993 3058 1171 3135 iucundius,
1194 3061 1329 3145 amplius
1343 3081 1439 3147 quam
1455 3064 1543 3147 quod
1561 3084 1619 3149 pro

292 3154 421 3218 Plancio
442 3153 524 3218 lacio
545 3154 648 3219 lacere
670 3157 808 3238 possim,
831 3173 888 3216 nec
911 3153 1001 3217 vides
1022 3154 1156 3217 istorum
1172 3154 1312 3237 ipsorum
1327 3157 1456 3220 caritate
1469 3159 1509 3220 ad
1523 3157 1658 3226 huiusne

292 3248 425 3312 salutem
448 3248 679 3312 defendendam
708 3250 845 3312 maximo
868 3247 1021 3310 stimulari
1044 3268 1094 3309 me
1116 3254 1213 3330 atque
1234 3249 1375 3311 excitari.
1414 3251 1492 3315 llam
1512 3270 1619 3335 nequa
1648 3292 1655 3307 .

291 3344 353 3407 illis
375 3342 472 3406 huius
494 3342 613 3417 salute,
634 3363 652 3405 a
674 3362 738 3425 quo
761 3360 862 3405 meam
878 3342 981 3404 sciunt
995 3360 1066 3404 esse
1081 3340 1254 3417 defensam,
1276 3341 1450 3426 quidquam
1465 3352 1514 3408 ost
1529 3354 1619 3429 opta-

292 3438 373 3512 tius,
395 3444 427 3498 et
448 3456 508 3519 ego
530 3437 599 3518 ipse
622 3456 795 3520 numquam
818 3435 891 3499 illos
913 3433 1077 3517 adspicio,
1107 3433 1201 3517 quin,
1228 3454 1300 3497 cum
1322 3436 1485 3518 perhanc
1506 3459 1557 3503 me
1578 3441 1618 3504 iis

291 3538 512 3595 conservatum
534 3550 604 3594 esse
628 3530 845 3605 meminerim,
860 3528 962 3592 huius
984 3528 1129 3592 meritum
1151 3528 1184 3591 in
1198 3548 1250 3592 me
1265 3528 1422 3593 recorder.
1456 3530 1617 3615 Opimium

292 3626 472 3690 damnatum
493 3643 564 3689 esse
587 3642 830 3700 commemoras,
861 3630 1053 3687 servatorem
1074 3621 1178 3707 ipsum
1200 3624 1246 3688 rei
1267 3623 1429 3707 publicaea
1461 3624 1654 3690 Calidiumm

291 3719 454 3802 adiungis,
476 3719 565 3782 cuius
587 3719 657 3801 lege
679 3717 718 3793 Q.
743 3716 889 3780 Metellus
911 3719 943 3779 iu
967 3717 1124 3780 civitatem
1147 3719 1189 3781 sit
1210 3719 1387 3781 rosfitutus:
1409 3719 1616 3802 reprehendis

291 3833 376 3878 meas
397 3832 456 3896 pro
478 3811 605 3876 Plancio
626 3833 751 3896 preces,
774 3811 865 3895 quod
884 3829 991 3894 nequo
1013 3809 1157 3892 Opimius
1179 3830 1239 3873 suo
1260 3811 1390 3874 nomino
1410 3813 1561 3878 liberatus
1575 3816 1618 3878 sit

290 3929 394 3993 noque
415 3907 535 3971 Metelli
558 3907 707 3971 Calidius.
751 3906 869 3969 XXIX.
891 3906 937 3966 De
961 3902 1083 3966 Calidio
1106 3902 1162 3964 tibi
1181 3910 1301 3966 tautum
1318 3906 1505 3988 respondeo,
1527 3906 1615 3992 quod

289 4005 358 4086 ipse
378 4001 461 4066 ridi:
484 4001 523 4076 Q.
539 4001 700 4064 Metellum
722 4001 813 4063 Pium
828 3996 990 4063 consulem
1012 3996 1181 4080 praetoriis
1199 3997 1337 4060 comitiis
1357 4005 1487 4081 petente
1501 4001 1540 4076 Q.
1556 4000 1614 4065 Ga·

289 4095 366 4160 lidio
388 4094 506 4180 populo
528 4094 670 4157 Romano
693 4093 908 4176 supplicasse,
938 4109 1009 4152 oum
1032 4088 1160 4173 quidem
1186 4110 1249 4153 non
1272 4090 1431 4155 dubitaret
1450 4101 1483 4156 et
1503 4095 1650 4159 conuulso

289 4199 321 4253 et
340 4188 437 4252 homo
458 4187 675 4251 nobilissimus
697 4193 865 4270 patronum
887 4203 958 4247 esse
978 4182 1069 4245 illum
1091 4203 1183 4246 sunum
1197 4191 1229 4247 et
1243 4183 1382 4248 finiliae
1396 4187 1612 4253 nobilissimae

289 4282 403 4347 dicero.
446 4278 498 4343 70.
522 4281 593 4357 Quo
622 4280 693 4344 loco
723 4298 842 4363 quaero
870 4297 911 4341 ex
939 4284 987 4350 te,
1016 4295 1091 4339 num
1120 4277 1152 4340 id
1181 4278 1214 4340 iu
1236 4278 1353 4342 iudicio
1376 4278 1488 4345 Calidii
1508 4291 1611 4366 putea,

289 4377 375 4461 quod
397 4394 457 4459 ego
479 4375 513 4438 iu
534 4374 654 4439 Plancii
675 4372 777 4448 lario,
799 4379 852 4436 aut
873 4369 1036 4434 Metellum
1057 4370 1164 4445 Pium,
1186 4371 1213 4434 si
1226 4372 1345 4436 Itomae
1358 4391 1429 4437 osso
1443 4376 1611 4457 potuisset,

354 4770 378 4820 4.
397 4766 506 4819 ambe
522 4764 602 4828 4444444
617 4759 1611 4828 83commissum:trwwboodtlsito,quliul'stclegtlnlaoret-

287 4836 1611 4907 tuln-fonda2.rebusiodem-·ossidoituto,ooluitom.T-tiodomlio-&oden-

286 4919 377 4970 orodis
391 4916 625 4979 edilaugoriana:
643 4913 808 4964 adseruundis
826 4913 888 4968 TE;
905 4906 1033 4990 mondjr
1053 4912 1135 4963 ceteri
1152 4910 1229 4961 codd.
1253 4937 1282 4949 -
1303 4913 1352 4976 Μ
1373 4913 1400 4963 in
1416 4914 1493 4964 oculis
1505 4916 1555 4978 14444
1568 4932 1611 4982 po-

287 4994 379 5044 ttoitl'
398 5019 426 5028 -
444 4991 467 5039 7.
487 4989 556 5038 bouis
571 4987 709 5037 4044444444
724 5001 773 5049 quo
789 4987 820 5036 its
836 4987 895 5036 Τ-
915 4986 939 5037 9.
957 4987 1063 5036 comitto
1078 4986 1197 5036 aedtttods
1212 4984 1274 5037 TE:
1292 4988 1412 5038 dediticiis
1425 4989 1532 5041 conitus
1547 4993 1607 5043 0-

283 5063 560 5132 ptouctouaoemTE:
588 5062 929 5113 dederoPlouoioO-to.
951 5061 1609 5123 Vemmmesoomol—s'aom.T-tisl'ilt

286 5142 401 5192 noo-
420 5141 461 5190 44.
479 5138 536 5187 loto
552 5136 720 5187 Wundorus:
738 5137 783 5186 ltoe
799 5135 876 5186 ΤΕΟ
895 5162 923 5171 -
942 5135 982 5184 li.
1002 5137 1160 5198 Quamquam
1178 5136 1550 5190 uanum-molesmum
1565 5155 1612 5192 oo-

286 5215 382 5266 adast
397 5211 480 5263 habet
496 5209 593 5261 Gellius
609 5211 639 5261 N.
653 5212 682 5261 Α.
701 5212 725 5270 4,
744 5209 773 5271 4,
792 5211 806 5260 3
824 5223 899 5274 sqq.;
924 5223 985 5259 nom
1001 5210 1055 5259 otio
1070 5216 1105 5260 est
1120 5210 1209 5261 deditio
1223 5213 1355 5274 momine,
1376 5213 1431 5262 otto
1445 5217 1546 5277 mortue
1562 5219 1612 5268 Νο-

286 5290 347 5340 uius
366 5285 506 5341 Marcellus
527 5296 588 5350 pag.
605 5285 663 5348 2⁰3,
681 5285 722 5336 il.
743 5312 771 5321 -
793 5284 833 5335 43.
849 5284 978 5349 mino]
994 5285 1112 5349 {monac
1127 5287 1163 5348 Α,
1190 5286 1239 5336 sed
1261 5287 1287 5336 iu
1310 5288 1368 5351 ipso
1389 5286 1489 5338 scholio
1509 5291 1612 5342 deditio-

286 5377 343 5414 nem
359 5359 640 5427 minoratam·
665 5359 704 5410 44.
723 5359 744 5408 ts
760 5360 810 5411 ΤΕ
831 5362 858 5409 et
874 5357 985 5408 Gellius:
1012 5373 1055 5409 oea
1076 5360 1096 5409 0
1115 5383 1142 5395 -
1168 5361 1280 5423 prum
1304 5365 1512 5427 omnm
1526 5368 1610 5424 pm·

286 5433 1611 5504 resmhabetit-totamm.A-49.milipotestTE:potestmilttO-tomdu(sio)ss

286 5511 563 5574 moraeqoomr-
586 5506 1612 5572 23.aeptctor-tt.ootmuupootwur-2nquomwtostset-

286 5585 446 5638 ottoto't'-
468 5583 688 5644 nummii:
711 5584 838 5634 uoco-
863 5583 1188 5644 ao.n0qaumootttTE2
1211 5585 1462 5646 4440144444ος
1486 5591 1611 5651 nequeo.

286 5659 378 5714 nouat
397 5657 563 5721 wunnerus,
589 5660 635 5724 qui
651 5660 690 5709 sic
706 5660 836 5724 scriptum
856 5669 917 5708 esse
934 5659 961 5708 in
978 5659 999 5707 l·
1015 5656 1134 5722 putabat.
1161 5682 1190 5693 -
1217 5658 1259 5708 29.
1275 5663 1420 5721 mmm
1434 5663 1562 5714 caumas
1582 5691 1609 5701 -

288 5736 328 5786 30.
343 5734 437 5799 populo
452 5733 494 5796 4.]
512 5744 560 5796 pr.
578 5735 613 5796 Τ;
640 5748 674 5797 ,9.
692 5735 721 5786 44.
740 5733 760 5784 Ε
778 5758 805 5770 -
829 5732 870 5784 dl.
889 5732 1026 5783 melum»
1041 5732 1102 5781 TE:
1121 5731 1295 5785 4444444Μο
1314 5759 1340 5772 -
1359 5733 1472 5797 {miae
1488 5738 1552 5788 TE:
1568 5739 1612 5802 so-

287 5807 1176 5871 ΜωΜο-ῃ·ΜΤ-ΜΤ“33.ΜΤ.
