3800 7350
328 1224 391 1291 838
617 1226 769 1293 ORATIO
794 1226 877 1293 CUM
899 1228 1074 1293 SENATUI
1094 1227 1267 1293 GRATIAS
1288 1227 1384 1295 EGIT

328 1398 528 1464 monstrabas
547 1395 657 1461 fuisse.
693 1399 742 1461 Tu
763 1398 942 1461 misericors
965 1418 1016 1461 me
1038 1393 1165 1460 affinem
1186 1405 1293 1473 tuum,
1316 1417 1411 1481 4444044
1433 1396 1571 1460 comitiis
1591 1398 1657 1460 tuis

328 1493 563 1576 praerogativae
591 1491 729 1574 primum
756 1490 919 1554 custodem
947 1490 1165 1574 praefeceras,
1195 1511 1290 1576 quem
1320 1491 1472 1556 Kalendis
1501 1490 1658 1553 Ianuariis

328 1588 421 1651 tertio
450 1587 520 1649 loco
550 1585 739 1648 sententiam
761 1604 905 1668 rogaras,
935 1587 1140 1649 constrictum
1161 1585 1300 1648 inimicis
1321 1585 1368 1647 rei
1391 1584 1538 1667 publicae
1559 1583 1660 1647 tradi·

329 1682 420 1744 distis
448 1686 482 1743 tu
509 1699 613 1742 meum
641 1699 809 1762 generum,
842 1680 1059 1763 propinquum
1087 1688 1193 1754 tuum,
1223 1686 1258 1742 tu
1279 1677 1407 1743 affinem
1428 1686 1529 1753 tuam,
1558 1677 1660 1742 liliam

305 1794 446 1849 smeam,
480 1774 714 1856 superbissimis
746 1781 779 1837 et
804 1773 1031 1837 crudelissimis
1059 1774 1165 1837 verbis
1191 1794 1210 1837 a
1232 1773 1366 1857 genibus
1388 1772 1451 1835 tuis
1472 1771 1659 1856 reppulisti:

328 1868 481 1953 idemque
510 1874 545 1930 tu
574 1868 740 1931 clementia
768 1886 805 1930 ac
827 1866 1044 1931 misericordia
1066 1867 1237 1950 singulari,
1266 1888 1340 1931 cum
1361 1886 1421 1950 ego
1444 1886 1513 1930 una
1529 1885 1602 1929 cum
1623 1886 1659 1929 re

328 1962 455 2045 publica
483 1981 549 2025 non
580 1961 763 2036 tribunicio,
796 1960 853 2024 sed
885 1962 1044 2025 consulari
1074 1962 1138 2025 ictu
1166 1962 1396 2036 concidissem,
1426 1967 1514 2024 tanto
1537 1960 1660 2024 scelere

327 2063 478 2140 uncaque
501 2056 745 2138 intemperantia
766 2054 872 2131 luisti,
899 2063 997 2119 utne
1019 2076 1115 2120 unam
1137 2055 1269 2140 quidem
1292 2055 1404 2120 boram
1424 2056 1579 2119 interesse
1602 2075 1660 2138 pa·

328 2158 431 2214 terere
459 2152 543 2214 inter
571 2170 673 2213 meam
702 2158 825 2232 pestem
847 2159 879 2214 et
899 2157 986 2214 tuam
1007 2150 1175 2233 praedam,
1206 2151 1317 2214 saltem
1341 2151 1416 2213 dum
1439 2150 1661 2230 conticisceret

292 2244 384 2314 scilla
412 2244 594 2311 lamentatio
617 2252 648 2308 et
673 2245 808 2327 gemitus
830 2244 928 2308 urbis.
973 2240 1024 2306 48.
1046 2245 1194 2308 Nondum
1216 2245 1321 2328 palam
1343 2245 1461 2309 lactum
1484 2250 1553 2308 erat
1574 2239 1660 2307 occi-

330 2338 415 2402 disse
435 2359 502 2402 rem
524 2339 698 2423 publicam,
721 2360 791 2402 cum
813 2339 870 2402 tibi
892 2339 1022 2402 arbitria
1043 2338 1163 2402 funeris
1186 2340 1399 2403 solvebantur.
1436 2340 1506 2403 Uno
1529 2336 1661 2402 eodem-

330 2452 393 2517 que
414 2440 555 2517 tempore
577 2432 691 2496 domus
713 2452 784 2496 mea
805 2433 1028 2517 diripiebatur,
1051 2434 1196 2509 ardebat;
1218 2433 1304 2496 bona
1320 2433 1360 2497 ad
1382 2433 1521 2498 vicinum
1543 2452 1661 2496 consu·

331 2527 393 2590 lem
415 2526 455 2589 de
477 2527 615 2602 Palatio,
642 2528 681 2590 de
704 2526 883 2590 Tusculano
905 2528 945 2590 ad
968 2528 1044 2591 item
1066 2528 1205 2591 vicinum
1228 2528 1361 2591 alterum
1384 2527 1549 2592 consulem
1571 2526 1662 2591 dele-

329 2621 495 2696 rebantur,
526 2641 616 2696 cum,
645 2622 745 2685 isdem
776 2621 882 2704 operis
910 2623 1093 2704 suffragium
1121 2620 1312 2697 ferentibus,
1341 2621 1454 2686 eodem
1483 2621 1661 2705 gladiatore

254 2732 257 2740 '
294 2715 449 2791 relatore,
478 2734 578 2779 vacuo
600 2736 664 2780 non
687 2715 784 2778 modo
806 2716 955 2790 abonis,
985 2718 1040 2780 sed
1063 2718 1159 2780 etiam
1180 2735 1199 2780 a
1221 2717 1327 2779 liberis
1350 2725 1447 2800 atque
1467 2716 1556 2780 inani
1576 2715 1659 2791 toro,

330 2810 441 2891 ignaro
468 2807 587 2893 populo
613 2810 753 2872 llomauo
776 2809 853 2892 quid
875 2818 1037 2892 ageretur,
1067 2818 1178 2873 senatu
1200 2830 1275 2874 vero
1298 2830 1452 2893 oppresso
1475 2816 1509 2874 et
1528 2808 1660 2885 afflicto,

331 2904 457 2968 duobus
488 2904 596 2987 impiis
627 2901 820 2987 nefariisque
849 2903 1034 2968 consulibus
1063 2906 1235 2979 aerarium,
1265 2905 1466 2988 provinciae,
1499 2903 1661 2987 legiones,

331 2997 466 3081 imperia
488 2998 697 3061 donabantur.

417 3091 500 3154 Vlll.
528 3092 651 3153 lionam
677 3092 843 3155 consulum
873 3092 981 3155 ruinas
1003 3113 1060 3156 vos
1084 3094 1229 3157 consules
1250 3102 1355 3157 vestra
1376 3094 1492 3159 virtute
1512 3094 1661 3173 fulsistis,

295 3210 323 3257 20
333 3204 453 3248 summa
474 3184 672 3246 tribunorum
694 3185 737 3266 pl.
752 3195 997 3269 praetorumque
1012 3184 1074 3249 fide
1090 3195 1121 3250 et
1136 3187 1299 3270 diligentia
1313 3188 1479 3253 sublevati.
1508 3185 1558 3251 49.
1573 3189 1661 3265 Quid

333 3301 391 3364 ego
413 3280 452 3343 de
474 3281 747 3363 praestantissimo
766 3284 852 3357 viro,
875 3281 911 3341 T.
928 3281 1048 3355 Annio,
1070 3282 1194 3345 dicam?
1216 3290 1269 3344 aut
1285 3283 1357 3364 quis
1373 3282 1413 3344 de
1428 3282 1484 3347 tali
1499 3282 1567 3346 cive
1582 3284 1660 3347 satis

333 3375 428 3457 digne
449 3394 601 3457 umquam
623 3375 794 3457 loquetur?
817 3377 872 3459 qui
896 3395 967 3437 cum
983 3374 1120 3447 videret,
1143 3375 1330 3438 sceleratum
1352 3376 1452 3440 civem
1474 3383 1529 3440 aut
1550 3376 1661 3441 dome-

333 3469 446 3531 sticum
473 3468 580 3550 potius
605 3467 744 3543 bostem,
775 3470 802 3532 si
831 3469 955 3552 legibus
981 3470 1027 3531 uti
1050 3470 1175 3544 liceret,
1204 3470 1322 3533 iudicio
1345 3491 1415 3534 esse
1437 3469 1660 3553 frangendum,

333 3564 381 3626 siu
402 3564 473 3645 ipsa
493 3560 612 3625 iudicia
632 3562 680 3625 vis
703 3563 870 3646 impediret
890 3583 927 3626 ac
947 3563 1089 3638 tolleret,
1111 3563 1274 3626 audaciam
1295 3565 1421 3639 virtute,
1443 3563 1583 3628 furorem
1597 3564 1661 3629 lor·

295 3654 484 3731 solitudine,
512 3656 719 3721 temeritatem
741 3657 890 3733 consilio,
919 3678 1046 3721 manum
1069 3658 1185 3741 copiis,
1208 3659 1271 3721 vim
1293 3660 1324 3723 vi
1345 3679 1416 3723 esse
1438 3658 1660 3743 superandam,

332 3749 436 3834 primo
460 3750 499 3813 de
520 3751 552 3814 vi
573 3751 754 3834 postulavit.
786 3753 994 3836 Posteaquam
1016 3753 1056 3814 ab
1078 3750 1191 3813 eodem
1213 3751 1331 3816 iudicia
1345 3753 1470 3817 sublata
1484 3773 1555 3817 esse
1570 3755 1660 3831 vidit,

332 3864 374 3909 ne
403 3845 457 3908 ille
485 3845 592 3908 omnia
613 3846 644 3910 vi
671 3855 781 3928 posset
803 3843 928 3909 efficere
950 3845 1086 3910 curavit:
1117 3847 1173 3929 qui
1195 3845 1302 3909 docuit
1323 3866 1428 3932 neque
1450 3855 1534 3911 tecta
1554 3868 1660 3933 neque

333 3938 452 4022 templa
471 3959 578 4023 neque
599 3938 702 4003 lorum
724 3961 831 4024 neque
853 3941 972 4004 curiam
994 3943 1062 4004 sine
1085 3960 1206 4003 summa
1224 3940 1340 4004 virtute
1362 3961 1399 4004 ac
1420 3942 1568 4005 maximis
1590 3945 1661 4026 opi-

332 4034 392 4097 bus
415 4040 447 4096 et
463 4034 564 4116 copiis
578 4035 618 4096 ab
632 4035 784 4098 intestino
800 4032 966 4098 latrocinio
980 4055 1076 4118 posse
1091 4033 1237 4097 delendi:
1259 4036 1315 4117 qui
1329 4037 1450 4120 primus
1465 4043 1539 4118 post
1553 4057 1660 4101 meum

295 4129 505 4198 aodiscessum
518 4128 645 4191 'metum
665 4127 776 4201 bonis,
798 4148 887 4210 spem
909 4127 1100 4203 audacibus,
1123 4126 1268 4192 timorem
1289 4130 1363 4191 huic
1383 4129 1503 4206 ordini,
1525 4132 1661 4196 servitu·

332 4232 395 4287 tem
423 4220 546 4305 depulit
576 4221 708 4287 civitati.
752 4218 803 4285 20.
828 4222 931 4298 Quam
955 4223 1111 4286 rationem
1132 4223 1200 4307 pari
1223 4223 1355 4297 virtute,
1384 4224 1509 4300 animo,
1538 4224 1603 4290 lide
1626 4227 1659 4290 P.

331 4499 514 4559 arbitrarium
537 4513 552 4549 a
570 4500 587 4549 S
604 4502 632 4550 et
647 4512 663 4549 a
679 4497 814 4564 plerisque
832 4501 909 4564 Lagg.
930 4502 1015 4550 toturn
1037 4501 1150 4551 incisum
1167 4514 1224 4550 cum
1235 4527 1273 4538 -·
1284 4501 1431 4564 depellerent
1446 4503 1532 4555 abest.
1552 4531 1580 4542 -
1599 4519 1661 4558 4444·

331 4575 391 4625 delis
406 4577 467 4634 PG3
486 4575 610 4625 mudelem
626 4575 674 4625 EF
692 4575 886 4637 (demostrobus
902 4576 1012 4625 crudeles
1027 4575 1103 4638 4444440
1118 4575 1216 4638 Schol.)
1231 4603 1258 4613 -
1277 4579 1301 4627 4.
1321 4578 1429 4641 mrtem
1446 4580 1465 4629 P
1482 4581 1511 4629 et
1526 4579 1615 4632 Schol.
1630 4609 1657 4618 -

330 4651 435 4700 comdiis
450 4652 499 4700 tuis
515 4651 576 4712 EF,
594 4652 624 4700 ut
640 4651 743 4701 Ernesti
760 4651 890 4700 coniecit:
912 4652 962 4700 tuis
977 4664 1031 4702 om.
1050 4653 1070 4701 P
1086 4651 1114 4700 et
1130 4653 1225 4713 408444
1250 4653 1299 4702 tuis
1314 4654 1420 4702 4044444444
1436 4654 1500 4713 u0;
1521 4653 1554 4705 ci.
1573 4668 1614 4706 04.
1632 4658 1660 4707 in

330 4725 382 4776 Pis.
396 4724 411 4787 5
424 4725 464 4774 tt.
479 4752 506 4760 -
524 4725 550 4775 2.
565 4725 723 4788 praefeceras
740 4725 817 4776 codd.
831 4724 964 4790 plerique:
980 4726 1112 4789 praeferes
1123 4729 1155 4784 P;
1172 4727 1267 4790 4000404
1283 4729 1303 4779 Ε
1321 4728 1380 4779 tort.
1394 4731 1476 4779 recte.
1498 4756 1525 4766 -
1543 4731 1615 4795 Kal]
1626 4733 1658 4784 K.

331 4803 350 4850 P
369 4826 397 4839 -
416 4800 439 4849 3.
459 4813 567 4863 rogaras
583 4802 616 4851 E:
635 4801 744 4865 regulos
760 4800 839 4852 codd.
857 4799 960 4864 reliqui.
982 4829 1008 4838 -
1027 4802 1065 4851 rei
1078 4816 1105 4864 p.
1124 4815 1178 4852 om.
1197 4801 1283 4853 Schol.
1305 4831 1331 4840 -
1351 4802 1375 4855 l.
1392 4817 1476 4855 44444444
1488 4808 1660 4870 propteqwm

329 4888 448 4938 geneum
464 4880 535 4925 tuum
552 4877 569 4925 F
588 4901 615 4912 -
643 4877 751 4940 adfinem
767 4880 786 4925 P
805 4903 833 4912 -
851 4889 934 4926 44400444
948 4877 1064 4941 4444444441.
1083 4904 1110 4912 -
1129 4879 1153 4928 5.
1172 4879 1300 4940 reppulisti
1317 4881 1406 4929 PGS:
1431 4881 1543 4943 repulisti
1559 4883 1610 4934 ΕΟ
1626 4912 1659 4922 -

329 4950 353 5000 6.
372 4951 485 5013 uosque
499 4952 587 5001 PES:
606 4952 672 5001 idem
688 4955 709 5002 G
726 4957 754 5002 et
770 4953 830 5013 Lag.
851 4952 890 5001 40.
903 4953 944 5001 Sl,
959 4951 999 5002 44.
1017 4978 1044 4987 -
1064 4967 1121 5003 uem
1136 4954 1214 5015 reip.
1232 4955 1261 5014 P,
1280 4953 1329 5003 sed
1346 4954 1356 5002 i
1372 4952 1468 5005 deleta.
1489 4982 1516 4992 -
1535 4956 1559 5006 7.
1578 4958 1660 5008 444444·

328 5026 390 5075 444440
406 5027 452 5075 PS
475 5052 502 5061 —
527 5027 551 5076 8.
570 5032 671 5088 umque
685 5029 705 5076 P
726 5055 760 5064 -
778 5032 894 5090 paterere
915 5028 962 5077 ΕΒ
984 5029 1011 5078 04
1032 5029 1051 5077 Ρ
1073 5041 1156 5078 0044.;
1177 5033 1265 5091 putere
1281 5029 1300 5077 P
1320 5041 1360 5092 pr.
1379 5041 1429 5087 m.;
1449 5033 1574 5092 potereris
1589 5036 1610 5084 G
1629 5060 1656 5070 ·-

328 5100 353 5151 9.
369 5102 476 5164 medum
491 5106 562 5151 tuom
578 5103 638 5152 E-
657 5102 762 5152 sulutem
778 5105 811 5164 P,
830 5101 879 5152 sed
896 5116 914 5151 u
930 5105 1064 5166 punctata.
1080 5129 1101 5137 -
1126 5116 1183 5153 cren
1199 5104 1260 5153 E-
1278 5103 1444 5154 cuuicbceret
1460 5107 1494 5155 P:
1512 5108 1660 5161 conticesce-

327 5181 366 5226 ret
382 5176 460 5227 codd.
474 5174 530 5226 rell.
544 5176 573 5225 0.
593 5175 631 5227 ct.
644 5189 672 5241 p.
684 5175 741 5237 499,
755 5177 795 5227 43.
815 5204 843 5213 -
863 5177 902 5227 to.
921 5177 1050 5242 pernicicm
1067 5180 1127 5227 (4-
1145 5179 1230 5241 tuest
1246 5179 1266 5229 Ε
1285 5177 1381 5242 (firmat
1395 5184 1453 5229 erut
1469 5181 1551 5232 etism
1561 5183 1659 5248 schol.)

329 5277 356 5287 -
375 5252 508 5301 concidisse
525 5252 542 5300 S
560 5252 587 5300 et
604 5251 635 5300 42
653 5253 729 5315 Lagg.
745 5252 868 5313 (occidisse
885 5255 965 5303 etiam
982 5252 1079 5315 schol.)
1093 5280 1120 5289 -
1140 5253 1180 5304 43.
1198 5255 1257 5304 item
1273 5255 1307 5303 ud
1322 5254 1431 5304 0404444404
1447 5255 1468 5305 Ε
1482 5284 1510 5297 -
1529 5256 1570 5308 44.
1582 5259 1660 5310 isdem

327 5327 420 5377 PGE:
439 5327 526 5376 44444444
542 5326 588 5375 SO
608 5352 635 5362 -
655 5328 695 5376 ts.
713 5327 792 5378 lutere
808 5329 857 5379 EF
875 5355 902 5364 -
922 5330 998 5379 etium
1014 5328 1097 5378 44444444
1113 5329 1130 5378 S
1149 5356 1176 5365 -
1196 5330 1236 5379 46.
1254 5329 1354 5394 adflicto
1371 5331 1433 5379 P-
1453 5331 1493 5381 ta.
1510 5333 1657 5395 [4444444444ε

326 5402 431 5465 subulis
447 5402 510 5461 GE;
536 5401 700 5452 444404444443
722 5429 749 5438 -
776 5405 817 5455 40,
833 5404 870 5467 pl.
889 5418 943 5455 om.
962 5405 1015 5455 Eri.
1034 5406 1095 5454 elS
1118 5430 1145 5440 -
1172 5405 1204 5471 et]
1222 5419 1254 5455 uc
1270 5406 1289 5457 Ε
1308 5431 1336 5442 -
1354 5404 1499 5456 sublevastis
1514 5409 1534 5459 E
1551 5435 1580 5445 -
1599 5412 1660 5474 qaid

327 5490 386 5539 ergo
404 5477 423 5526 E
447 5503 474 5512 -
501 5476 543 5525 tt.
561 5477 613 5527 ciue
629 5476 668 5527 cel
683 5479 744 5527 sutis
760 5479 779 5528 E
805 5506 832 5515 -
859 5480 900 5530 24.
920 5479 964 5541 qui
986 5491 1042 5528 cum
1063 5478 1178 5529 milonem
1197 5479 1344 5530 sceleratum
1360 5480 1438 5530 ciuem
1453 5482 1547 5533 uideret
1562 5485 1609 5535 EF
1629 5512 1657 5523 ·-

326 5550 368 5602 44.
386 5552 425 5601 siu
441 5564 494 5601 om.
514 5554 549 5612 G;
567 5554 595 5602 ui
610 5553 628 5603 S
647 5580 674 5589 -
692 5555 898 5617 fotitudinem
915 5568 956 5620 pr.
973 5569 1009 5606 m.
1025 5581 1053 5591 -
1071 5556 1112 5604 se.
1130 5569 1235 5606 4444444404
1252 5555 1329 5618 copiis
1345 5555 1422 5606 GEP
1440 5558 1467 5606 ct
1482 5556 1498 5606 3
1515 5561 1595 5624 Lagg.
1607 5561 1657 5624 (to.

326 5627 367 5676 at.
387 5625 442 5687 til:
461 5639 567 5677 4440444444
582 5629 643 5677 coiis
658 5629 693 5686 P,
719 5642 825 5679 osseum
840 5644 919 5680 muuu
934 5628 992 5680 rell.
1012 5631 1089 5693 Lagg.
1108 5631 1155 5681 SO
1174 5657 1201 5667 ·-
1221 5633 1262 5683 46.
1281 5633 1310 5681 de
1326 5630 1359 5694 ci]
1377 5631 1417 5682 die
1434 5634 1454 5682 G
1472 5659 1499 5670 -
1515 5635 1660 5698 postulabat

326 5704 393 5754 Ε-
411 5702 722 5753 ae.eeccm·cm1²ds
747 5729 773 5738 —
798 5704 839 5754 30.
857 5711 950 5755 eutrop
966 5704 1035 5766 bouis
1051 5717 1119 5767 spem
1135 5705 1188 5756 Eri.
1207 5720 1293 5758 corn:
1319 5705 1389 5756 bouis
1403 5713 1496 5760 metum
1512 5724 1579 5774 4440444
1596 5712 1656 5772 ΕΕς

326 5784 419 5828 mum
435 5778 504 5828 bouis
519 5783 554 5828 set
570 5780 589 5829 P
606 5790 647 5842 pr.
665 5791 718 5839 m.;
742 5784 834 5829 4444444444
851 5779 920 5830 loeis
936 5786 959 5830 et
976 5784 995 5832 P
1012 5794 1081 5831 corr.
1101 5794 1137 5831 m.
1156 5782 1185 5842 2,
1206 5785 1264 5844 GS,
1287 5780 1407 5847 plerique
1426 5785 1504 5847 Legg.
1522 5783 1626 5850 (metum
1642 5799 1660 5837 u

326 5852 409 5915 404444,
427 5854 541 5905 4444040444
557 5852 589 5903 ub
605 5854 651 5904 loe
666 5855 765 5915 04444440,
784 5856 867 5906 sensit
880 5856 973 5918 depulit
988 5870 1007 5906 o
1023 5856 1122 5906 04044040
1138 5857 1176 5919 Ε.)
1198 5859 1299 5909 Vereor
1316 5870 1349 5907 ne
1366 5870 1435 5920 spem
1451 5858 1516 5913 taes
1527 5862 1659 5914 correctio

327 5927 377 5986 sit;
396 5928 523 5991 equidem
540 5930 678 5995 suspicor:
696 5934 790 5980 4444444444
805 5928 874 5980 louis
890 5942 923 5980 ee
938 5928 992 5994 (vel
1008 5929 1049 5994 444)
1066 5932 1212 5985 4444044444.
1232 5959 1259 5974 ·-
1278 5934 1319 5989 34.
1337 5933 1426 5986 uuus
1443 5935 1472 5987 Ε.
