3800 7350
337 1184 419 1251 raet
607 1148 610 1162 ’
760 1183 911 1247 omero
932 1184 1156 1251 ammerici
1178 1186 1233 1248 xi.

339 1366 405 1422 tum
427 1355 662 1436 colligassemus
684 1352 717 1414 in
740 1352 870 1416 Graecia
892 1356 1012 1417 eteius
1034 1354 1186 1417 auxilinm
1208 1353 1249 1416 ad
1271 1352 1392 1415 ltaliam
1406 1371 1539 1434 vergere
1563 1372 1660 1436 quam

338 1454 378 1516 ad
400 1452 506 1515 Asiam
527 1445 762 1509 maluissemus:
784 1467 849 1509 non
871 1455 907 1509 ut
928 1448 1006 1527 ex†
1028 1468 1065 1510 ea
1086 1449 1152 1511 acie
1174 1456 1350 1530 respectum
1371 1447 1580 1522 haberemus,
1604 1447 1661 1510 sed

337 1547 464 1628 etipsa
484 1541 567 1603 acies
590 1540 763 1603 subsidium
784 1539 913 1604 baberet
935 1542 1028 1605 etiam
1051 1543 1303 1605 transmarinum.
1346 1544 1527 1616 Praeterea,
1549 1550 1659 1625 patres

338 1636 520 1720 conscripti,
550 1634 591 1697 M.
613 1636 742 1697 Brutum
765 1635 880 1697 retinet
900 1637 994 1698 etiam
1016 1655 1098 1697 nnnc
1121 1636 1154 1698 C.
1176 1637 1351 1707 Antonine,
1373 1637 1428 1718 qui
1452 1643 1539 1700 tenet
1560 1636 1660 1719 Apol-

313 1734 469 1803 eloniam,
492 1746 638 1809 magnam
652 1727 761 1789 urbem
777 1736 809 1789 et
826 1748 963 1809 gravem,
985 1735 1085 1801 tenet,
1108 1730 1229 1810 opinor,
1251 1729 1417 1812 Byllidem,
1440 1737 1526 1793 tenet
1540 1730 1659 1791 Aman-

336 1829 426 1899 tiam,
455 1824 552 1885 instat
578 1821 688 1902 Epiro,
717 1827 810 1903 urget
831 1820 977 1894 Oricum,
1006 1822 1100 1883 habet
1121 1822 1242 1903 aliquot
1264 1820 1425 1896 cobortes,
1448 1823 1544 1886 babet
1566 1824 1658 1905 equi·

333 1928 442 1984 tatum
485 1918 567 1979 Hinc
597 1917 624 1978 si
651 1917 766 1978 Brutus
789 1916 848 1978 erit
876 1915 1039 1977 traductus
1060 1916 1099 1978 ad
1122 1915 1208 1977 aliud
1230 1915 1363 1989 bellum,
1386 1916 1548 1979 Graeciam
1571 1925 1657 1979 certe

334 2011 540 2075 amiserimus.
576 2010 633 2072 Est
654 2017 758 2072 autem
780 2012 873 2072 etiam
895 2009 934 2072 de
957 2010 1125 2071 Brundisio
1147 2018 1242 2092 atque
1266 2010 1321 2073 illa
1342 2029 1398 2073 ora
1419 2012 1526 2073 ltaliae
1550 2012 1658 2094 provi·

334 2105 481 2168 dandum.
519 2104 717 2187 Quamquam
740 2104 836 2166 mirer
858 2111 920 2165 tam
944 2103 997 2165 diu
1019 2105 1132 2166 morari
1155 2105 1343 2179 Antonium:
1373 2103 1455 2168 solet
1477 2106 1562 2166 enim
1585 2104 1656 2187 ipse

296 2200 474 2283 reaccipere
496 2199 634 2260 manicas
656 2217 715 2260 nec
738 2198 856 2261 diutius
879 2197 1053 2260 obsidionis
1075 2207 1191 2260 metum
1208 2199 1375 2261 sustinere.
1412 2197 1507 2273 Quod
1529 2198 1558 2260 si
1580 2218 1657 2261 con·

332 2293 441 2355 lecerit
469 2294 584 2355 Brutus
607 2300 639 2354 et
664 2291 858 2354 intellexerit
878 2291 949 2373 plus
972 2310 1006 2353 se
1028 2291 1074 2352 rei
1096 2291 1242 2372 publicae
1264 2292 1480 2372 profuturum,
1510 2292 1537 2355 si
1560 2292 1657 2355 Dola-

331 2386 447 2449 bellam
468 2393 692 2469 persequatur,
715 2406 809 2469 quam
831 2386 858 2447 si
880 2386 914 2447 in
932 2384 1062 2448 Graecia
1084 2392 1225 2459 maneat,
1248 2393 1319 2467 aget
1340 2386 1408 2468 ipse
1430 2407 1487 2469 per
1508 2406 1596 2463 sese,
1618 2396 1655 2451 ut

331 2480 436 2543 adbuc
465 2499 595 2563 quoque
622 2478 714 2552 fecit,
745 2499 847 2562 neque
875 2483 908 2543 in
933 2485 980 2541 tot
1001 2480 1172 2553 incendiis,
1200 2479 1317 2561 quibus
1339 2477 1503 2543 confestim
1525 2502 1655 2545 succur-

330 2573 463 2637 rendum
486 2581 550 2647 est,
574 2572 769 2655 exspectabit
790 2580 944 2636 senatum.
990 2569 1041 2633 27.
1063 2575 1141 2636 Nam
1164 2580 1196 2635 et
1217 2575 1331 2638 Brutus
1353 2582 1386 2637 et
1402 2573 1528 2639 Cassius
1543 2575 1654 2639 multis

294 2670 394 2733 teiam
413 2668 446 2729 in
468 2665 562 2729 rebus
584 2666 653 2749 ipse
680 2664 740 2728 sibi
762 2672 888 2729 senatus
909 2664 980 2729 ruit.
1022 2668 1157 2729 Necesse
1181 2675 1229 2729 est
1251 2667 1335 2730 enim
1357 2668 1390 2729 in
1414 2675 1499 2733 tanta
1521 2688 1654 2733 conver·

331 2762 420 2825 sione
447 2767 479 2822 et
506 2758 741 2842 perturbatione
770 2759 911 2841 omnium
940 2780 1045 2822 rerum
1075 2760 1269 2843 temporibus
1299 2761 1403 2844 petius
1424 2782 1534 2844 parere
1557 2783 1653 2846 quam

330 2856 480 2920 moribus.
516 2856 581 2916 Nec
602 2852 686 2915 enim
709 2872 793 2915 nunc
816 2853 949 2936 primum
971 2860 1026 2916 aut
1043 2855 1157 2916 Brutus
1180 2861 1235 2916 aut
1258 2854 1381 2917 Cassius
1404 2854 1537 2919 salutem
1558 2855 1654 2918 liber·

330 2957 490 3032 tatemque
512 2946 632 3029 patriae
654 2945 756 3026 legem
779 2945 1007 3010 sanctissimam
1032 2955 1064 3010 et
1086 2968 1205 3010 merem
1227 2947 1382 3029 optimum
1403 2946 1563 3011 iudicavit
1592 2950 1654 3011 lta-

331 3062 395 3125 que
417 3042 444 3105 si
466 3039 507 3103 ad
528 3059 587 3102 nos
609 3037 690 3100 nibil
713 3037 881 3100 referretur
895 3039 934 3102 de
949 3040 1114 3103 Dolabella
1136 3041 1373 3124 persequendo,
1395 3050 1499 3105 tamen
1516 3063 1574 3125 ego
1594 3063 1652 3126 pro

293 3139 458 3203 eedecreto
480 3141 640 3219 putarem,
663 3154 734 3196 curn
750 3140 857 3196 essent
872 3133 949 3195 tales
965 3134 1088 3209 virtute,
1111 3137 1304 3209 auctoritate,
1319 3136 1480 3198 nobilitate
1497 3136 1519 3215 †
1535 3136 1653 3198 summi

331 3231 407 3305 viri,
430 3249 563 3313 quorum
585 3227 713 3290 alterius
735 3229 796 3290 iarn
819 3226 911 3288 nobis
933 3235 1027 3289 notus
1050 3237 1133 3291 esset
1155 3231 1330 3303 exercitus,
1362 3230 1492 3292 alterius
1514 3231 1651 3292 auditus.

331 3326 400 3387 xli.
422 3326 503 3386 Num
525 3322 621 3402 igitur
641 3323 756 3382 Brutus
779 3321 974 3401 exspectavit
1001 3323 1125 3385 decreta
1147 3332 1269 3398 nostra,
1303 3344 1375 3385 cum
1397 3323 1500 3386 studia
1522 3326 1652 3385 nosset?

330 3420 440 3499 Neque
469 3416 552 3479 enim
576 3418 677 3478 estin
699 3416 891 3497 provinciam
913 3437 1002 3479 suam
1025 3418 1148 3481 Cretam
1171 3418 1347 3500 protectus:
1376 3417 1408 3478 in
1433 3416 1652 3479 Macedoniam

331 3512 466 3574 alienam
488 3510 660 3585 advolavit;
686 3511 791 3572 omnia
813 3530 870 3572 sua
892 3512 1029 3592 putavit,
1053 3532 1133 3595 quae
1156 3533 1212 3575 vos
1235 3520 1337 3573 vestra
1359 3531 1428 3573 esse
1452 3510 1573 3585 velitis:
1607 3508 1653 3571 le-

292 3605 440 3688 :egiones
463 3605 651 3687 conscripsit
673 3624 788 3679 nevas,
811 3606 936 3687 excepit
957 3615 1097 3678 veteres:
1120 3605 1297 3688 equitatum
1319 3604 1359 3665 ad
1381 3624 1415 3665 se
1437 3603 1569 3665 abduxit
1589 3604 1653 3664 Bo-

330 3699 463 3762 labellae
485 3708 581 3783 atque
604 3696 676 3762 eum
698 3700 836 3763 nondum
851 3707 938 3762 tante
952 3697 1122 3781 parricidio
1138 3699 1270 3760 oblitum
1283 3696 1408 3760 hostem
1423 3717 1481 3760 sua
1494 3697 1654 3761 sententia

330 3794 497 3857 iudicavit:
526 3814 599 3857 nam
630 3796 663 3857 ni
691 3797 734 3857 ita
762 3803 862 3868 esset,
892 3813 956 3877 quo
977 3794 1047 3855 iure
1070 3792 1244 3875 equitatum
1266 3810 1285 3853 a
1308 3792 1436 3855 consule
1458 3791 1652 3854 abduceret?

331 3881 382 3949 28.
406 3886 513 3962 Quidt
548 3886 580 3950 C.
611 3887 752 3961 Cassius,
781 3887 849 3969 pari
880 3886 1096 3969 magnitudine
1124 3886 1220 3948 animi
1252 3892 1284 3948 et
1315 3885 1440 3948 consilii
1472 3883 1652 3968 praeditus,

331 4149 447 4199 soterem:
466 4160 543 4198 acrae
559 4159 658 4198 exsors
674 4148 730 4198 tien
746 4148 771 4209 1,
791 4160 815 4212 p.
834 4147 880 4206 ae;
906 4146 1048 4197 Lambinus
1071 4150 1160 4197 autem
1178 4147 1296 4209 scripsit:
1321 4147 1381 4208 oete
1395 4147 1474 4209 tpiter
1489 4147 1511 4197 ie
1527 4146 1581 4198 eet?
1603 4148 1654 4197 rur

331 4226 366 4274 Μ.
384 4226 478 4275 Breter
499 4228 543 4274 eut
565 4224 592 4275 C.
611 4224 709 4274 Cereus
730 4228 775 4273 eet
795 4227 903 4286 uterque.
934 4223 1067 4286 Utramque
1083 4223 1236 4271 decernerem
1252 4221 1340 4283 plere,
1363 4221 1426 4270 :tere
1440 4221 1513 4271 metti
1528 4223 1654 4272 conectere

331 4301 437 4349 atterum
454 4298 584 4360 erebome.)
604 4326 631 4337 -
649 4299 683 4363 ei]
701 4301 727 4348 ie
743 4299 777 4358 b:
796 4312 845 4361 ego
862 4299 910 4348 otei
926 4298 1025 4349 metim.
1041 4323 1067 4335 -
1088 4300 1111 4348 t.
1129 4298 1337 4361 cotttpeeirremu:
1352 4310 1407 4360 g·
1426 4297 1452 4347 2.
1469 4297 1650 4348 metuissemti

334 4401 361 4411 -
373 4380 401 4424 et
418 4387 471 4424 om.
484 4373 536 4424 b—
556 4388 589 4424 ee
604 4375 700 4424 eoecte
711 4374 773 4437 oet]
791 4372 878 4424 locum
896 4375 979 4423 critici
997 4373 1115 4437 plerique
1134 4386 1181 4437 pro
1193 4376 1316 4436 corrupto
1333 4371 1446 4431 habent,
1464 4373 1544 4422 Bauio
1561 4375 1653 4422 nmen

330 4453 356 4510 1.
375 4464 401 4514 p.
419 4450 450 4500 30
468 4449 572 4499 videtur
590 4448 713 4512 explicari
730 4461 824 4513 posse,
851 4447 899 4497 sed
917 4447 1005 4499 deleto
1022 4463 1061 4498 ee.
1087 4451 1221 4499 Ferrarius
1238 4450 1306 4498 coni.
1324 4461 1376 4497 noe
1390 4452 1418 4496 ut
1433 4460 1462 4497 eo
1478 4459 1511 4495 ee
1526 4447 1582 4496 ecte
1598 4448 1652 4497 cet.

331 4526 398 4576 Vide
415 4537 448 4573 ne
466 4537 523 4573 voc.
537 4524 603 4573 ecte:
619 4527 732 4586 utreque
748 4521 806 4573 leco
824 4521 967 4573 delendum
985 4524 1030 4585 sit,
1050 4528 1079 4573 ut
1095 4525 1128 4574 sit
1144 4537 1177 4573 ee:
1192 4537 1223 4573 ee
1240 4536 1279 4572 sc.
1297 4520 1378 4572 italia.
1390 4547 1422 4556 -
1439 4519 1464 4570 l.
1482 4521 1509 4572 0.
1522 4534 1576 4571 om.
1590 4521 1608 4570 b
1623 4547 1651 4557 -

331 4601 402 4664 terret]
420 4601 508 4649 retinet
523 4600 598 4648 ettam
614 4613 680 4648 auec
696 4612 711 4647 a
730 4623 757 4634 -·
781 4599 805 4647 5.
823 4597 922 4658 opinior
938 4600 948 4646 t
966 4623 993 4633 -
1017 4599 1136 4658 Bellicam
1159 4600 1181 4658 t,
1206 4599 1234 4646 ut
1249 4597 1354 4660 scripsit
1372 4595 1519 4646 Ferrarius:
1544 4595 1653 4644 bitttdem

332 4690 363 4739 μ
385 4675 482 4725 btttdem
504 4674 537 4733 h;
562 4673 672 4723 betttdem
688 4687 717 4731 a:
740 4672 840 4721 belidem
856 4672 881 4729 i:
906 4673 938 4722 ct.
957 4671 1023 4722 Plut.
1042 4687 1067 4721 v.
1087 4674 1157 4722 Bruti
1179 4686 1202 4722 e.
1221 4674 1261 4723 26.
1283 4672 1372 4735 steph.
1391 4671 1453 4732 Byz.
1472 4683 1494 4721 s.
1512 4683 1538 4719 v.
1557 4682 1584 4733 p.
1603 4670 1653 4720 25⁰

332 4751 375 4800 ed.
388 4749 464 4798 Beck.
479 4773 505 4783 -
526 4749 550 4798 6.
568 4750 675 4798 testante
689 4749 746 4810 piro
757 4746 775 4796 b
787 4750 872 4809 (eppro
884 4750 926 4808 gt)
941 4774 962 4782 -
983 4748 1082 4796 Oricum
1095 4750 1163 4798 moi:
1181 4749 1308 4809 tttprtcum
1320 4748 1339 4796 0
1351 4759 1412 4796 cum
1424 4743 1523 4808 aliquot
1533 4746 1612 4795 codd.
1622 4747 1653 4812 (t)

332 4825 451 4874 Ferrarii.
472 4850 498 4859 -
518 4824 543 4872 i.
561 4824 595 4872 ed
611 4837 664 4873 om.
684 4822 724 4872 bt
742 4848 769 4858 -
788 4823 811 4872 8.
830 4824 905 4872 etiem
921 4835 1005 4885 cmg
1024 4850 1051 4859 —
1068 4824 1132 4871 tore
1148 4836 1164 4885 g
1183 4849 1210 4859 -
1229 4823 1253 4871 9.
1272 4821 1344 4885 enim]
1363 4826 1445 4869 eutero
1463 4822 1473 4869 t
1492 4820 1589 4882 -··tpre
1605 4833 1653 4868 ee·

331 4900 412 4962 cipere
428 4901 463 4949 u:
482 4899 595 4960 occipere
611 4899 661 4960 ipse
678 4898 725 4956 ie:
747 4910 795 4961 pro
812 4898 876 4960 ipre,
895 4897 995 4960 quodt
1017 4896 1075 4947 ced.
1095 4896 1202 4947 Barber.
1222 4910 1287 4956 orn..
1306 4896 1374 4945 coni.
1393 4892 1469 4944 Orelli
1486 4895 1539 4943 tete.
1564 4895 1603 4944 De
1622 4907 1652 4944 re

332 4976 365 5025 ct.
384 4973 522 5035 Boettigeri
540 4974 639 5037 Scripta
657 4972 720 5022 min.
739 4971 794 5021 Vol.
813 4973 850 5032 u,
873 4985 898 5036 p.
917 4973 962 5022 titt
984 4973 1010 5022 et
1027 4973 1098 5022 Ravii
1115 4973 1176 5021 Var.
1195 4973 1277 5022 Lectt.
1296 4972 1331 5031 lt,
1350 4984 1376 5034 p.
1394 4970 1435 5019 87.
1455 4994 1482 5003 —
1508 4969 1548 5018 tt).
1567 4969 1653 5030 coese-

330 5051 392 5099 cerit
408 5048 496 5097 bettem
513 5049 579 5096 coni.
598 5045 707 5105 bamb:
727 5045 785 5096 tort.
798 5061 869 5108 paen
885 5048 907 5096 st
923 5047 1055 5110 confecerit
1067 5074 1094 5084 -
1114 5048 1154 5096 ⁴2.
1167 5047 1223 5110 Aptt
1240 5049 1251 5095 t
1269 5072 1295 5081 -
1315 5044 1354 5094 43.
1369 5044 1456 5104 quite:
1472 5044 1508 5093 D:
1526 5057 1583 5093 arm
1600 5044 1608 5092 i
1623 5070 1649 5079 -

331 5124 371 5174 u.
390 5124 531 5186 expectare
547 5126 557 5171 t
575 5148 601 5157 -
621 5127 644 5172 et
660 5126 720 5171 ente
737 5123 781 5171 Br.
800 5136 853 5172 om.
873 5135 888 5171 a
907 5149 934 5158 -
954 5123 994 5171 re.
1012 5123 1078 5184 ipsis.
1098 5121 1133 5169 bie
1149 5126 1247 5170 ceratia
1264 5121 1287 5181 t,
1308 5118 1365 5169 tert.
1380 5132 1412 5167 er
1428 5119 1475 5180 ipsi
1491 5118 1537 5167 eet
1553 5124 1653 5169 metue

330 5199 470 5253 tuerent-
488 5198 644 5247 conversione
660 5202 683 5246 et
698 5197 883 5258 perturbatiore
899 5197 1009 5246 emotum
1023 5210 1109 5246 renen
1127 5197 1260 5246 Ferrarius
1278 5208 1310 5244 er
1327 5193 1393 5244 libro
1405 5194 1572 5245 Matiaeieno:
1590 5207 1653 5244 coe-

330 5275 444 5324 cerrteee
460 5273 660 5335 (concursatione
676 5270 747 5332 abit
771 5271 986 5333 perturbationum
1001 5284 1087 5320 rerum
1103 5272 1142 5321 Di
1161 5297 1187 5305 -
1216 5271 1256 5320 49.
1274 5271 1395 5329 reseretur
1411 5271 1434 5327 t:
1460 5271 1570 5332 refertur
1586 5283 1603 5333 g
1621 5294 1649 5305 -

330 5347 360 5396 de
376 5361 428 5398 om.
448 5359 463 5395 a
483 5374 510 5384 -
535 5345 588 5409 epo]
610 5357 651 5395 eo:
671 5348 682 5393 t
700 5371 727 5381 -
753 5345 794 5395 20.
813 5347 902 5394 :meret
922 5347 974 5395 etri
991 5347 1060 5395 mei:
1085 5359 1183 5396 ramme
1197 5345 1247 5395 etri
1264 5345 1284 5394 0
1302 5356 1362 5394 cum
1380 5345 1492 5406 Faerno,
1520 5346 1565 5409 qut
1582 5344 1651 5395 baec

330 5420 476 5470 adnotavit:
497 5421 562 5470 «rut
577 5420 666 5469 amomi
683 5419 813 5480 abundat,
836 5419 908 5485 quod
924 5434 977 5471 non
994 5420 1090 5482 credo,
1108 5423 1153 5469 aut
1169 5417 1310 5482 legendum
1327 5432 1438 5478 nonme:
1461 5421 1507 5469 aut
1524 5431 1572 5483 pro
1589 5419 1652 5468 teter

331 5496 415 5557 stetin,
433 5496 479 5545 aut
494 5492 564 5545 aliud
582 5494 709 5545 mendum
721 5492 838 5545 subest.»
857 5495 926 5547 Fert.
943 5497 1084 5547 rummieiei
1102 5509 1134 5546 ex
1150 5509 1206 5545 cren
1222 5495 1326 5557 imperto
1338 5493 1420 5558 (imp.)
1432 5494 1586 5556 corruptum
1598 5495 1650 5544 est.

331 5594 359 5606 -
378 5569 645 5620 tteedtseeteeD:
667 5569 878 5620 eeteseebteio
898 5598 924 5607 -
943 5570 1164 5623 ereetbtestiO
1184 5596 1211 5608 -
1230 5567 1651 5621 :summonte-ee-

324 5644 571 5707 pectebtt-—ooscet
588 5644 647 5694 cod.
660 5645 754 5696 Ursini.
776 5671 802 5681 -
821 5644 862 5695 23.
880 5651 915 5696 eet
931 5660 985 5698 om.
998 5649 1021 5707 t;
1040 5645 1145 5696 videtur
1160 5648 1221 5710 post
1235 5645 1359 5708 protecter
1376 5643 1519 5703 excidisse:
1538 5642 1572 5693 ct.
1591 5655 1649 5693 ver.

329 5717 389 5769 lect.
408 5718 442 5769 ed
458 5734 484 5784 p.
499 5719 608 5781 ittet.
629 5745 656 5756 —
676 5719 716 5770 tt.
734 5718 907 5770 eetttteabt:
923 5722 1016 5772 eettem
1031 5721 1134 5784 giO-
1153 5721 1356 5771 maaser·
1375 5720 1521 5790 desita-k
1537 5718 1650 5768 tuerere

329 5793 438 5843 eoadem
454 5807 510 5844 eom
527 5797 537 5844 t
560 5818 588 5831 -
609 5799 678 5844 tento
695 5808 749 5845 om.
767 5796 801 5845 ai
820 5821 847 5830 -
868 5796 991 5858 parietate
1008 5809 1024 5845 a
1040 5822 1074 5833 -
1089 5795 1231 5846 etetdctree
1248 5794 1340 5845 dectus
1357 5796 1448 5845 nescio
1465 5795 1539 5860 quis,
1561 5795 1592 5844 ut
1608 5795 1650 5844 est

329 5866 761 5934 §filictia-ttrite·
785 5869 843 5921 ei:
863 5869 1400 5934 ome-reeeoea-ereoeete.
