3800 7350
308 1194 390 1262 t328
713 1193 866 1260 ORATIO
888 1194 1114 1260 PHILIPPICA
1135 1195 1218 1258 VIII.

307 1367 435 1431 ductum
464 1371 511 1428 est
536 1362 701 1427 tumultus.
744 1365 854 1449 ltaque
883 1364 1018 1428 maiores
1040 1366 1141 1428 nostri
1163 1361 1330 1427 tumultum
1351 1360 1521 1436 Italicum,
1552 1359 1644 1444 quod

308 1467 375 1523 erat
397 1457 604 1532 domesticus,
633 1457 801 1521 tumultum
823 1458 994 1533 Gallicum,
1017 1458 1103 1542 qnod
1126 1466 1194 1521 erat
1213 1456 1324 1520 Italiae
1345 1456 1519 1529 finitimus,
1548 1473 1645 1536 prae-

306 1562 392 1617 terea
420 1552 540 1614 nullum
569 1552 784 1614 nominabant.
830 1553 963 1616 Gravius
990 1560 1096 1615 autem
1118 1549 1283 1615 tumultum
1306 1571 1376 1614 esse
1398 1568 1497 1634 quam
1519 1547 1644 1611 bellum

305 1647 379 1710 hinc
400 1645 536 1727 intelligi
556 1650 676 1726 potest,
706 1645 791 1727 quod
821 1645 905 1709 bello
927 1646 1108 1711 vacationes
1130 1644 1249 1718 valent,
1271 1644 1408 1708 tumultu
1430 1663 1498 1706 non
1521 1641 1644 1705 valent.

282 1742 353 1804 ulta
375 1736 424 1814 lit,
447 1758 542 1822 quem
564 1736 604 1800 ad
626 1738 754 1801 modum
777 1738 863 1814 dixi,
893 1747 928 1803 ut
948 1740 1067 1803 bellum
1089 1739 1159 1802 sine
1181 1738 1318 1802 tumultu
1339 1737 1456 1821 possit,
1480 1735 1644 1801 tumultus

305 1835 375 1897 sine
396 1832 481 1896 bello
503 1850 573 1894 esse
595 1850 661 1893 non
683 1832 794 1913 possit.
838 1829 868 1896 l.
891 1834 1016 1897 Etenim
1046 1852 1117 1897 cum
1140 1832 1223 1896 inter
1242 1832 1363 1896 bellum
1384 1839 1416 1895 et
1436 1851 1551 1917 pacem
1575 1831 1645 1894 m'o-

305 1928 392 1990 dium
414 1925 496 1990 nibil
517 1925 571 2000 sit,
593 1944 723 1989 necesse
746 1933 796 1988 est
817 1927 1004 2003 tumultum,
1033 1928 1061 1991 si
1083 1927 1160 1991 belli
1182 1947 1247 1990 non
1269 1926 1325 2001 sit,
1352 1927 1439 2010 pacis
1461 1945 1553 1990 esse:
1578 1944 1643 2007 quo

306 2021 384 2104 quid
414 2020 582 2084 absurdius
610 2018 674 2083 dici
704 2028 758 2084 aut
779 2020 953 2084 existimari
976 2024 1105 2104 potest?
1136 2021 1199 2084 Sed
1220 2020 1315 2085 nimis
1337 2020 1436 2084 multa
1459 2018 1501 2082 de
1523 2018 1644 2083 verbo:

304 2134 372 2178 rem
399 2114 506 2197 potius
532 2112 713 2188 videamus,
744 2122 848 2198 patres
875 2115 1065 2198 conscripti,
1094 2134 1190 2199 quam
1219 2114 1348 2197 quidem
1370 2112 1518 2195 iutelligo
1539 2111 1643 2176 verbo

267 2205 373 2272 solieri
395 2206 553 2270 interdum
576 2205 763 2271 deteriorem
784 2207 897 2271 solere.
932 2208 973 2270 Il.
994 2206 1150 2270 Nolumus
1171 2206 1233 2270 boc
1254 2206 1372 2270 bellum
1387 2206 1501 2270 videri.
1534 2206 1642 2282 Quam

304 2303 401 2385 igitur
422 2299 602 2383 municipiis
625 2308 658 2363 et
679 2301 813 2364 coloniis
835 2300 875 2363 ad
898 2300 1132 2364 excludendum
1153 2300 1325 2363 Antonium
1346 2301 1570 2363 auctoritatem
1587 2298 1643 2362 da·

305 2398 395 2459 musl
419 2413 529 2478 quam,
550 2400 586 2457 ut
599 2394 716 2457 milites
732 2392 808 2459 liant
822 2396 890 2458 sine
905 2394 954 2468 si,
977 2395 1047 2458 sine
1062 2394 1176 2469 multa,
1199 2393 1306 2456 studio
1320 2393 1506 2457 voluntate?
1529 2411 1641 2477 quam,

304 2497 341 2553 ut
361 2488 511 2573 pecunias
534 2486 567 2549 in
589 2488 835 2572 rempublicam
858 2488 1089 2571 polliceantur?
1113 2488 1147 2551 Si
1169 2487 1253 2550 enim
1275 2486 1350 2551 belli
1365 2506 1482 2551 nomen
1497 2487 1640 2561 tolletur,

304 2582 549 2664 municipiorum
578 2581 681 2644 studia
710 2582 876 2645 tollentur:
906 2601 1080 2646 consensus
1108 2581 1218 2664 populi
1241 2580 1389 2655 Romani,
1418 2580 1474 2665 qui
1495 2581 1562 2645 iam
1585 2578 1641 2643 de·

267 2675 428 2741 asscendit
449 2676 481 2739 in
504 2693 647 2748 causam,
670 2675 696 2737 si
718 2696 777 2740 nos
800 2676 1047 2758 languescimus,
1071 2674 1252 2738 debilitetur
1271 2693 1401 2738 necesse
1424 2679 1483 2738 est
1520 2672 1555 2736 5.
1576 2672 1639 2737 Sed

304 2769 381 2853 quid
402 2769 515 2851 plural
547 2769 585 2830 D.
607 2770 721 2831 Brutus
744 2779 960 2853 oppugnatur:
982 2791 1045 2835 non
1068 2775 1117 2833 est
1137 2767 1279 2830 bellum?
1313 2769 1432 2831 Mutina
1453 2766 1640 2832 obsidetur:

304 2883 345 2925 ne
372 2861 432 2925 boc
454 2860 581 2945 quidem
603 2859 723 2928 bellum
746 2864 818 2924 cst?
850 2863 953 2926 Gallia
975 2870 1128 2927 vastatur:
1156 2880 1239 2946 quae
1261 2881 1325 2945 pax
1348 2869 1547 2945 potestesse
1570 2880 1642 2925 cer-

304 2955 386 3018 tior?
418 2953 502 3017 Illud
523 2973 598 3017 vero
621 2955 692 3037 quis
714 2960 820 3037 potest
842 2956 959 3021 bellum
977 2977 1047 3022 esse
1062 2957 1192 3020 diceret
1215 2956 1402 3031 Consulem,
1423 2955 1639 3020 fortissimum

303 3049 424 3123 virum,
453 3068 524 3111 cum
547 3049 688 3112 exercitu
710 3048 870 3113 misimus:
900 3052 955 3135 qui
978 3072 1050 3115 cum
1072 3058 1158 3115 esset
1178 3047 1321 3114 infirmus
1343 3071 1383 3115 ex
1404 3049 1492 3132 gravi
1514 3047 1642 3113 diutur-

267 3159 413 3225 aonoquc
435 3142 560 3217 morbo,
591 3142 710 3205 nullam
732 3141 792 3206 sibi
814 3145 938 3226 putavit
962 3146 1197 3209 excusationem
1221 3164 1291 3207 esse
1313 3152 1472 3227 oportere,
1500 3163 1576 3207 cnm
1597 3141 1640 3206 ad

305 3236 351 3300 rei
377 3236 524 3319 publicae
554 3236 747 3318 praesidium
775 3246 951 3301 vocaretur.
998 3239 1031 3303 C.
1054 3238 1184 3322 quidem
1214 3238 1328 3302 Caesar
1352 3257 1416 3300 non
1438 3238 1644 3321 exspectavit

304 3337 408 3393 vestra
429 3329 569 3405 decreta,
597 3332 784 3412 praesertim
805 3352 877 3394 eum
899 3333 978 3396 illud
1002 3342 1086 3397 esset
1106 3334 1233 3397 aetatis:
1262 3332 1379 3395 bellum
1402 3339 1511 3395 contra
1537 3333 1642 3394 Anto·

303 3423 391 3486 nium
414 3443 472 3487 sna
492 3431 607 3507 sponte
629 3425 785 3507 suscepit:
815 3424 1008 3489 decernendi
1030 3428 1113 3489 enim
1143 3435 1265 3511 tempus
1287 3426 1428 3489 nondum
1450 3434 1536 3489 erat:
1569 3423 1642 3489 bel·

303 3516 370 3579 lum
390 3524 495 3581 autem
518 3518 647 3602 gerendi
670 3525 795 3602 tempus
812 3519 839 3583 si
854 3520 1132 3603 praetermisisset,
1149 3519 1278 3583 videbat
1290 3540 1324 3583 re
1339 3519 1466 3602 publica
1480 3537 1642 3603 oppressa

267 3610 384 3674 asnihil
407 3631 503 3695 posse
525 3612 663 3677 decerni.
706 3610 737 3674 6.
759 3614 843 3697 Ergo
870 3614 917 3677 illi
938 3634 1023 3679 nunc
1046 3622 1206 3680 eteorum
1229 3613 1386 3677 exercitus
1407 3614 1441 3677 in
1463 3631 1544 3697 paee
1565 3631 1642 3675 ven·

304 3714 422 3770 santur.
466 3709 536 3770 Non
563 3716 612 3770 est
635 3707 738 3770 bostis
765 3707 812 3782 is,
842 3709 932 3771 cuius
959 3709 1150 3793 praesidium
1181 3708 1327 3772 Claterna
1355 3707 1473 3771 deiecit
1491 3707 1641 3784 Hirtius:

303 3820 368 3864 non
392 3808 442 3864 est
465 3802 581 3877 bostis,
609 3802 665 3886 qui
693 3801 818 3865 consuli
846 3806 985 3865 armatus
1007 3802 1146 3876 obsistit,
1169 3801 1368 3885 designatum
1390 3801 1558 3865 consulem
1578 3821 1641 3882 op-

302 3904 437 3979 pugnat:
460 3917 519 3960 nec
539 3896 595 3960 illa
614 3895 743 3959 hostilia
764 3894 861 3959 verba
882 3914 941 3958 nec
962 3895 1088 3969 bellica,
1110 3913 1191 3978 quae
1213 3896 1308 3978 paulo
1329 3903 1403 3960 ants
1426 3916 1468 3960 ex
1488 3895 1640 3977 collegae

300 3989 414 4054 litteris
445 3992 548 4056 Pansa
579 3990 743 4055 recitavit:
785 3989 919 4052 Deieoi
953 3989 1216 4072 praesidinm
1252 3990 1438 4054 Claterna
1467 3990 1640 4074 potitus

366 4319 390 4367 l.
409 4318 501 4367 dictum
518 4319 541 4378 t,
568 4318 631 4367 item
654 4316 671 4367 b
692 4330 785 4367 rasura
803 4331 836 4368 ex
852 4318 954 4368 ductum
979 4345 1005 4355 -
1031 4318 1056 4367 ἱ.
1076 4312 1209 4366 dorcestiori
1227 4315 1249 4364 V
1267 4344 1294 4352 -
1321 4316 1419 4381 ltaliae]
1436 4317 1584 4382 pellicent
1604 4342 1635 4355 -

295 4398 416 4456 praetere
433 4393 454 4442 V
473 4420 499 4429 -
519 4391 544 4441 3.
561 4392 658 4441 nullum
675 4392 708 4441 V:
726 4393 822 4442 nullum
843 4394 976 4443 tumultum
992 4394 1014 4442 D
1031 4419 1064 4429 -
1081 4390 1172 4455 amors]
1190 4389 1299 4442 ctiumb
1319 4417 1346 4426 -
1365 4404 1415 4440 csse
1431 4392 1567 4442 temanum
1583 4394 1638 4443 lsi-

300 4467 389 4517 dorus.
410 4493 437 4503 -
462 4465 486 4516 l.
505 4465 561 4529 binc
576 4467 683 4530 iutellopi
701 4472 781 4529 potest
797 4469 862 4530 quod
873 4470 908 4518 V:
926 4469 983 4518 binc
999 4468 1105 4532 intellegi
1121 4469 1177 4518 licet
1192 4469 1258 4531 qaod
1274 4468 1341 4525 Do:
1360 4481 1421 4517 nom
1437 4467 1557 4519 Isidorus
1572 4467 1635 4520 rell.

300 4554 353 4592 om.
374 4568 401 4577 -
420 4542 447 4591 tc
462 4541 522 4591 bello
539 4541 670 4602 Isidorus:
689 4541 750 4593 bello
765 4543 850 4594 italico
866 4543 904 4600 V:
922 4542 984 4592 bello
999 4541 1090 4605 pollice
1107 4543 1129 4591 D
1149 4569 1176 4578 —
1196 4542 1220 4593 d,
1238 4556 1288 4591 con
1301 4543 1379 4604 possit
1395 4553 1446 4591 csse
1463 4545 1486 4600 t,
1504 4556 1558 4592 oon
1574 4556 1634 4595 orn.

300 4628 361 4665 a·
381 4617 405 4666 8.
423 4617 478 4678 cut]
493 4621 522 4665 ol
538 4616 560 4665 V
579 4642 606 4653 -
634 4617 674 4667 l0.
693 4618 837 4669 deteriorem
859 4618 984 4667 interdum
1005 4615 1070 4666 b-
1092 4617 1207 4666 nolumus
1229 4615 1307 4666 abt:
1333 4616 1450 4666 uolumus
1466 4629 1496 4679 g;
1522 4617 1637 4668 notiam

299 4691 364 4752 VO,
383 4703 464 4754 quam
486 4689 626 4741 lectionem
645 4693 772 4742 Graevius
794 4692 912 4757 praefert
928 4690 1076 4755 explicans:
1096 4691 1179 4741 sitite
1198 4704 1246 4742 nos
1264 4689 1333 4740 nolle
1351 4689 1452 4741 bellum
1470 4703 1578 4741 vocare.
1598 4718 1635 4728 -

300 4765 339 4814 ll.
358 4766 532 4817 oucwritotem
548 4779 602 4819 om.
621 4769 632 4817 t
649 4793 676 4803 -
701 4769 741 4817 ⁴2.
758 4771 822 4832 ficol
838 4768 874 4816 V:
897 4768 947 4816 sint
963 4769 984 4816 D
1003 4792 1031 4802 -
1054 4769 1108 4816 sius
1123 4768 1150 4816 ui
1166 4767 1218 4816 :icc
1234 4769 1245 4816 t
1264 4793 1291 4802 -
1313 4767 1393 4816 multu
1409 4766 1445 4816 V:
1465 4766 1574 4815 tunsus
1592 4767 1631 4825 D:

279 4839 392 4889 'mulcta
409 4840 429 4890 O
448 4867 475 4876 -
495 4842 576 4892 studio
592 4841 628 4890 V:
646 4842 732 4892 'stadIo
749 4847 772 4893 ct
789 4844 810 4893 D
829 4868 856 4878 -
884 4841 923 4891 ⁴³.
942 4846 971 4890 ot
983 4843 1104 4904 pecunius
1119 4843 1146 4891 in
1162 4855 1191 4891 rc
1205 4856 1232 4905 p.
1250 4841 1286 4901 V:
1305 4846 1333 4890 ut
1348 4855 1372 4890 r.
1388 4854 1415 4903 p.
1430 4841 1581 4902 pecuniort
1601 4866 1630 4876 -

297 4927 387 4964 nomen
402 4912 457 4965 belli
474 4927 490 4964 a
509 4943 536 4952 -
560 4915 700 4965 rodercrv
714 4915 827 4978 (duabus
844 4916 1014 4976 lectionibus,
1033 4920 1063 4967 ut
1079 4930 1160 4981 saepe
1177 4918 1204 4967 in
1222 4929 1255 4967 co
1271 4915 1352 4978 solet,
1371 4915 1542 4977 coniunctis);
1561 4915 1633 4965 tolli-

298 4995 340 5040 tur
356 4991 378 5040 D
398 5017 425 5027 —
444 4990 484 5042 ll.
503 4991 619 5041 tollcctw
636 4991 669 5039 V:
689 4992 809 5042 tolluntur
825 4994 846 5043 D
865 5018 892 5027 -
919 4993 960 5042 46.
979 4992 1020 5057 D.]
1038 4992 1154 5041 domitius
1170 4991 1206 5049 V:
1224 4992 1284 5041 dum
1300 4992 1322 5041 D
1342 5017 1369 5027 -
1388 4991 1488 5041 Mutina
1503 4989 1634 5039 obss'dm

298 5067 334 5117 D:
352 5068 446 5116 matina
460 5066 631 5117 dominaretur
641 5071 742 5117 setam
758 5069 883 5131 opsidetur
894 5067 925 5129 V,
943 5069 970 5118 ln
988 5080 1042 5130 quo
1057 5065 1120 5130 quid
1137 5065 1217 5116 lateat
1233 5064 1311 5128 plane
1329 5065 1486 5128 ignoratum:
1505 5063 1568 5114 vide
1586 5066 1632 5114 ta-

298 5154 360 5191 men
377 5153 410 5190 ne
427 5139 511 5191 verba
528 5141 616 5205 inepta
634 5153 666 5191 ex
683 5140 743 5191 loco
760 5141 882 5193 interiore
899 5156 926 5207 p.
941 5142 1018 5202 talll,
1038 5142 1053 5191 9
1074 5141 1127 5190 huc
1145 5142 1248 5190 invecta
1265 5141 1327 5191 slot.
1343 5166 1369 5175 -
1388 5140 1428 5189 47.
1445 5152 1491 5188 occ
1505 5140 1552 5189 boc
1568 5153 1585 5188 a
1600 5165 1629 5176 -

296 5216 422 5266 satutari
439 5216 461 5264 V
475 5241 501 5251 -
519 5228 575 5277 poc
588 5220 667 5276 potest
683 5214 718 5264 V:
735 5221 814 5278 potest
828 5230 884 5279 pac
900 5218 963 5267 D-
983 5218 1024 5267 48.
1042 5216 1131 5266 bellum
1144 5221 1224 5277 polest
1241 5229 1257 5264 o
1276 5241 1304 5251 -
1322 5213 1446 5264 consulem
1462 5213 1499 5261 V:
1519 5226 1569 5275 quo
1587 5214 1628 5273 D;

297 5304 346 5354 pao
362 5289 485 5340 consulem
502 5290 570 5340 coni.
589 5291 729 5344 Garatoni:
748 5304 797 5354 ego
815 5289 919 5341 malim:
939 5293 1032 5352 dicem
1051 5291 1117 5353 quod
1132 5291 1255 5339 emerem
1266 5314 1302 5327 ··
1315 5287 1444 5337 misimur?
1462 5313 1489 5323 -
1510 5288 1551 5338 so.
1569 5300 1631 5337 susp

296 5366 408 5416 molto
425 5377 477 5414 om.
492 5377 506 5414 a
521 5392 548 5401 -
566 5377 599 5414 ee
615 5365 652 5414 D:
671 5370 695 5415 ct
711 5365 773 5413 V·
793 5365 834 5416 sl.
854 5367 880 5417 0.
898 5368 998 5427 quiden
1014 5366 1096 5429 abg:
1117 5365 1262 5428 quidcmv;
1281 5363 1393 5424 equidm
1410 5364 1421 5411 t
1438 5387 1465 5397 —
1485 5362 1630 5413 ilcestre

296 5442 364 5491 VD:
382 5440 506 5491 costroO
526 5465 553 5475 —
571 5438 626 5488 illut
641 5443 702 5489 essct
718 5439 753 5488 V:
772 5444 832 5489 osset
847 5439 910 5490 illud
925 5442 951 5500 t;
969 5445 1028 5490 essct
1044 5441 1110 5490 illins
1126 5439 1207 5503 abg,
1227 5440 1276 5490 sed
1293 5440 1318 5487 in
1337 5437 1354 5487 b
1371 5437 1438 5487 itlius
1453 5450 1486 5487 ex
1504 5449 1574 5488 corr.
1598 5461 1625 5474 —-

295 5521 397 5566 coemat
412 5515 561 5566 omniomV
581 5541 608 5550 -
625 5513 666 5564 2³.
685 5519 770 5577 sponte
784 5527 864 5564 soca
884 5541 911 5551 -
930 5516 972 5566 23.
991 5519 1045 5565 orel
1063 5516 1097 5564 V:
1115 5520 1222 5566 ηουσναι
1239 5526 1267 5570 a:
1285 5517 1390 5563 emeret
1406 5511 1469 5575 bgt
1488 5536 1516 5547 -
1536 5509 1628 5560 Mum

296 5590 331 5640 V:
350 5591 405 5640 belli
421 5591 473 5641 DO
491 5615 518 5624 —
537 5588 578 5640 il.
596 5602 671 5654 porca
688 5590 711 5639 V
729 5615 756 5625 -
775 5595 868 5652 tempos
885 5590 915 5639 V¹
935 5617 963 5629 -
980 5592 1186 5653 wcecmsoosc
1202 5591 1264 5639 V-
1284 5601 1389 5651 oppress
1405 5588 1428 5636 V
1441 5613 1466 5624 -
1486 5586 1529 5636 25.
1548 5591 1571 5636 et
1582 5599 1628 5636 so-

294 5677 353 5713 ram
369 5663 402 5714 b:
420 5669 444 5714 ct
459 5677 503 5714 cor
519 5663 553 5721 V:
570 5669 726 5714 socerorum
742 5666 802 5727 agl
818 5691 851 5701 -
866 5665 963 5714 occisso
978 5662 1050 5713 V¹-
1069 5665 1109 5714 26.
1128 5667 1149 5713 is
1166 5677 1219 5714 om.
1238 5665 1250 5713 t
1267 5663 1475 5727 (bononica)-
1491 5660 1628 5711 colerem

297 5738 367 5787 v-
386 5740 428 5790 27.
446 5737 523 5800 quib
542 5750 611 5789 corr.
630 5751 663 5788 ox
680 5733 729 5801 qus
747 5765 774 5775 -
798 5741 892 5790 consuli
908 5740 942 5789 V:
965 5735 1024 5790 coris
1039 5738 1094 5798 bt:
1118 5741 1204 5790 coemi
1219 5752 1260 5802 og
1278 5765 1305 5775 ·-
1329 5738 1422 5788 obsistit
1436 5736 1471 5785 V:
1492 5748 1546 5786 om.
1565 5748 1624 5800 ag:

295 5810 386 5862 obddct
402 5814 429 5874 ις
452 5813 543 5865 obsidet
558 5814 602 5877 qul
618 5812 651 5874 b;
674 5813 766 5865 obsistit
786 5816 830 5876 qul
846 5814 939 5867 Lamb.
958 5842 990 5854 -
1013 5815 1098 5864 comat
1114 5814 1136 5863 V
1155 5841 1181 5851 -
1206 5815 1246 5865 28.
1265 5827 1346 5865 uerso
1362 5813 1383 5864 V
1409 5839 1434 5850 -
1462 5825 1496 5865 σω
1513 5811 1626 5878 collspu

296 5901 349 5938 om.
369 5890 387 5938 t.
