<?xml version="1.0" encoding="UTF-8"?>
<!DOCTYPE html PUBLIC "-//W3C//DTD XHTML 1.0 Transitional//EN"
    "http://www.w3.org/TR/xhtml1/DTD/xhtml1-transitional.dtd">
<html xmlns="http://www.w3.org/1999/xhtml" xml:lang="en" lang="en">
 <head>
  <title>
</title>
<meta http-equiv="Content-Type" content="text/html;charset=utf-8" />
  <meta name='ocr-system' content='tesseract 3.04.00' />
  <meta name='ocr-capabilities' content='ocr_page ocr_carea ocr_par ocr_line ocrx_word'/>
</head>
<body>
  <div class='ocr_page' id='page_1' title='image "./operaquaesupers08halmgoog/operaquaesupers08halmgoog_0083.png"; bbox 0 0 3800 7350; ppageno 0'>
   <div class='ocr_carea' id='block_1_1' title="bbox 694 1224 1620 1313">
    <p class='ocr_par' dir='ltr' id='par_1_1' title="bbox 694 1224 1620 1313">
     <span class='ocr_line' id='line_1_1' title="bbox 694 1224 1620 1313; baseline 0.005 -22"><span class='ocrx_word' id='word_1_1' title='bbox 694 1225 768 1291; x_wconf 74' lang='lat' dir='ltr'><strong>cn».</strong></span> <span class='ocrx_word' id='word_1_2' title='bbox 790 1226 977 1294; x_wconf 85' lang='lat' dir='ltr'><strong>vrn-xr.</strong></span> <span class='ocrx_word' id='word_1_3' title='bbox 1004 1224 1050 1313; x_wconf 74' lang='lat' dir='ltr'><strong>ss</strong></span> <span class='ocrx_word' id='word_1_4' title='bbox 1073 1225 1219 1296; x_wconf 78' lang='lat' dir='ltr'><strong>ss-ss.</strong></span> <span class='ocrx_word' id='word_1_5' title='bbox 1557 1228 1620 1296; x_wconf 79' lang='lat' dir='ltr'><strong>sos</strong></span> 
     </span>
    </p>
   </div>
   <div class='ocr_carea' id='block_1_2' title="bbox 283 1393 1661 4955">
    <p class='ocr_par' dir='ltr' id='par_1_2' title="bbox 293 1393 1622 1556">
     <span class='ocr_line' id='line_1_2' title="bbox 294 1393 1622 1485; baseline 0.007 -27"><span class='ocrx_word' id='word_1_6' title='bbox 294 1393 415 1461; x_wconf 83' lang='lat' dir='ltr'><strong>voluit:</strong></span> <span class='ocrx_word' id='word_1_7' title='bbox 442 1401 475 1459; x_wconf 89' lang='lat' dir='ltr'><strong>at</strong></span> <span class='ocrx_word' id='word_1_8' title='bbox 495 1394 702 1479; x_wconf 71' lang='lat' dir='ltr'><strong>obsignantur</strong></span> <span class='ocrx_word' id='word_1_9' title='bbox 722 1403 898 1480; x_wconf 75' lang='lat' dir='ltr'>corruptae.</span> <span class='ocrx_word' id='word_1_10' title='bbox 938 1397 1023 1474; x_wconf 88' lang='lat' dir='ltr'><strong>Quid</strong></span> <span class='ocrx_word' id='word_1_11' title='bbox 1045 1397 1142 1463; x_wconf 80' lang='lat' dir='ltr'><strong>refert</strong></span> <span class='ocrx_word' id='word_1_12' title='bbox 1163 1400 1277 1482; x_wconf 76' lang='lat' dir='ltr'><strong>igitur,</strong></span> <span class='ocrx_word' id='word_1_13' title='bbox 1305 1407 1394 1465; x_wconf 89' lang='lat' dir='ltr'><strong>tanto</strong></span> <span class='ocrx_word' id='word_1_14' title='bbox 1416 1409 1489 1485; x_wconf 89' lang='lat' dir='ltr'><strong>post</strong></span> <span class='ocrx_word' id='word_1_15' title='bbox 1509 1401 1551 1465; x_wconf 90' lang='lat' dir='ltr'><strong>ad</strong></span> <span class='ocrx_word' id='word_1_16' title='bbox 1572 1402 1622 1468; x_wconf 91' lang='lat' dir='ltr'><strong>in·</strong></span> 
     </span>
     <span class='ocr_line' id='line_1_3' title="bbox 293 1488 1108 1556; baseline 0.005 -4"><span class='ocrx_word' id='word_1_17' title='bbox 293 1488 380 1554; x_wconf 91' lang='lat' dir='ltr'><strong>dices</strong></span> <span class='ocrx_word' id='word_1_18' title='bbox 402 1489 585 1554; x_wconf 88' lang='lat' dir='ltr'><strong>deferantur</strong></span> <span class='ocrx_word' id='word_1_19' title='bbox 605 1509 646 1553; x_wconf 91' lang='lat' dir='ltr'><strong>an</strong></span> <span class='ocrx_word' id='word_1_20' title='bbox 667 1490 797 1554; x_wconf 91' lang='lat' dir='ltr'><strong>omnino</strong></span> <span class='ocrx_word' id='word_1_21' title='bbox 820 1511 884 1554; x_wconf 95' lang='lat' dir='ltr'><strong>non</strong></span> <span class='ocrx_word' id='word_1_22' title='bbox 906 1489 1108 1556; x_wconf 74' lang='lat' dir='ltr'><strong>deferantur?</strong></span> 
     </span>
    </p>

    <p class='ocr_par' dir='ltr' id='par_1_3' title="bbox 283 1581 1661 4955">
     <span class='ocr_line' id='line_1_4' title="bbox 376 1581 1621 1668; baseline 0.006 -21"><span class='ocrx_word' id='word_1_23' title='bbox 376 1584 417 1647; x_wconf 85' lang='lat' dir='ltr'><strong>ll.</strong></span> <span class='ocrx_word' id='word_1_24' title='bbox 440 1581 597 1660; x_wconf 63' lang='lat' dir='ltr'><strong>Quintus</strong></span> <span class='ocrx_word' id='word_1_25' title='bbox 619 1585 746 1648; x_wconf 89' lang='lat' dir='ltr'><strong>testium</strong></span> <span class='ocrx_word' id='word_1_26' title='bbox 768 1584 909 1648; x_wconf 89' lang='lat' dir='ltr'><strong>studium</strong></span> <span class='ocrx_word' id='word_1_27' title='bbox 932 1606 1004 1649; x_wconf 93' lang='lat' dir='ltr'><strong>cum</strong></span> <span class='ocrx_word' id='word_1_28' title='bbox 1017 1593 1201 1668; x_wconf 79' lang='lat' dir='ltr'><strong>accusatore</strong></span> <span class='ocrx_word' id='word_1_29' title='bbox 1220 1589 1374 1652; x_wconf 88' lang='lat' dir='ltr'><strong>sociatum</strong></span> <span class='ocrx_word' id='word_1_30' title='bbox 1388 1594 1451 1664; x_wconf 89' lang='lat' dir='ltr'><strong>est,</strong></span> <span class='ocrx_word' id='word_1_31' title='bbox 1473 1597 1621 1654; x_wconf 76' lang='lat' dir='ltr'><strong>tamenne</strong></span> 
     </span>
     <span class='ocr_line' id='line_1_5' title="bbox 290 1671 1622 1767; baseline 0.005 -28"><span class='ocrx_word' id='word_1_32' title='bbox 290 1675 345 1740; x_wconf 91' lang='lat' dir='ltr'><strong>isti</strong></span> <span class='ocrx_word' id='word_1_33' title='bbox 367 1683 464 1742; x_wconf 91' lang='lat' dir='ltr'><strong>testes</strong></span> <span class='ocrx_word' id='word_1_34' title='bbox 485 1676 708 1742; x_wconf 74' lang='lat' dir='ltr'><strong>habebuntur?</strong></span> <span class='ocrx_word' id='word_1_35' title='bbox 742 1678 801 1743; x_wconf 86' lang='lat' dir='ltr'><strong>Ubi</strong></span> <span class='ocrx_word' id='word_1_36' title='bbox 829 1686 877 1743; x_wconf 92' lang='lat' dir='ltr'><strong>est</strong></span> <span class='ocrx_word' id='word_1_37' title='bbox 906 1680 1004 1761; x_wconf 74' lang='lat' dir='ltr'><strong>igitur</strong></span> <span class='ocrx_word' id='word_1_38' title='bbox 1023 1671 1080 1742; x_wconf 91' lang='lat' dir='ltr'><strong>illa</strong></span> <span class='ocrx_word' id='word_1_39' title='bbox 1101 1682 1313 1765; x_wconf 75' lang='lat' dir='ltr'><strong>exspectatio,</strong></span> <span class='ocrx_word' id='word_1_40' title='bbox 1343 1702 1426 1767; x_wconf 86' lang='lat' dir='ltr'><strong>quae</strong></span> <span class='ocrx_word' id='word_1_41' title='bbox 1447 1684 1566 1748; x_wconf 87' lang='lat' dir='ltr'><strong>versari</strong></span> <span class='ocrx_word' id='word_1_42' title='bbox 1587 1684 1622 1746; x_wconf 92' lang='lat' dir='ltr'><strong>in</strong></span> 
     </span>
     <span class='ocr_line' id='line_1_6' title="bbox 290 1763 1646 1848; baseline 0.007 -15"><span class='ocrx_word' id='word_1_43' title='bbox 290 1770 416 1836; x_wconf 89' lang='lat' dir='ltr'><strong>indiciis</strong></span> <span class='ocrx_word' id='word_1_44' title='bbox 438 1770 543 1836; x_wconf 78' lang='lat' dir='ltr'><strong>soleti</strong></span> <span class='ocrx_word' id='word_1_45' title='bbox 570 1773 650 1835; x_wconf 89' lang='lat' dir='ltr'><strong>Nam</strong></span> <span class='ocrx_word' id='word_1_46' title='bbox 672 1779 785 1848; x_wconf 90' lang='lat' dir='ltr'><strong>antea,</strong></span> <span class='ocrx_word' id='word_1_47' title='bbox 806 1792 878 1835; x_wconf 90' lang='lat' dir='ltr'><strong>cum</strong></span> <span class='ocrx_word' id='word_1_48' title='bbox 900 1772 1026 1838; x_wconf 79' lang='lat' dir='ltr'><strong>dixerat</strong></span> <span class='ocrx_word' id='word_1_49' title='bbox 1046 1782 1212 1839; x_wconf 88' lang='lat' dir='ltr'><strong>accusator</strong></span> <span class='ocrx_word' id='word_1_50' title='bbox 1231 1763 1346 1840; x_wconf 75' lang='lat' dir='ltr'><strong>adnitar</strong></span> <span class='ocrx_word' id='word_1_51' title='bbox 1366 1782 1399 1840; x_wconf 93' lang='lat' dir='ltr'><strong>et</strong></span> <span class='ocrx_word' id='word_1_52' title='bbox 1419 1776 1646 1842; x_wconf 87' lang='lat' dir='ltr'><strong>vehomenters</strong></span> 
     </span>
     <span class='ocr_line' id='line_1_7' title="bbox 290 1863 1624 1953; baseline 0.002 -24"><span class='ocrx_word' id='word_1_53' title='bbox 290 1883 429 1950; x_wconf 86' lang='lat' dir='ltr'><strong>cumque</strong></span> <span class='ocrx_word' id='word_1_54' title='bbox 458 1863 609 1929; x_wconf 90' lang='lat' dir='ltr'><strong>defensor</strong></span> <span class='ocrx_word' id='word_1_55' title='bbox 638 1866 825 1950; x_wconf 78' lang='lat' dir='ltr'><strong>suppliciter</strong></span> <span class='ocrx_word' id='word_1_56' title='bbox 852 1867 1054 1953; x_wconf 78' lang='lat' dir='ltr'><strong>demisseque</strong></span> <span class='ocrx_word' id='word_1_57' title='bbox 1082 1870 1308 1951; x_wconf 87' lang='lat' dir='ltr'><strong>responderat,</strong></span> <span class='ocrx_word' id='word_1_58' title='bbox 1335 1870 1446 1933; x_wconf 88' lang='lat' dir='ltr'><strong>tertius</strong></span> <span class='ocrx_word' id='word_1_59' title='bbox 1473 1870 1528 1933; x_wconf 89' lang='lat' dir='ltr'><strong>ille</strong></span> <span class='ocrx_word' id='word_1_60' title='bbox 1556 1875 1624 1934; x_wconf 92' lang='lat' dir='ltr'><strong>erat</strong></span> 
     </span>
     <span class='ocr_line' id='line_1_8' title="bbox 291 1959 1624 2045; baseline 0.004 -23"><span class='ocrx_word' id='word_1_61' title='bbox 291 1964 494 2043; x_wconf 84' lang='lat' dir='ltr'><strong>exspectatus</strong></span> <span class='ocrx_word' id='word_1_62' title='bbox 523 1959 613 2024; x_wconf 91' lang='lat' dir='ltr'><strong>locus</strong></span> <span class='ocrx_word' id='word_1_63' title='bbox 641 1962 784 2037; x_wconf 90' lang='lat' dir='ltr'><strong>testium,</strong></span> <span class='ocrx_word' id='word_1_64' title='bbox 815 1960 871 2045; x_wconf 87' lang='lat' dir='ltr'><strong>qui</strong></span> <span class='ocrx_word' id='word_1_65' title='bbox 900 1969 955 2025; x_wconf 92' lang='lat' dir='ltr'><strong>aut</strong></span> <span class='ocrx_word' id='word_1_66' title='bbox 984 1962 1054 2025; x_wconf 92' lang='lat' dir='ltr'><strong>sine</strong></span> <span class='ocrx_word' id='word_1_67' title='bbox 1081 1962 1149 2027; x_wconf 93' lang='lat' dir='ltr'><strong>ullo</strong></span> <span class='ocrx_word' id='word_1_68' title='bbox 1179 1962 1285 2028; x_wconf 88' lang='lat' dir='ltr'><strong>studio</strong></span> <span class='ocrx_word' id='word_1_69' title='bbox 1308 1963 1455 2027; x_wconf 90' lang='lat' dir='ltr'><strong>dicebant</strong></span> <span class='ocrx_word' id='word_1_70' title='bbox 1475 1971 1531 2028; x_wconf 85' lang='lat' dir='ltr'><strong>aut</strong></span> <span class='ocrx_word' id='word_1_71' title='bbox 1550 1983 1624 2027; x_wconf 93' lang='lat' dir='ltr'><strong>cum</strong></span> 
     </span>
     <span class='ocr_line' id='line_1_9' title="bbox 290 2052 1624 2143; baseline 0.002 -26"><span class='ocrx_word' id='word_1_72' title='bbox 290 2053 545 2119; x_wconf 78' lang='lat' dir='ltr'><strong>dissimulatione</strong></span> <span class='ocrx_word' id='word_1_73' title='bbox 578 2056 687 2140; x_wconf 88' lang='lat' dir='ltr'><strong>aliqua</strong></span> <span class='ocrx_word' id='word_1_74' title='bbox 709 2056 904 2140; x_wconf 79' lang='lat' dir='ltr'><strong>cupiditatis.</strong></span> <span class='ocrx_word' id='word_1_75' title='bbox 947 2052 999 2120; x_wconf 76' lang='lat'><strong>22.</strong></span> <span class='ocrx_word' id='word_1_76' title='bbox 1021 2057 1090 2121; x_wconf 85' lang='lat' dir='ltr'><strong>Hoc</strong></span> <span class='ocrx_word' id='word_1_77' title='bbox 1110 2077 1187 2122; x_wconf 88' lang='lat' dir='ltr'><strong>vero</strong></span> <span class='ocrx_word' id='word_1_78' title='bbox 1208 2058 1289 2143; x_wconf 89' lang='lat' dir='ltr'><strong>quid</strong></span> <span class='ocrx_word' id='word_1_79' title='bbox 1310 2061 1381 2122; x_wconf 85' lang='lat' dir='ltr'><strong>estl</strong></span> <span class='ocrx_word' id='word_1_80' title='bbox 1412 2057 1481 2122; x_wconf 86' lang='lat' dir='ltr'><strong>Una</strong></span> <span class='ocrx_word' id='word_1_81' title='bbox 1502 2057 1624 2132; x_wconf 84' lang='lat' dir='ltr'><strong>sedent,</strong></span> 
     </span>
     <span class='ocr_line' id='line_1_10' title="bbox 290 2149 1623 2233; baseline 0.003 -23"><span class='ocrx_word' id='word_1_82' title='bbox 290 2168 333 2211; x_wconf 86' lang='lat' dir='ltr'><strong>ex</strong></span> <span class='ocrx_word' id='word_1_83' title='bbox 353 2154 573 2213; x_wconf 89' lang='lat' dir='ltr'><strong>accusatorum</strong></span> <span class='ocrx_word' id='word_1_84' title='bbox 595 2149 756 2214; x_wconf 88' lang='lat' dir='ltr'><strong>subselliis</strong></span> <span class='ocrx_word' id='word_1_85' title='bbox 777 2156 928 2233; x_wconf 72' lang='lat' dir='ltr'><strong>surgunt,</strong></span> <span class='ocrx_word' id='word_1_86' title='bbox 950 2169 1017 2214; x_wconf 92' lang='lat' dir='ltr'><strong>non</strong></span> <span class='ocrx_word' id='word_1_87' title='bbox 1039 2151 1259 2228; x_wconf 88' lang='lat' dir='ltr'><strong>dissimulant,</strong></span> <span class='ocrx_word' id='word_1_88' title='bbox 1288 2171 1354 2215; x_wconf 94' lang='lat' dir='ltr'><strong>non</strong></span> <span class='ocrx_word' id='word_1_89' title='bbox 1374 2158 1531 2216; x_wconf 87' lang='lat' dir='ltr'><strong>verentur.</strong></span> <span class='ocrx_word' id='word_1_90' title='bbox 1575 2152 1623 2214; x_wconf 89' lang='lat' dir='ltr'><strong>De</strong></span> 
     </span>
     <span class='ocr_line' id='line_1_11' title="bbox 290 2240 1661 2329; baseline 0.004 -23"><span class='ocrx_word' id='word_1_91' title='bbox 290 2240 451 2306; x_wconf 83' lang='lat' dir='ltr'><strong>subselliis</strong></span> <span class='ocrx_word' id='word_1_92' title='bbox 479 2246 620 2328; x_wconf 74' lang='lat' dir='ltr'><strong>queror?</strong></span> <span class='ocrx_word' id='word_1_93' title='bbox 649 2263 714 2307; x_wconf 92' lang='lat' dir='ltr'><strong>una</strong></span> <span class='ocrx_word' id='word_1_94' title='bbox 741 2264 782 2307; x_wconf 84' lang='lat' dir='ltr'><strong>cx</strong></span> <span class='ocrx_word' id='word_1_95' title='bbox 815 2244 908 2308; x_wconf 91' lang='lat' dir='ltr'><strong>domo</strong></span> <span class='ocrx_word' id='word_1_96' title='bbox 937 2243 1113 2328; x_wconf 87' lang='lat' dir='ltr'><strong>prodeunt;</strong></span> <span class='ocrx_word' id='word_1_97' title='bbox 1142 2246 1170 2310; x_wconf 92' lang='lat' dir='ltr'><strong>si</strong></span> <span class='ocrx_word' id='word_1_98' title='bbox 1192 2246 1288 2311; x_wconf 87' lang='lat' dir='ltr'><strong>verbo</strong></span> <span class='ocrx_word' id='word_1_99' title='bbox 1309 2246 1530 2322; x_wconf 83' lang='lat' dir='ltr'><strong>titubaverint,</strong></span> <span class='ocrx_word' id='word_1_100' title='bbox 1558 2262 1661 2329; x_wconf 79' lang='lat' dir='ltr'><strong>quoto</strong></span> 
     </span>
     <span class='ocr_line' id='line_1_12' title="bbox 289 2336 1624 2425; baseline 0.002 -25"><span class='ocrx_word' id='word_1_101' title='bbox 289 2341 505 2413; x_wconf 83' lang='lat' dir='ltr'><strong>revertantur,</strong></span> <span class='ocrx_word' id='word_1_102' title='bbox 526 2355 591 2401; x_wconf 92' lang='lat' dir='ltr'><strong>non</strong></span> <span class='ocrx_word' id='word_1_103' title='bbox 612 2336 784 2401; x_wconf 88' lang='lat' dir='ltr'><strong>habebunt.</strong></span> <span class='ocrx_word' id='word_1_104' title='bbox 818 2338 867 2400; x_wconf 75' lang='lat' dir='ltr'><strong>An</strong></span> <span class='ocrx_word' id='word_1_105' title='bbox 889 2339 1061 2422; x_wconf 81' lang='lat' dir='ltr'><strong>quisquam</strong></span> <span class='ocrx_word' id='word_1_106' title='bbox 1081 2358 1153 2404; x_wconf 91' lang='lat' dir='ltr'><strong>esse</strong></span> <span class='ocrx_word' id='word_1_107' title='bbox 1174 2341 1263 2404; x_wconf 90' lang='lat' dir='ltr'><strong>testis</strong></span> <span class='ocrx_word' id='word_1_108' title='bbox 1279 2346 1398 2425; x_wconf 88' lang='lat' dir='ltr'><strong>potest,</strong></span> <span class='ocrx_word' id='word_1_109' title='bbox 1420 2360 1516 2425; x_wconf 83' lang='lat' dir='ltr'><strong>quem</strong></span> <span class='ocrx_word' id='word_1_110' title='bbox 1532 2359 1624 2404; x_wconf 89' lang='lat' dir='ltr'><strong>aceu-</strong></span> 
     </span>
     <span class='ocr_line' id='line_1_13' title="bbox 290 2430 1623 2519; baseline 0.002 -26"><span class='ocrx_word' id='word_1_111' title='bbox 290 2437 376 2494; x_wconf 88' lang='lat' dir='ltr'><strong>sator</strong></span> <span class='ocrx_word' id='word_1_112' title='bbox 396 2430 465 2494; x_wconf 87' lang='lat' dir='ltr'><strong>sine</strong></span> <span class='ocrx_word' id='word_1_113' title='bbox 487 2450 563 2495; x_wconf 88' lang='lat' dir='ltr'><strong>cura</strong></span> <span class='ocrx_word' id='word_1_114' title='bbox 583 2432 756 2515; x_wconf 79' lang='lat' dir='ltr'><strong>interroget</strong></span> <span class='ocrx_word' id='word_1_115' title='bbox 775 2450 835 2494; x_wconf 93' lang='lat' dir='ltr'><strong>nec</strong></span> <span class='ocrx_word' id='word_1_116' title='bbox 857 2439 997 2508; x_wconf 90' lang='lat' dir='ltr'><strong>metuat,</strong></span> <span class='ocrx_word' id='word_1_117' title='bbox 1026 2452 1068 2497; x_wconf 88' lang='lat' dir='ltr'><strong>no</strong></span> <span class='ocrx_word' id='word_1_118' title='bbox 1089 2433 1152 2498; x_wconf 91' lang='lat' dir='ltr'><strong>sibi</strong></span> <span class='ocrx_word' id='word_1_119' title='bbox 1174 2434 1312 2519; x_wconf 87' lang='lat' dir='ltr'><strong>aliquid,</strong></span> <span class='ocrx_word' id='word_1_120' title='bbox 1333 2432 1421 2519; x_wconf 87' lang='lat' dir='ltr'><strong>quod</strong></span> <span class='ocrx_word' id='word_1_121' title='bbox 1442 2435 1512 2518; x_wconf 92' lang='lat' dir='ltr'><strong>ipse</strong></span> <span class='ocrx_word' id='word_1_122' title='bbox 1533 2433 1623 2508; x_wconf 87' lang='lat' dir='ltr'><strong>nolit,</strong></span> 
     </span>
     <span class='ocr_line' id='line_1_14' title="bbox 289 2524 1624 2612; baseline 0 -24"><span class='ocrx_word' id='word_1_123' title='bbox 289 2524 504 2609; x_wconf 74' lang='lat' dir='ltr'><strong>respondeat?</strong></span> <span class='ocrx_word' id='word_1_124' title='bbox 526 2524 585 2589; x_wconf 91' lang='lat' dir='ltr'><strong>Ubi</strong></span> <span class='ocrx_word' id='word_1_125' title='bbox 607 2532 658 2589; x_wconf 92' lang='lat' dir='ltr'><strong>est</strong></span> <span class='ocrx_word' id='word_1_126' title='bbox 678 2527 777 2608; x_wconf 75' lang='lat' dir='ltr'><strong>igitur</strong></span> <span class='ocrx_word' id='word_1_127' title='bbox 790 2525 846 2588; x_wconf 93' lang='lat' dir='ltr'><strong>illa</strong></span> <span class='ocrx_word' id='word_1_128' title='bbox 860 2526 930 2590; x_wconf 93' lang='lat' dir='ltr'><strong>laus</strong></span> <span class='ocrx_word' id='word_1_129' title='bbox 946 2527 1098 2602; x_wconf 90' lang='lat' dir='ltr'><strong>oratoris,</strong></span> <span class='ocrx_word' id='word_1_130' title='bbox 1122 2547 1204 2612; x_wconf 90' lang='lat' dir='ltr'><strong>quae</strong></span> <span class='ocrx_word' id='word_1_131' title='bbox 1218 2528 1269 2592; x_wconf 89' lang='lat' dir='ltr'><strong>vel</strong></span> <span class='ocrx_word' id='word_1_132' title='bbox 1285 2529 1319 2591; x_wconf 92' lang='lat' dir='ltr'><strong>in</strong></span> <span class='ocrx_word' id='word_1_133' title='bbox 1334 2536 1516 2593; x_wconf 87' lang='lat' dir='ltr'><strong>accusatore</strong></span> <span class='ocrx_word' id='word_1_134' title='bbox 1530 2532 1624 2590; x_wconf 89' lang='lat' dir='ltr'><strong>antea</strong></span> 
     </span>
     <span class='ocr_line' id='line_1_15' title="bbox 288 2615 1623 2706; baseline 0.001 -25"><span class='ocrx_word' id='word_1_135' title='bbox 288 2615 341 2681; x_wconf 90' lang='lat' dir='ltr'><strong>vel</strong></span> <span class='ocrx_word' id='word_1_136' title='bbox 362 2617 397 2680; x_wconf 90' lang='lat' dir='ltr'><strong>in</strong></span> <span class='ocrx_word' id='word_1_137' title='bbox 417 2624 552 2700; x_wconf 87' lang='lat' dir='ltr'><strong>patrono</strong></span> <span class='ocrx_word' id='word_1_138' title='bbox 574 2619 708 2702; x_wconf 83' lang='lat' dir='ltr'><strong>spectari</strong></span> <span class='ocrx_word' id='word_1_139' title='bbox 731 2619 876 2684; x_wconf 85' lang='lat' dir='ltr'><strong>solebatl</strong></span> <span class='ocrx_word' id='word_1_140' title='bbox 911 2622 1019 2683; x_wconf 74' lang='lat' dir='ltr'><strong>«nens</strong></span> <span class='ocrx_word' id='word_1_141' title='bbox 1047 2628 1163 2685; x_wconf 88' lang='lat' dir='ltr'><strong>testem</strong></span> <span class='ocrx_word' id='word_1_142' title='bbox 1184 2622 1407 2706; x_wconf 79' lang='lat' dir='ltr'><strong>interrogavit;</strong></span> <span class='ocrx_word' id='word_1_143' title='bbox 1434 2620 1549 2686; x_wconf 87' lang='lat' dir='ltr'><strong>callide</strong></span> <span class='ocrx_word' id='word_1_144' title='bbox 1571 2639 1623 2683; x_wconf 92' lang='lat' dir='ltr'><strong>ac-</strong></span> 
     </span>
     <span class='ocr_line' id='line_1_16' title="bbox 289 2710 1659 2800; baseline 0.004 -25"><span class='ocrx_word' id='word_1_145' title='bbox 289 2710 400 2788; x_wconf 89' lang='lat' dir='ltr'><strong>cessit,</strong></span> <span class='ocrx_word' id='word_1_146' title='bbox 421 2712 639 2797; x_wconf 86' lang='lat' dir='ltr'><strong>reprehendit;</strong></span> <span class='ocrx_word' id='word_1_147' title='bbox 661 2734 726 2797; x_wconf 90' lang='lat' dir='ltr'><strong>quo</strong></span> <span class='ocrx_word' id='word_1_148' title='bbox 746 2714 864 2788; x_wconf 84' lang='lat' dir='ltr'><strong>voluit,</strong></span> <span class='ocrx_word' id='word_1_149' title='bbox 885 2714 1034 2791; x_wconf 81' lang='lat' dir='ltr'><strong>adduxit3</strong></span> <span class='ocrx_word' id='word_1_150' title='bbox 1060 2716 1195 2780; x_wconf 88' lang='lat' dir='ltr'><strong>convicit</strong></span> <span class='ocrx_word' id='word_1_151' title='bbox 1217 2723 1249 2780; x_wconf 89' lang='lat' dir='ltr'><strong>et</strong></span> <span class='ocrx_word' id='word_1_152' title='bbox 1270 2716 1430 2800; x_wconf 71' lang='lat' dir='ltr'><strong>elinguem</strong></span> <span class='ocrx_word' id='word_1_153' title='bbox 1451 2712 1659 2780; x_wconf 79' lang='lat' dir='ltr'><strong>reddiditasc</strong></span> 
     </span>
     <span class='ocr_line' id='line_1_17' title="bbox 288 2805 1622 2894; baseline -0.002 -21"><span class='ocrx_word' id='word_1_154' title='bbox 288 2805 340 2873; x_wconf 75' lang='lat'><strong>23.</strong></span> <span class='ocrx_word' id='word_1_155' title='bbox 363 2806 449 2884; x_wconf 87' lang='lat' dir='ltr'><strong>Quid</strong></span> <span class='ocrx_word' id='word_1_156' title='bbox 471 2814 506 2871; x_wconf 92' lang='lat' dir='ltr'><strong>tu</strong></span> <span class='ocrx_word' id='word_1_157' title='bbox 533 2809 629 2872; x_wconf 91' lang='lat' dir='ltr'><strong>istum</strong></span> <span class='ocrx_word' id='word_1_158' title='bbox 649 2828 759 2891; x_wconf 80' lang='lat' dir='ltr'><strong>roges,</strong></span> <span class='ocrx_word' id='word_1_159' title='bbox 790 2806 897 2883; x_wconf 87' lang='lat' dir='ltr'><strong>Laeli,</strong></span> <span class='ocrx_word' id='word_1_160' title='bbox 920 2809 993 2891; x_wconf 90' lang='lat' dir='ltr'><strong>qui,</strong></span> <span class='ocrx_word' id='word_1_161' title='bbox 1014 2809 1104 2892; x_wconf 89' lang='lat' dir='ltr'><strong>prius</strong></span> <span class='ocrx_word' id='word_1_162' title='bbox 1125 2830 1221 2894; x_wconf 86' lang='lat' dir='ltr'><strong>quam</strong></span> <span class='ocrx_word' id='word_1_163' title='bbox 1241 2811 1304 2875; x_wconf 94' lang='lat' dir='ltr'><strong>hoc</strong></span> <span class='ocrx_word' id='word_1_164' title='bbox 1324 2831 1365 2874; x_wconf 88' lang='lat' dir='ltr'><strong>rs</strong></span> <span class='ocrx_word' id='word_1_165' title='bbox 1386 2829 1469 2874; x_wconf 83' lang='lat' dir='ltr'><strong>noco</strong></span> <span class='ocrx_word' id='word_1_166' title='bbox 1491 2807 1622 2883; x_wconf 65' lang='lat' dir='ltr'><strong>dmeris,</strong></span> 
     </span>
     <span class='ocr_line' id='line_1_18' title="bbox 286 2901 1621 2989; baseline -0.001 -23"><span class='ocrx_word' id='word_1_167' title='bbox 286 2903 380 2989; x_wconf 88' lang='lat' dir='ltr'><strong>plura</strong></span> <span class='ocrx_word' id='word_1_168' title='bbox 408 2904 502 2968; x_wconf 87' lang='lat' dir='ltr'><strong>etiam</strong></span> <span class='ocrx_word' id='word_1_169' title='bbox 532 2901 673 2967; x_wconf 86' lang='lat' dir='ltr'><strong>effundet</strong></span> <span class='ocrx_word' id='word_1_170' title='bbox 701 2921 796 2985; x_wconf 60' lang='lat' dir='ltr'><strong>mam</strong></span> <span class='ocrx_word' id='word_1_171' title='bbox 823 2909 858 2966; x_wconf 91' lang='lat' dir='ltr'><strong>tu</strong></span> <span class='ocrx_word' id='word_1_172' title='bbox 884 2903 914 2966; x_wconf 92' lang='lat' dir='ltr'><strong>ei</strong></span> <span class='ocrx_word' id='word_1_173' title='bbox 936 2903 1022 2966; x_wconf 93' lang='lat' dir='ltr'><strong>domi</strong></span> <span class='ocrx_word' id='word_1_174' title='bbox 1046 2910 1121 2967; x_wconf 91' lang='lat' dir='ltr'><strong>ante</strong></span> <span class='ocrx_word' id='word_1_175' title='bbox 1142 2905 1412 2989; x_wconf 73' lang='lat' dir='ltr'><strong>praescripseris?</strong></span> <span class='ocrx_word' id='word_1_176' title='bbox 1448 2903 1534 2980; x_wconf 86' lang='lat' dir='ltr'><strong>Quid</strong></span> <span class='ocrx_word' id='word_1_177' title='bbox 1561 2920 1621 2984; x_wconf 80' lang='lat' dir='ltr'><strong>ego</strong></span> 
     </span>
     <span class='ocr_line' id='line_1_19' title="bbox 287 2994 1620 3080; baseline -0.005 -17"><span class='ocrx_word' id='word_1_178' title='bbox 287 3006 394 3064; x_wconf 83' lang='lat' dir='ltr'><strong>autem</strong></span> <span class='ocrx_word' id='word_1_179' title='bbox 417 2995 567 3062; x_wconf 88' lang='lat' dir='ltr'><strong>defensor</strong></span> <span class='ocrx_word' id='word_1_180' title='bbox 587 2998 718 3080; x_wconf 76' lang='lat' dir='ltr'><strong>rogem?</strong></span> <span class='ocrx_word' id='word_1_181' title='bbox 740 3016 813 3060; x_wconf 91' lang='lat' dir='ltr'><strong>nam</strong></span> <span class='ocrx_word' id='word_1_182' title='bbox 834 3004 891 3061; x_wconf 88' lang='lat' dir='ltr'><strong>aut</strong></span> <span class='ocrx_word' id='word_1_183' title='bbox 904 2997 1005 3060; x_wconf 90' lang='lat' dir='ltr'><strong>oratio</strong></span> <span class='ocrx_word' id='word_1_184' title='bbox 1020 2998 1150 3062; x_wconf 91' lang='lat' dir='ltr'><strong>testium</strong></span> <span class='ocrx_word' id='word_1_185' title='bbox 1164 2999 1267 3064; x_wconf 86' lang='lat' dir='ltr'><strong>refelli</strong></span> <span class='ocrx_word' id='word_1_186' title='bbox 1282 2998 1364 3063; x_wconf 92' lang='lat' dir='ltr'><strong>solet</strong></span> <span class='ocrx_word' id='word_1_187' title='bbox 1378 3007 1434 3064; x_wconf 90' lang='lat' dir='ltr'><strong>aut</strong></span> <span class='ocrx_word' id='word_1_188' title='bbox 1447 2998 1513 3063; x_wconf 88' lang='lat' dir='ltr'><strong>vita</strong></span> <span class='ocrx_word' id='word_1_189' title='bbox 1525 2994 1620 3060; x_wconf 89' lang='lat' dir='ltr'><strong>laedi.</strong></span> 
     </span>
     <span class='ocr_line' id='line_1_20' title="bbox 288 3089 1621 3177; baseline -0.005 -19"><span class='ocrx_word' id='word_1_190' title='bbox 288 3095 361 3172; x_wconf 86' lang='lat' dir='ltr'><strong>Qua</strong></span> <span class='ocrx_word' id='word_1_191' title='bbox 382 3091 598 3175; x_wconf 87' lang='lat' dir='ltr'><strong>disputatione</strong></span> <span class='ocrx_word' id='word_1_192' title='bbox 620 3091 797 3155; x_wconf 90' lang='lat' dir='ltr'><strong>orationem</strong></span> <span class='ocrx_word' id='word_1_193' title='bbox 817 3089 960 3154; x_wconf 81' lang='lat' dir='ltr'><strong>refellam</strong></span> <span class='ocrx_word' id='word_1_194' title='bbox 983 3092 1067 3167; x_wconf 89' lang='lat' dir='ltr'><strong>eius,</strong></span> <span class='ocrx_word' id='word_1_195' title='bbox 1088 3094 1146 3177; x_wconf 83' lang='lat' dir='ltr'><strong>qni</strong></span> <span class='ocrx_word' id='word_1_196' title='bbox 1172 3093 1250 3157; x_wconf 90' lang='lat' dir='ltr'><strong>dicit</strong></span> <span class='ocrx_word' id='word_1_197' title='bbox 1269 3113 1425 3169; x_wconf 80' lang='lat' dir='ltr'><strong>usumve,</strong></span> <span class='ocrx_word' id='word_1_198' title='bbox 1452 3091 1534 3156; x_wconf 90' lang='lat' dir='ltr'><strong>nibil</strong></span> <span class='ocrx_word' id='word_1_199' title='bbox 1554 3110 1621 3153; x_wconf 91' lang='lat' dir='ltr'><strong>am·</strong></span> 
     </span>
     <span class='ocr_line' id='line_1_21' title="bbox 286 3184 1658 3275; baseline 0 -23"><span class='ocrx_word' id='word_1_200' title='bbox 286 3189 398 3275; x_wconf 80' lang='lat' dir='ltr'><strong>pliusf</strong></span> <span class='ocrx_word' id='word_1_201' title='bbox 436 3187 473 3249; x_wconf 94' lang='lat' dir='ltr'><strong>ln</strong></span> <span class='ocrx_word' id='word_1_202' title='bbox 503 3185 665 3249; x_wconf 85' lang='lat' dir='ltr'><strong>hominem</strong></span> <span class='ocrx_word' id='word_1_203' title='bbox 687 3184 858 3249; x_wconf 92' lang='lat' dir='ltr'><strong>dicendum</strong></span> <span class='ocrx_word' id='word_1_204' title='bbox 880 3192 929 3248; x_wconf 89' lang='lat' dir='ltr'><strong>est</strong></span> <span class='ocrx_word' id='word_1_205' title='bbox 954 3184 1064 3268; x_wconf 81' lang='lat' dir='ltr'><strong>igitur,</strong></span> <span class='ocrx_word' id='word_1_206' title='bbox 1095 3206 1167 3249; x_wconf 92' lang='lat' dir='ltr'><strong>cum</strong></span> <span class='ocrx_word' id='word_1_207' title='bbox 1190 3189 1292 3251; x_wconf 90' lang='lat' dir='ltr'><strong>oratio</strong></span> <span class='ocrx_word' id='word_1_208' title='bbox 1315 3184 1658 3270; x_wconf 57' lang='lat' dir='ltr'><strong>argumentationem„</strong></span> 
     </span>
     <span class='ocr_line' id='line_1_22' title="bbox 286 3277 1620 3365; baseline -0.004 -18"><span class='ocrx_word' id='word_1_209' title='bbox 286 3303 353 3347; x_wconf 93' lang='lat' dir='ltr'><strong>non</strong></span> <span class='ocrx_word' id='word_1_210' title='bbox 373 3279 478 3345; x_wconf 79' lang='lat' dir='ltr'><strong>habet</strong></span> <span class='ocrx_word' id='word_1_211' title='bbox 511 3278 597 3354; x_wconf 80' lang='lat' dir='ltr'><strong>Qpid</strong></span> <span class='ocrx_word' id='word_1_212' title='bbox 619 3279 722 3342; x_wconf 91' lang='lat' dir='ltr'><strong>dicam</strong></span> <span class='ocrx_word' id='word_1_213' title='bbox 743 3279 778 3342; x_wconf 94' lang='lat' dir='ltr'><strong>in</strong></span> <span class='ocrx_word' id='word_1_214' title='bbox 799 3279 967 3362; x_wconf 75' lang='lat' dir='ltr'><strong>ignotum?</strong></span> <span class='ocrx_word' id='word_1_215' title='bbox 1001 3277 1206 3355; x_wconf 86' lang='lat' dir='ltr'><strong>Querendum</strong></span> <span class='ocrx_word' id='word_1_216' title='bbox 1228 3290 1277 3345; x_wconf 89' lang='lat' dir='ltr'><strong>est</strong></span> <span class='ocrx_word' id='word_1_217' title='bbox 1298 3301 1374 3365; x_wconf 79' lang='lat' dir='ltr'><strong>ergo</strong></span> <span class='ocrx_word' id='word_1_218' title='bbox 1397 3288 1431 3343; x_wconf 90' lang='lat' dir='ltr'><strong>et</strong></span> <span class='ocrx_word' id='word_1_219' title='bbox 1451 3278 1620 3361; x_wconf 88' lang='lat' dir='ltr'><strong>deploran-</strong></span> 
     </span>
     <span class='ocr_line' id='line_1_23' title="bbox 288 3372 1619 3459; baseline -0.005 -19"><span class='ocrx_word' id='word_1_220' title='bbox 288 3377 382 3451; x_wconf 92' lang='lat' dir='ltr'><strong>dum,</strong></span> <span class='ocrx_word' id='word_1_221' title='bbox 410 3372 446 3437; x_wconf 91' lang='lat' dir='ltr'><strong>id</strong></span> <span class='ocrx_word' id='word_1_222' title='bbox 467 3373 555 3458; x_wconf 83' lang='lat' dir='ltr'><strong>qnod</strong></span> <span class='ocrx_word' id='word_1_223' title='bbox 576 3373 639 3435; x_wconf 92' lang='lat' dir='ltr'><strong>iam</strong></span> <span class='ocrx_word' id='word_1_224' title='bbox 661 3372 781 3437; x_wconf 91' lang='lat' dir='ltr'><strong>dudum</strong></span> <span class='ocrx_word' id='word_1_225' title='bbox 802 3372 899 3449; x_wconf 91' lang='lat' dir='ltr'><strong>facio,</strong></span> <span class='ocrx_word' id='word_1_226' title='bbox 928 3373 968 3437; x_wconf 89' lang='lat' dir='ltr'><strong>de</strong></span> <span class='ocrx_word' id='word_1_227' title='bbox 991 3376 1076 3437; x_wconf 92' lang='lat' dir='ltr'><strong>omni</strong></span> <span class='ocrx_word' id='word_1_228' title='bbox 1102 3377 1315 3440; x_wconf 88' lang='lat' dir='ltr'><strong>accusationis</strong></span> <span class='ocrx_word' id='word_1_229' title='bbox 1337 3375 1524 3459; x_wconf 85' lang='lat' dir='ltr'><strong>iniquitate:</strong></span> <span class='ocrx_word' id='word_1_230' title='bbox 1555 3373 1619 3455; x_wconf 91' lang='lat' dir='ltr'><strong>pri·</strong></span> 
     </span>
     <span class='ocr_line' id='line_1_24' title="bbox 285 3462 1619 3552; baseline -0.003 -18"><span class='ocrx_word' id='word_1_231' title='bbox 285 3489 373 3535; x_wconf 92' lang='lat' dir='ltr'><strong>mum</strong></span> <span class='ocrx_word' id='word_1_232' title='bbox 396 3466 435 3531; x_wconf 89' lang='lat' dir='ltr'><strong>de</strong></span> <span class='ocrx_word' id='word_1_233' title='bbox 458 3468 618 3531; x_wconf 92' lang='lat' dir='ltr'><strong>communi</strong></span> <span class='ocrx_word' id='word_1_234' title='bbox 639 3486 756 3550; x_wconf 77' lang='lat' dir='ltr'><strong>genero</strong></span> <span class='ocrx_word' id='word_1_235' title='bbox 780 3462 953 3552; x_wconf 87' lang='lat' dir='ltr'><strong>[testium];</strong></span> <span class='ocrx_word' id='word_1_236' title='bbox 976 3467 1061 3534; x_wconf 91' lang='lat' dir='ltr'><strong>dicet</strong></span> <span class='ocrx_word' id='word_1_237' title='bbox 1082 3470 1168 3534; x_wconf 88' lang='lat' dir='ltr'><strong>enim</strong></span> <span class='ocrx_word' id='word_1_238' title='bbox 1182 3470 1269 3534; x_wconf 88' lang='lat' dir='ltr'><strong>natio</strong></span> <span class='ocrx_word' id='word_1_239' title='bbox 1284 3470 1414 3533; x_wconf 90' lang='lat' dir='ltr'><strong>minime</strong></span> <span class='ocrx_word' id='word_1_240' title='bbox 1429 3468 1462 3532; x_wconf 94' lang='lat' dir='ltr'><strong>in</strong></span> <span class='ocrx_word' id='word_1_241' title='bbox 1478 3467 1619 3531; x_wconf 89' lang='lat' dir='ltr'><strong>testimo·</strong></span> 
     </span>
     <span class='ocr_line' id='line_1_25' title="bbox 285 3560 1618 3647; baseline -0.002 -19"><span class='ocrx_word' id='word_1_242' title='bbox 285 3563 349 3628; x_wconf 89' lang='lat' dir='ltr'><strong>niis</strong></span> <span class='ocrx_word' id='word_1_243' title='bbox 371 3560 515 3627; x_wconf 87' lang='lat' dir='ltr'><strong>dicendis</strong></span> <span class='ocrx_word' id='word_1_244' title='bbox 535 3560 693 3644; x_wconf 77' lang='lat' dir='ltr'><strong>religiosa.</strong></span> <span class='ocrx_word' id='word_1_245' title='bbox 728 3562 861 3645; x_wconf 88' lang='lat' dir='ltr'><strong>Propius</strong></span> <span class='ocrx_word' id='word_1_246' title='bbox 883 3561 1010 3625; x_wconf 87' lang='lat' dir='ltr'><strong>accedo.</strong></span> <span class='ocrx_word' id='word_1_247' title='bbox 1042 3564 1131 3647; x_wconf 79' lang='lat' dir='ltr'><strong>Nego</strong></span> <span class='ocrx_word' id='word_1_248' title='bbox 1153 3583 1223 3627; x_wconf 88' lang='lat' dir='ltr'><strong>esse</strong></span> <span class='ocrx_word' id='word_1_249' title='bbox 1238 3564 1299 3628; x_wconf 90' lang='lat' dir='ltr'><strong>ista</strong></span> <span class='ocrx_word' id='word_1_250' title='bbox 1314 3561 1511 3637; x_wconf 91' lang='lat' dir='ltr'><strong>testimonia,</strong></span> <span class='ocrx_word' id='word_1_251' title='bbox 1534 3580 1618 3644; x_wconf 86' lang='lat' dir='ltr'><strong>quae</strong></span> 
     </span>
     <span class='ocr_line' id='line_1_26' title="bbox 286 3654 1656 3743; baseline -0.003 -20"><span class='ocrx_word' id='word_1_252' title='bbox 286 3666 322 3723; x_wconf 87' lang='lat' dir='ltr'><strong>tu</strong></span> <span class='ocrx_word' id='word_1_253' title='bbox 342 3657 411 3743; x_wconf 89' lang='lat' dir='ltr'><strong>ipse</strong></span> <span class='ocrx_word' id='word_1_254' title='bbox 432 3655 648 3741; x_wconf 87' lang='lat' dir='ltr'><strong>psephismata</strong></span> <span class='ocrx_word' id='word_1_255' title='bbox 668 3656 828 3741; x_wconf 91' lang='lat' dir='ltr'><strong>appellas,</strong></span> <span class='ocrx_word' id='word_1_256' title='bbox 855 3656 913 3720; x_wconf 89' lang='lat' dir='ltr'><strong>sed</strong></span> <span class='ocrx_word' id='word_1_257' title='bbox 941 3654 1102 3721; x_wconf 92' lang='lat' dir='ltr'><strong>fremitum</strong></span> <span class='ocrx_word' id='word_1_258' title='bbox 1124 3657 1287 3742; x_wconf 80' lang='lat' dir='ltr'><strong>egentium</strong></span> <span class='ocrx_word' id='word_1_259' title='bbox 1319 3665 1351 3723; x_wconf 91' lang='lat' dir='ltr'><strong>et</strong></span> <span class='ocrx_word' id='word_1_260' title='bbox 1371 3662 1492 3720; x_wconf 89' lang='lat' dir='ltr'><strong>motum</strong></span> <span class='ocrx_word' id='word_1_261' title='bbox 1514 3675 1656 3740; x_wconf 79' lang='lat' dir='ltr'><strong>quen-ss</strong></span> 
     </span>
     <span class='ocr_line' id='line_1_27' title="bbox 288 3750 1618 3835; baseline -0.002 -18"><span class='ocrx_word' id='word_1_262' title='bbox 288 3754 361 3817; x_wconf 89' lang='lat' dir='ltr'><strong>dam</strong></span> <span class='ocrx_word' id='word_1_263' title='bbox 382 3751 583 3816; x_wconf 89' lang='lat' dir='ltr'><strong>temerarium</strong></span> <span class='ocrx_word' id='word_1_264' title='bbox 604 3750 778 3815; x_wconf 83' lang='lat' dir='ltr'><strong>Graeculae</strong></span> <span class='ocrx_word' id='word_1_265' title='bbox 800 3750 969 3815; x_wconf 91' lang='lat' dir='ltr'><strong>contionis.</strong></span> <span class='ocrx_word' id='word_1_266' title='bbox 1011 3750 1139 3815; x_wconf 73' lang='lat' dir='ltr'><strong>lntrado</strong></span> <span class='ocrx_word' id='word_1_267' title='bbox 1162 3753 1257 3816; x_wconf 90' lang='lat' dir='ltr'><strong>etiam</strong></span> <span class='ocrx_word' id='word_1_268' title='bbox 1279 3751 1390 3835; x_wconf 77' lang='lat' dir='ltr'><strong>magis.</strong></span> <span class='ocrx_word' id='word_1_269' title='bbox 1424 3751 1488 3827; x_wconf 88' lang='lat' dir='ltr'><strong>Qui</strong></span> <span class='ocrx_word' id='word_1_270' title='bbox 1509 3751 1618 3834; x_wconf 77' lang='lat' dir='ltr'><strong>gessit,</strong></span> 
     </span>
     <span class='ocr_line' id='line_1_28' title="bbox 285 3844 1618 3929; baseline -0.001 -17"><span class='ocrx_word' id='word_1_271' title='bbox 285 3867 352 3912; x_wconf 93' lang='lat' dir='ltr'><strong>non</strong></span> <span class='ocrx_word' id='word_1_272' title='bbox 380 3845 488 3921; x_wconf 80' lang='lat' dir='ltr'><strong>adest3</strong></span> <span class='ocrx_word' id='word_1_273' title='bbox 516 3845 572 3929; x_wconf 84' lang='lat' dir='ltr'><strong>qui</strong></span> <span class='ocrx_word' id='word_1_274' title='bbox 603 3864 787 3910; x_wconf 89' lang='lat' dir='ltr'><strong>numerasse</strong></span> <span class='ocrx_word' id='word_1_275' title='bbox 809 3844 943 3918; x_wconf 87' lang='lat' dir='ltr'><strong>dicitur,</strong></span> <span class='ocrx_word' id='word_1_276' title='bbox 971 3862 1036 3908; x_wconf 92' lang='lat' dir='ltr'><strong>non</strong></span> <span class='ocrx_word' id='word_1_277' title='bbox 1058 3853 1107 3909; x_wconf 89' lang='lat' dir='ltr'><strong>est</strong></span> <span class='ocrx_word' id='word_1_278' title='bbox 1129 3845 1304 3922; x_wconf 85' lang='lat' dir='ltr'><strong>deductus;</strong></span> <span class='ocrx_word' id='word_1_279' title='bbox 1330 3845 1472 3929; x_wconf 89' lang='lat' dir='ltr'><strong>privatae</strong></span> <span class='ocrx_word' id='word_1_280' title='bbox 1493 3845 1618 3910; x_wconf 84' lang='lat' dir='ltr'><strong>litterae</strong></span> 
     </span>
     <span class='ocr_line' id='line_1_29' title="bbox 284 3937 1617 4022; baseline -0.003 -17"><span class='ocrx_word' id='word_1_281' title='bbox 284 3941 392 4005; x_wconf 87' lang='lat' dir='ltr'><strong>nullae</strong></span> <span class='ocrx_word' id='word_1_282' title='bbox 423 3937 646 4022; x_wconf 88' lang='lat' dir='ltr'><strong>proferuntur,</strong></span> <span class='ocrx_word' id='word_1_283' title='bbox 678 3938 823 4022; x_wconf 90' lang='lat' dir='ltr'><strong>publicae</strong></span> <span class='ocrx_word' id='word_1_284' title='bbox 856 3945 999 4002; x_wconf 91' lang='lat' dir='ltr'><strong>retentae</strong></span> <span class='ocrx_word' id='word_1_285' title='bbox 1031 3947 1106 4003; x_wconf 90' lang='lat' dir='ltr'><strong>sunt</strong></span> <span class='ocrx_word' id='word_1_286' title='bbox 1137 3940 1172 4002; x_wconf 92' lang='lat' dir='ltr'><strong>in</strong></span> <span class='ocrx_word' id='word_1_287' title='bbox 1200 3948 1418 4005; x_wconf 89' lang='lat' dir='ltr'><strong>accusatorum</strong></span> <span class='ocrx_word' id='word_1_288' title='bbox 1447 3945 1617 4022; x_wconf 89' lang='lat' dir='ltr'><strong>potestate.</strong></span> 
     </span>
     <span class='ocr_line' id='line_1_30' title="bbox 285 4031 1616 4108; baseline -0.002 -9"><span class='ocrx_word' id='word_1_289' title='bbox 285 4037 414 4099; x_wconf 90' lang='lat' dir='ltr'><strong>Summa</strong></span> <span class='ocrx_word' id='word_1_290' title='bbox 436 4033 539 4097; x_wconf 90' lang='lat' dir='ltr'><strong>estin</strong></span> <span class='ocrx_word' id='word_1_291' title='bbox 561 4032 704 4096; x_wconf 88' lang='lat' dir='ltr'><strong>testibus.</strong></span> <span class='ocrx_word' id='word_1_292' title='bbox 735 4031 777 4095; x_wconf 90' lang='lat' dir='ltr'><strong>lli</strong></span> <span class='ocrx_word' id='word_1_293' title='bbox 792 4032 904 4096; x_wconf 88' lang='lat' dir='ltr'><strong>vivunt</strong></span> <span class='ocrx_word' id='word_1_294' title='bbox 925 4052 997 4095; x_wconf 89' lang='lat' dir='ltr'><strong>cum</strong></span> <span class='ocrx_word' id='word_1_295' title='bbox 1017 4032 1171 4108; x_wconf 88' lang='lat' dir='ltr'><strong>inimicis,</strong></span> <span class='ocrx_word' id='word_1_296' title='bbox 1192 4034 1308 4098; x_wconf 90' lang='lat' dir='ltr'><strong>adsunt</strong></span> <span class='ocrx_word' id='word_1_297' title='bbox 1323 4053 1396 4097; x_wconf 93' lang='lat' dir='ltr'><strong>cum</strong></span> <span class='ocrx_word' id='word_1_298' title='bbox 1409 4032 1616 4108; x_wconf 87' lang='lat' dir='ltr'><strong>adversariis,</strong></span> 
     </span>
     <span class='ocr_line' id='line_1_31' title="bbox 283 4123 1654 4212; baseline 0.001 -19"><span class='ocrx_word' id='word_1_299' title='bbox 283 4128 427 4193; x_wconf 81' lang='lat' dir='ltr'><strong>habitant</strong></span> <span class='ocrx_word' id='word_1_300' title='bbox 453 4146 525 4190; x_wconf 93' lang='lat' dir='ltr'><strong>cum</strong></span> <span class='ocrx_word' id='word_1_301' title='bbox 550 4126 798 4192; x_wconf 88' lang='lat' dir='ltr'><strong>accusatoribus.</strong></span> <span class='ocrx_word' id='word_1_302' title='bbox 842 4123 893 4188; x_wconf 71' lang='lat' dir='ltr'><strong>sl.</strong></span> <span class='ocrx_word' id='word_1_303' title='bbox 915 4126 1028 4191; x_wconf 88' lang='lat' dir='ltr'><strong>Utrum</strong></span> <span class='ocrx_word' id='word_1_304' title='bbox 1055 4125 1106 4190; x_wconf 90' lang='lat' dir='ltr'><strong>hic</strong></span> <span class='ocrx_word' id='word_1_305' title='bbox 1135 4127 1263 4191; x_wconf 87' lang='lat' dir='ltr'><strong>tandem</strong></span> <span class='ocrx_word' id='word_1_306' title='bbox 1294 4126 1555 4212; x_wconf 89' lang='lat' dir='ltr'><strong>disceptationem</strong></span> <span class='ocrx_word' id='word_1_307' title='bbox 1584 4133 1654 4194; x_wconf 82' lang='lat' dir='ltr'><strong>etuo</strong></span> 
     </span>
     <span class='ocr_line' id='line_1_32' title="bbox 283 4219 1616 4305; baseline -0.002 -19"><span class='ocrx_word' id='word_1_308' title='bbox 283 4220 498 4305; x_wconf 74' lang='lat' dir='ltr'><strong>cognitionem</strong></span> <span class='ocrx_word' id='word_1_309' title='bbox 528 4221 668 4285; x_wconf 89' lang='lat' dir='ltr'><strong>veritatis</strong></span> <span class='ocrx_word' id='word_1_310' title='bbox 700 4241 742 4286; x_wconf 87' lang='lat' dir='ltr'><strong>an</strong></span> <span class='ocrx_word' id='word_1_311' title='bbox 773 4220 977 4285; x_wconf 91' lang='lat' dir='ltr'><strong>innocentiae</strong></span> <span class='ocrx_word' id='word_1_312' title='bbox 1004 4221 1108 4284; x_wconf 88' lang='lat' dir='ltr'><strong>labem</strong></span> <span class='ocrx_word' id='word_1_313' title='bbox 1137 4221 1277 4305; x_wconf 88' lang='lat' dir='ltr'><strong>aliquam</strong></span> <span class='ocrx_word' id='word_1_314' title='bbox 1308 4228 1362 4284; x_wconf 91' lang='lat' dir='ltr'><strong>ant</strong></span> <span class='ocrx_word' id='word_1_315' title='bbox 1389 4220 1514 4305; x_wconf 89' lang='lat' dir='ltr'><strong>ruinam</strong></span> <span class='ocrx_word' id='word_1_316' title='bbox 1546 4219 1616 4284; x_wconf 89' lang='lat' dir='ltr'><strong>fore</strong></span> 
     </span>
     <span class='ocr_line' id='line_1_33' title="bbox 285 4312 1617 4400; baseline -0.001 -21"><span class='ocrx_word' id='word_1_317' title='bbox 285 4315 430 4400; x_wconf 83' lang='lat' dir='ltr'><strong>putatisf</strong></span> <span class='ocrx_word' id='word_1_318' title='bbox 451 4313 552 4379; x_wconf 88' lang='lat' dir='ltr'><strong>llulta</strong></span> <span class='ocrx_word' id='word_1_319' title='bbox 573 4317 657 4379; x_wconf 89' lang='lat' dir='ltr'><strong>enim</strong></span> <span class='ocrx_word' id='word_1_320' title='bbox 680 4322 754 4380; x_wconf 91' lang='lat' dir='ltr'><strong>sunt</strong></span> <span class='ocrx_word' id='word_1_321' title='bbox 767 4315 837 4378; x_wconf 90' lang='lat' dir='ltr'><strong>eius</strong></span> <span class='ocrx_word' id='word_1_322' title='bbox 852 4314 956 4389; x_wconf 92' lang='lat' dir='ltr'><strong>modi,</strong></span> <span class='ocrx_word' id='word_1_323' title='bbox 978 4314 1119 4390; x_wconf 87' lang='lat' dir='ltr'><strong>iudices,</strong></span> <span class='ocrx_word' id='word_1_324' title='bbox 1141 4324 1176 4379; x_wconf 90' lang='lat' dir='ltr'><strong>ut</strong></span> <span class='ocrx_word' id='word_1_325' title='bbox 1191 4316 1286 4379; x_wconf 88' lang='lat' dir='ltr'><strong>ctiam</strong></span> <span class='ocrx_word' id='word_1_326' title='bbox 1301 4315 1328 4378; x_wconf 92' lang='lat' dir='ltr'><strong>si</strong></span> <span class='ocrx_word' id='word_1_327' title='bbox 1343 4315 1377 4378; x_wconf 93' lang='lat' dir='ltr'><strong>in</strong></span> <span class='ocrx_word' id='word_1_328' title='bbox 1389 4314 1520 4378; x_wconf 90' lang='lat' dir='ltr'><strong>homine</strong></span> <span class='ocrx_word' id='word_1_329' title='bbox 1535 4312 1617 4397; x_wconf 93' lang='lat' dir='ltr'><strong>ipso,</strong></span> 
     </span>
     <span class='ocr_line' id='line_1_34' title="bbox 285 4409 1616 4494; baseline -0.002 -20"><span class='ocrx_word' id='word_1_330' title='bbox 285 4411 326 4474; x_wconf 86' lang='lat' dir='ltr'><strong>de</strong></span> <span class='ocrx_word' id='word_1_331' title='bbox 346 4429 412 4494; x_wconf 87' lang='lat' dir='ltr'><strong>quo</strong></span> <span class='ocrx_word' id='word_1_332' title='bbox 434 4409 555 4492; x_wconf 73' lang='lat' dir='ltr'><strong>agitur,</strong></span> <span class='ocrx_word' id='word_1_333' title='bbox 582 4410 773 4493; x_wconf 80' lang='lat' dir='ltr'><strong>negligenda</strong></span> <span class='ocrx_word' id='word_1_334' title='bbox 794 4410 872 4485; x_wconf 90' lang='lat' dir='ltr'><strong>sint,</strong></span> <span class='ocrx_word' id='word_1_335' title='bbox 901 4416 1007 4473; x_wconf 81' lang='lat' dir='ltr'><strong>tamen</strong></span> <span class='ocrx_word' id='word_1_336' title='bbox 1034 4409 1068 4473; x_wconf 91' lang='lat' dir='ltr'><strong>in</strong></span> <span class='ocrx_word' id='word_1_337' title='bbox 1090 4409 1274 4473; x_wconf 90' lang='lat' dir='ltr'><strong>conditione</strong></span> <span class='ocrx_word' id='word_1_338' title='bbox 1296 4415 1392 4493; x_wconf 83' lang='lat' dir='ltr'><strong>atque</strong></span> <span class='ocrx_word' id='word_1_339' title='bbox 1413 4409 1447 4471; x_wconf 92' lang='lat' dir='ltr'><strong>in</strong></span> <span class='ocrx_word' id='word_1_340' title='bbox 1469 4409 1616 4492; x_wconf 82' lang='lat' dir='ltr'><strong>exemplo</strong></span> 
     </span>
     <span class='ocr_line' id='line_1_35' title="bbox 284 4502 1617 4589; baseline -0.001 -22"><span class='ocrx_word' id='word_1_341' title='bbox 284 4502 538 4589; x_wconf 87' lang='lat' dir='ltr'><strong>pertimescenda</strong></span> <span class='ocrx_word' id='word_1_342' title='bbox 557 4503 734 4568; x_wconf 87' lang='lat' dir='ltr'><strong>videantur.</strong></span> <span class='ocrx_word' id='word_1_343' title='bbox 761 4505 833 4567; x_wconf 78' lang='lat' dir='ltr'><strong>lll.</strong></span> <span class='ocrx_word' id='word_1_344' title='bbox 856 4504 890 4567; x_wconf 87' lang='lat' dir='ltr'><strong>Si</strong></span> <span class='ocrx_word' id='word_1_345' title='bbox 913 4524 1010 4589; x_wconf 84' lang='lat' dir='ltr'><strong>quem</strong></span> <span class='ocrx_word' id='word_1_346' title='bbox 1031 4504 1142 4567; x_wconf 87' lang='lat' dir='ltr'><strong>infimo</strong></span> <span class='ocrx_word' id='word_1_347' title='bbox 1165 4505 1236 4567; x_wconf 93' lang='lat' dir='ltr'><strong>loco</strong></span> <span class='ocrx_word' id='word_1_348' title='bbox 1259 4510 1385 4578; x_wconf 90' lang='lat' dir='ltr'><strong>natum,</strong></span> <span class='ocrx_word' id='word_1_349' title='bbox 1405 4502 1495 4567; x_wconf 92' lang='lat' dir='ltr'><strong>nullo</strong></span> <span class='ocrx_word' id='word_1_350' title='bbox 1511 4503 1617 4586; x_wconf 90' lang='lat' dir='ltr'><strong>splen·</strong></span> 
     </span>
     <span class='ocr_line' id='line_1_36' title="bbox 285 4596 1654 4673; baseline 0.001 -12"><span class='ocrx_word' id='word_1_351' title='bbox 285 4598 363 4661; x_wconf 90' lang='lat' dir='ltr'><strong>dore</strong></span> <span class='ocrx_word' id='word_1_352' title='bbox 383 4597 485 4671; x_wconf 88' lang='lat' dir='ltr'><strong>vitae,</strong></span> <span class='ocrx_word' id='word_1_353' title='bbox 504 4597 596 4662; x_wconf 91' lang='lat' dir='ltr'><strong>nulla</strong></span> <span class='ocrx_word' id='word_1_354' title='bbox 617 4598 889 4662; x_wconf 89' lang='lat' dir='ltr'><strong>commendatione</strong></span> <span class='ocrx_word' id='word_1_355' title='bbox 910 4599 1013 4662; x_wconf 86' lang='lat' dir='ltr'><strong>famae</strong></span> <span class='ocrx_word' id='word_1_356' title='bbox 1028 4597 1250 4673; x_wconf 82' lang='lat' dir='ltr'><strong>defenderem,</strong></span> <span class='ocrx_word' id='word_1_357' title='bbox 1271 4604 1377 4662; x_wconf 89' lang='lat' dir='ltr'><strong>tamen</strong></span> <span class='ocrx_word' id='word_1_358' title='bbox 1400 4596 1478 4660; x_wconf 85' lang='lat' dir='ltr'><strong>civis</strong></span> <span class='ocrx_word' id='word_1_359' title='bbox 1500 4616 1519 4660; x_wconf 93' lang='lat' dir='ltr'><strong>a</strong></span> <span class='ocrx_word' id='word_1_360' title='bbox 1540 4597 1654 4663; x_wconf 79' lang='lat' dir='ltr'><strong>civi-ss</strong></span> 
     </span>
     <span class='ocr_line' id='line_1_37' title="bbox 283 4689 1617 4775; baseline -0.001 -21"><span class='ocrx_word' id='word_1_361' title='bbox 283 4692 344 4755; x_wconf 94' lang='lat' dir='ltr'><strong>bus</strong></span> <span class='ocrx_word' id='word_1_362' title='bbox 374 4691 551 4755; x_wconf 89' lang='lat' dir='ltr'><strong>communis</strong></span> <span class='ocrx_word' id='word_1_363' title='bbox 578 4691 784 4757; x_wconf 90' lang='lat' dir='ltr'><strong>humanitatis</strong></span> <span class='ocrx_word' id='word_1_364' title='bbox 813 4693 883 4756; x_wconf 90' lang='lat' dir='ltr'><strong>inre</strong></span> <span class='ocrx_word' id='word_1_365' title='bbox 911 4712 948 4757; x_wconf 92' lang='lat' dir='ltr'><strong>ac</strong></span> <span class='ocrx_word' id='word_1_366' title='bbox 970 4691 1184 4756; x_wconf 90' lang='lat' dir='ltr'><strong>misericordia</strong></span> <span class='ocrx_word' id='word_1_367' title='bbox 1207 4692 1409 4775; x_wconf 89' lang='lat' dir='ltr'><strong>deprecarer,</strong></span> <span class='ocrx_word' id='word_1_368' title='bbox 1436 4709 1477 4752; x_wconf 95' lang='lat' dir='ltr'><strong>ne</strong></span> <span class='ocrx_word' id='word_1_369' title='bbox 1499 4689 1617 4772; x_wconf 76' lang='lat' dir='ltr'><strong>ignotis</strong></span> 
     </span>
     <span class='ocr_line' id='line_1_38' title="bbox 284 4784 1617 4862; baseline -0.002 -13"><span class='ocrx_word' id='word_1_370' title='bbox 284 4784 436 4860; x_wconf 88' lang='lat' dir='ltr'><strong>testibus,</strong></span> <span class='ocrx_word' id='word_1_371' title='bbox 457 4805 499 4848; x_wconf 91' lang='lat' dir='ltr'><strong>ne</strong></span> <span class='ocrx_word' id='word_1_372' title='bbox 520 4785 675 4862; x_wconf 85' lang='lat' dir='ltr'><strong>incitatis,</strong></span> <span class='ocrx_word' id='word_1_373' title='bbox 705 4807 745 4850; x_wconf 92' lang='lat' dir='ltr'><strong>ne</strong></span> <span class='ocrx_word' id='word_1_374' title='bbox 767 4787 960 4851; x_wconf 87' lang='lat' dir='ltr'><strong>accusatoris</strong></span> <span class='ocrx_word' id='word_1_375' title='bbox 982 4787 1242 4861; x_wconf 87' lang='lat' dir='ltr'><strong>consessoribus,</strong></span> <span class='ocrx_word' id='word_1_376' title='bbox 1264 4785 1428 4860; x_wconf 86' lang='lat' dir='ltr'><strong>convivis,</strong></span> <span class='ocrx_word' id='word_1_377' title='bbox 1449 4785 1617 4848; x_wconf 90' lang='lat' dir='ltr'><strong>coutuber-</strong></span> 
     </span>
     <span class='ocr_line' id='line_1_39' title="bbox 283 4877 1618 4955; baseline -0.001 -14"><span class='ocrx_word' id='word_1_378' title='bbox 283 4877 427 4952; x_wconf 88' lang='lat' dir='ltr'><strong>nalibus‚</strong></span> <span class='ocrx_word' id='word_1_379' title='bbox 455 4898 496 4943; x_wconf 91' lang='lat' dir='ltr'><strong>ne</strong></span> <span class='ocrx_word' id='word_1_380' title='bbox 524 4879 708 4944; x_wconf 88' lang='lat' dir='ltr'><strong>hominibus</strong></span> <span class='ocrx_word' id='word_1_381' title='bbox 744 4880 872 4944; x_wconf 90' lang='lat' dir='ltr'><strong>levitate</strong></span> <span class='ocrx_word' id='word_1_382' title='bbox 894 4880 1040 4955; x_wconf 85' lang='lat' dir='ltr'><strong>Graecis,</strong></span> <span class='ocrx_word' id='word_1_383' title='bbox 1067 4879 1253 4943; x_wconf 88' lang='lat' dir='ltr'><strong>crudelitate</strong></span> <span class='ocrx_word' id='word_1_384' title='bbox 1273 4880 1430 4954; x_wconf 90' lang='lat' dir='ltr'><strong>barbaris,</strong></span> <span class='ocrx_word' id='word_1_385' title='bbox 1458 4878 1558 4942; x_wconf 87' lang='lat' dir='ltr'><strong>civem</strong></span> <span class='ocrx_word' id='word_1_386' title='bbox 1580 4897 1618 4940; x_wconf 90' lang='lat' dir='ltr'><strong>ac</strong></span> 
     </span>
    </p>
   </div>
   <div class='ocr_carea' id='block_1_3' title="bbox 281 4971 1654 5340">
    <p class='ocr_par' dir='ltr' id='par_1_4' title="bbox 281 4971 1654 5340">
     <span class='ocr_line' id='line_1_40' title="bbox 283 4971 1617 5059; baseline -0.001 -24"><span class='ocrx_word' id='word_1_387' title='bbox 283 4971 461 5056; x_wconf 88' lang='lat' dir='ltr'><strong>supplicem</strong></span> <span class='ocrx_word' id='word_1_388' title='bbox 475 4981 615 5038; x_wconf 89' lang='lat' dir='ltr'><strong>vestrum</strong></span> <span class='ocrx_word' id='word_1_389' title='bbox 630 4973 800 5050; x_wconf 90' lang='lat' dir='ltr'><strong>dederetis,</strong></span> <span class='ocrx_word' id='word_1_390' title='bbox 823 4993 863 5038; x_wconf 89' lang='lat' dir='ltr'><strong>ne</strong></span> <span class='ocrx_word' id='word_1_391' title='bbox 880 4974 1092 5059; x_wconf 87' lang='lat' dir='ltr'><strong>periculosam</strong></span> <span class='ocrx_word' id='word_1_392' title='bbox 1106 4974 1316 5037; x_wconf 90' lang='lat' dir='ltr'><strong>imitationem</strong></span> <span class='ocrx_word' id='word_1_393' title='bbox 1329 4972 1469 5057; x_wconf 85' lang='lat' dir='ltr'><strong>exempli</strong></span> <span class='ocrx_word' id='word_1_394' title='bbox 1483 4971 1617 5055; x_wconf 84' lang='lat' dir='ltr'><strong>reliquis</strong></span> 
     </span>
     <span class='ocr_line' id='line_1_41' title="bbox 281 5065 1654 5154; baseline -0.001 -24"><span class='ocrx_word' id='word_1_395' title='bbox 281 5066 317 5130; x_wconf 92' lang='lat' dir='ltr'><strong>in</strong></span> <span class='ocrx_word' id='word_1_396' title='bbox 337 5072 500 5149; x_wconf 87' lang='lat' dir='ltr'><strong>posterum</strong></span> <span class='ocrx_word' id='word_1_397' title='bbox 521 5068 710 5154; x_wconf 90' lang='lat' dir='ltr'><strong>proderetis.</strong></span> <span class='ocrx_word' id='word_1_398' title='bbox 753 5065 804 5132; x_wconf 75' lang='lat'><strong>25.</strong></span> <span class='ocrx_word' id='word_1_399' title='bbox 827 5068 890 5132; x_wconf 89' lang='lat' dir='ltr'><strong>Sed</strong></span> <span class='ocrx_word' id='word_1_400' title='bbox 913 5089 986 5133; x_wconf 92' lang='lat' dir='ltr'><strong>cum</strong></span> <span class='ocrx_word' id='word_1_401' title='bbox 1007 5070 1044 5132; x_wconf 88' lang='lat' dir='ltr'><strong>L.</strong></span> <span class='ocrx_word' id='word_1_402' title='bbox 1066 5067 1168 5132; x_wconf 83' lang='lat' dir='ltr'><strong>l&#39;lacci</strong></span> <span class='ocrx_word' id='word_1_403' title='bbox 1189 5088 1240 5131; x_wconf 91' lang='lat' dir='ltr'><strong>res</strong></span> <span class='ocrx_word' id='word_1_404' title='bbox 1262 5075 1384 5151; x_wconf 83' lang='lat' dir='ltr'><strong>agatur,</strong></span> <span class='ocrx_word' id='word_1_405' title='bbox 1404 5068 1494 5132; x_wconf 91' lang='lat' dir='ltr'><strong>cuius</strong></span> <span class='ocrx_word' id='word_1_406' title='bbox 1511 5085 1553 5130; x_wconf 86' lang='lat' dir='ltr'><strong>ex</strong></span> <span class='ocrx_word' id='word_1_407' title='bbox 1570 5066 1654 5136; x_wconf 65' lang='lat' dir='ltr'><strong>fuso</strong></span> 
     </span>
     <span class='ocr_line' id='line_1_42' title="bbox 282 5159 1616 5246; baseline -0.001 -23"><span class='ocrx_word' id='word_1_408' title='bbox 282 5159 372 5224; x_wconf 86' lang='lat' dir='ltr'><strong>milia</strong></span> <span class='ocrx_word' id='word_1_409' title='bbox 393 5160 451 5244; x_wconf 86' lang='lat' dir='ltr'><strong>qui</strong></span> <span class='ocrx_word' id='word_1_410' title='bbox 478 5161 599 5244; x_wconf 92' lang='lat' dir='ltr'><strong>primus</strong></span> <span class='ocrx_word' id='word_1_411' title='bbox 622 5163 734 5226; x_wconf 90' lang='lat' dir='ltr'><strong>consul</strong></span> <span class='ocrx_word' id='word_1_412' title='bbox 755 5161 856 5226; x_wconf 88' lang='lat' dir='ltr'><strong>faetus</strong></span> <span class='ocrx_word' id='word_1_413' title='bbox 879 5170 945 5238; x_wconf 89' lang='lat' dir='ltr'><strong>est,</strong></span> <span class='ocrx_word' id='word_1_414' title='bbox 979 5163 1099 5246; x_wconf 91' lang='lat' dir='ltr'><strong>primus</strong></span> <span class='ocrx_word' id='word_1_415' title='bbox 1123 5162 1157 5225; x_wconf 92' lang='lat' dir='ltr'><strong>in</strong></span> <span class='ocrx_word' id='word_1_416' title='bbox 1178 5161 1239 5225; x_wconf 88' lang='lat' dir='ltr'><strong>hac</strong></span> <span class='ocrx_word' id='word_1_417' title='bbox 1260 5161 1385 5225; x_wconf 89' lang='lat' dir='ltr'><strong>civitate</strong></span> <span class='ocrx_word' id='word_1_418' title='bbox 1407 5160 1520 5225; x_wconf 91' lang='lat' dir='ltr'><strong>consul</strong></span> <span class='ocrx_word' id='word_1_419' title='bbox 1538 5159 1616 5235; x_wconf 89' lang='lat' dir='ltr'><strong>fuit,</strong></span> 
     </span>
     <span class='ocr_line' id='line_1_43' title="bbox 282 5254 1616 5340; baseline -0.001 -21"><span class='ocrx_word' id='word_1_420' title='bbox 282 5254 375 5319; x_wconf 89' lang='lat' dir='ltr'><strong>cuins</strong></span> <span class='ocrx_word' id='word_1_421' title='bbox 396 5255 511 5320; x_wconf 86' lang='lat' dir='ltr'><strong>virtute</strong></span> <span class='ocrx_word' id='word_1_422' title='bbox 537 5255 666 5340; x_wconf 72' lang='lat' dir='ltr'><strong>regibus</strong></span> <span class='ocrx_word' id='word_1_423' title='bbox 688 5257 902 5321; x_wconf 85' lang='lat' dir='ltr'><strong>exterminatis</strong></span> <span class='ocrx_word' id='word_1_424' title='bbox 934 5255 1065 5320; x_wconf 87' lang='lat' dir='ltr'><strong>libertas</strong></span> <span class='ocrx_word' id='word_1_425' title='bbox 1093 5256 1128 5318; x_wconf 92' lang='lat' dir='ltr'><strong>in</strong></span> <span class='ocrx_word' id='word_1_426' title='bbox 1154 5275 1188 5319; x_wconf 88' lang='lat' dir='ltr'><strong>re</strong></span> <span class='ocrx_word' id='word_1_427' title='bbox 1217 5254 1343 5340; x_wconf 89' lang='lat' dir='ltr'><strong>publica</strong></span> <span class='ocrx_word' id='word_1_428' title='bbox 1364 5255 1537 5319; x_wconf 90' lang='lat' dir='ltr'><strong>constituta</strong></span> <span class='ocrx_word' id='word_1_429' title='bbox 1558 5261 1616 5330; x_wconf 90' lang='lat' dir='ltr'><strong>est,</strong></span> 
     </span>
    </p>
   </div>
   <div class='ocr_carea' id='block_1_4' title="bbox 279 5478 1618 6000">
    <p class='ocr_par' dir='ltr' id='par_1_5' title="bbox 279 5478 1618 6000">
     <span class='ocr_line' id='line_1_44' title="bbox 349 5478 1613 5546; baseline -0.003 -13"><span class='ocrx_word' id='word_1_430' title='bbox 349 5483 373 5533; x_wconf 84' lang='lat' dir='ltr'><strong>t.</strong></span> <span class='ocrx_word' id='word_1_431' title='bbox 393 5487 486 5546; x_wconf 69' lang='lat' dir='ltr'><strong>comto</strong></span> <span class='ocrx_word' id='word_1_432' title='bbox 503 5483 523 5532; x_wconf 82' lang='grc' dir='ltr'><strong>Τ</strong></span> <span class='ocrx_word' id='word_1_433' title='bbox 542 5506 567 5520; x_wconf 91' lang='grc'><strong>-</strong></span> <span class='ocrx_word' id='word_1_434' title='bbox 588 5482 613 5532; x_wconf 73' lang='lat' dir='ltr'><strong>t.</strong></span> <span class='ocrx_word' id='word_1_435' title='bbox 631 5482 872 5545; x_wconf 69' lang='lat' dir='ltr'><strong>oo--deseroutar</strong></span> <span class='ocrx_word' id='word_1_436' title='bbox 889 5481 1016 5532; x_wconf 82' lang='lat' dir='ltr'><strong>oml&#39;-</strong></span> <span class='ocrx_word' id='word_1_437' title='bbox 1035 5480 1060 5529; x_wconf 87' lang='grc'><strong>6.</strong></span> <span class='ocrx_word' id='word_1_438' title='bbox 1079 5479 1226 5540; x_wconf 73' lang='lat' dir='ltr'><strong>dimisseque</strong></span> <span class='ocrx_word' id='word_1_439' title='bbox 1241 5479 1298 5528; x_wconf 85' lang='lat' dir='ltr'><strong>s—</strong></span> <span class='ocrx_word' id='word_1_440' title='bbox 1318 5480 1358 5529; x_wconf 79' lang='lat' dir='ltr'><strong>to.</strong></span> <span class='ocrx_word' id='word_1_441' title='bbox 1377 5478 1537 5531; x_wconf 65' lang='lat' dir='ltr'><strong>titubasse-iu</strong></span> <span class='ocrx_word' id='word_1_442' title='bbox 1553 5481 1613 5531; x_wconf 82' lang='lat' dir='ltr'><strong>ST:</strong></span> 
     </span>
     <span class='ocr_line' id='line_1_45' title="bbox 281 5554 1618 5622; baseline -0.003 -13"><span class='ocrx_word' id='word_1_443' title='bbox 281 5556 416 5609; x_wconf 57' lang='grc' dir='ltr'><strong>ΝΜ</strong></span> <span class='ocrx_word' id='word_1_444' title='bbox 430 5558 482 5609; x_wconf 84' lang='grc' dir='ltr'><strong>ΑΟ</strong></span> <span class='ocrx_word' id='word_1_445' title='bbox 494 5584 523 5594; x_wconf 92' lang='grc'>-</span> <span class='ocrx_word' id='word_1_446' title='bbox 542 5556 583 5607; x_wconf 80' lang='lat' dir='ltr'><strong>tr.</strong></span> <span class='ocrx_word' id='word_1_447' title='bbox 601 5557 655 5622; x_wconf 80' lang='lat' dir='ltr'><strong>nec]</strong></span> <span class='ocrx_word' id='word_1_448' title='bbox 671 5557 730 5608; x_wconf 82' lang='lat' dir='ltr'><strong>nes</strong></span> <span class='ocrx_word' id='word_1_449' title='bbox 744 5583 771 5594; x_wconf 91' lang='lat'><em>-</em></span> <span class='ocrx_word' id='word_1_450' title='bbox 791 5558 831 5607; x_wconf 78' lang='lat' dir='ltr'><strong>td.</strong></span> <span class='ocrx_word' id='word_1_451' title='bbox 844 5557 962 5615; x_wconf 57' lang='lat' dir='ltr'><strong>noceam</strong></span> <span class='ocrx_word' id='word_1_452' title='bbox 979 5554 1204 5617; x_wconf 71' lang='lat' dir='ltr'><strong>xtursprssesoo</strong></span> <span class='ocrx_word' id='word_1_453' title='bbox 1214 5555 1413 5606; x_wconf 77' lang='lat' dir='ltr'><strong>Mommsenius.</strong></span> <span class='ocrx_word' id='word_1_454' title='bbox 1429 5581 1457 5592; x_wconf 94' lang='lat'><em>-</em></span> <span class='ocrx_word' id='word_1_455' title='bbox 1475 5555 1517 5605; x_wconf 74' lang='lat'><strong>22.</strong></span> <span class='ocrx_word' id='word_1_456' title='bbox 1531 5556 1618 5618; x_wconf 80' lang='lat' dir='ltr'><strong>primo</strong></span> 
     </span>
     <span class='ocr_line' id='line_1_46' title="bbox 280 5627 1618 5697; baseline -0.002 -13"><span class='ocrx_word' id='word_1_457' title='bbox 280 5635 348 5684; x_wconf 82' lang='grc' dir='ltr'><strong>Τ-</strong></span> <span class='ocrx_word' id='word_1_458' title='bbox 365 5633 407 5684; x_wconf 77' lang='lat'><strong>2³.</strong></span> <span class='ocrx_word' id='word_1_459' title='bbox 424 5633 530 5695; x_wconf 71' lang='lat' dir='ltr'><strong>ustiwn]</strong></span> <span class='ocrx_word' id='word_1_460' title='bbox 548 5634 659 5682; x_wconf 59' lang='lat' dir='ltr'><strong>omnmo</strong></span> <span class='ocrx_word' id='word_1_461' title='bbox 676 5632 755 5683; x_wconf 89' lang='lat' dir='ltr'><strong>codd.</strong></span> <span class='ocrx_word' id='word_1_462' title='bbox 774 5632 999 5697; x_wconf 77' lang='lat' dir='ltr'><strong>Lagomersiniani</strong></span> <span class='ocrx_word' id='word_1_463' title='bbox 1016 5632 1149 5694; x_wconf 82' lang='lat' dir='ltr'><strong>quinque;</strong></span> <span class='ocrx_word' id='word_1_464' title='bbox 1168 5641 1221 5680; x_wconf 91' lang='lat' dir='ltr'><strong>om.</strong></span> <span class='ocrx_word' id='word_1_465' title='bbox 1240 5630 1286 5679; x_wconf 80' lang='lat' dir='ltr'><strong>SA</strong></span> <span class='ocrx_word' id='word_1_466' title='bbox 1304 5627 1422 5680; x_wconf 87' lang='lat' dir='ltr'><strong>etmulti</strong></span> <span class='ocrx_word' id='word_1_467' title='bbox 1439 5629 1491 5681; x_wconf 88' lang='lat' dir='ltr'><strong>alii.</strong></span> <span class='ocrx_word' id='word_1_468' title='bbox 1508 5656 1536 5666; x_wconf 96' lang='lat'><em>-</em></span> <span class='ocrx_word' id='word_1_469' title='bbox 1554 5631 1618 5681; x_wconf 78' lang='lat' dir='ltr'><strong>diost</strong></span> 
     </span>
     <span class='ocr_line' id='line_1_47' title="bbox 280 5704 1612 5770; baseline -0.003 -12"><span class='ocrx_word' id='word_1_470' title='bbox 280 5708 783 5761; x_wconf 73' lang='lat' dir='ltr'><strong>srs:oto·sr1.0-25.ssc1&gt;s:</strong></span> <span class='ocrx_word' id='word_1_471' title='bbox 807 5710 879 5769; x_wconf 64' lang='grc' dir='ltr'><strong>ατς</strong></span> <span class='ocrx_word' id='word_1_472' title='bbox 902 5709 1067 5760; x_wconf 65' lang='lat' dir='ltr'><strong>sedets-</strong></span> <span class='ocrx_word' id='word_1_473' title='bbox 1092 5704 1612 5770; x_wconf 69' lang='lat' dir='ltr'><strong>26.cosds&#39;tionias-29.lls]is’s-</strong></span> 
     </span>
     <span class='ocr_line' id='line_1_48' title="bbox 279 5780 1617 5849; baseline -0.003 -15"><span class='ocrx_word' id='word_1_474' title='bbox 279 5782 509 5849; x_wconf 62' lang='lat' dir='ltr'><strong>mpas-</strong></span> <span class='ocrx_word' id='word_1_475' title='bbox 527 5784 569 5834; x_wconf 77' lang='lat'><strong>30.</strong></span> <span class='ocrx_word' id='word_1_476' title='bbox 588 5784 1059 5848; x_wconf 73' lang='lat' dir='ltr'><strong>disceptationesetcooottiososl-</strong></span> <span class='ocrx_word' id='word_1_477' title='bbox 1078 5782 1119 5834; x_wconf 79' lang='lat'><strong>3⁴.</strong></span> <span class='ocrx_word' id='word_1_478' title='bbox 1137 5783 1260 5834; x_wconf 79' lang='lat' dir='ltr'><strong>osstsf:</strong></span> <span class='ocrx_word' id='word_1_479' title='bbox 1279 5782 1417 5832; x_wconf 69' lang='lat' dir='ltr'><strong>octo-</strong></span> <span class='ocrx_word' id='word_1_480' title='bbox 1437 5780 1478 5832; x_wconf 82' lang='lat'><strong>³3.</strong></span> <span class='ocrx_word' id='word_1_481' title='bbox 1496 5780 1617 5831; x_wconf 78' lang='lat' dir='ltr'><strong>snot&#39;lF</strong></span> 
     </span>
     <span class='ocr_line' id='line_1_49' title="bbox 282 5855 1618 5924; baseline -0.001 -15"><span class='ocrx_word' id='word_1_482' title='bbox 282 5855 590 5910; x_wconf 63' lang='lat' dir='ltr'><strong>-ttotossosrr-</strong></span> <span class='ocrx_word' id='word_1_483' title='bbox 614 5857 655 5909; x_wconf 73' lang='lat' dir='ltr'><strong>dt.</strong></span> <span class='ocrx_word' id='word_1_484' title='bbox 673 5859 812 5910; x_wconf 70' lang='lat' dir='ltr'><strong>dolosa:</strong></span> <span class='ocrx_word' id='word_1_485' title='bbox 833 5858 1079 5909; x_wconf 66' lang='lat' dir='ltr'><strong>maurico·</strong></span> <span class='ocrx_word' id='word_1_486' title='bbox 1103 5857 1143 5909; x_wconf 77' lang='lat'><strong>37.</strong></span> <span class='ocrx_word' id='word_1_487' title='bbox 1161 5857 1441 5924; x_wconf 60' lang='lat' dir='ltr'><strong>commoneremus</strong></span> <span class='ocrx_word' id='word_1_488' title='bbox 1463 5882 1490 5896; x_wconf 93' lang='lat'>-</span> <span class='ocrx_word' id='word_1_489' title='bbox 1510 5856 1618 5908; x_wconf 58' lang='lat' dir='ltr'><strong>daso-</strong></span> 
     </span>
     <span class='ocr_line' id='line_1_50' title="bbox 279 5930 1228 6000; baseline -0.003 -14"><span class='ocrx_word' id='word_1_490' title='bbox 279 5931 443 5987; x_wconf 67' lang='grc' dir='ltr'><strong>ΜΤ·</strong></span> <span class='ocrx_word' id='word_1_491' title='bbox 462 5930 1228 6000; x_wconf 72' lang='lat' dir='ltr'><strong>dedorttltS-ld.proderttisST-lt.ost{octsss.</strong></span> 
     </span>
    </p>
   </div>
   <div class='ocr_carea' id='block_1_5' title="bbox 0 0 1904 7350">
    <p class='ocr_par' dir='ltr' id='par_1_6' title="bbox 0 0 1904 7350">
     <span class='ocr_line' id='line_1_51' title="bbox 0 0 1904 7350; baseline 0 1"><span class='ocrx_word' id='word_1_492' title='bbox 0 0 1904 7350; x_wconf 95' lang='lat' dir='ltr'><strong> </strong></span> 
     </span>
    </p>
   </div>
  </div>
 </body>
</html>
