3800 7350
313 1206 376 1275 824
739 1208 890 1275 ORATIO
912 1209 992 1274 PRO
1015 1210 1050 1272 l..
1071 1207 1227 1273 FLACCO

312 1384 514 1467 impulerunt.
556 1379 607 1444 86.
628 1382 732 1464 htque
755 1381 868 1444 eodem
891 1380 985 1443 etiam
1007 1380 1049 1442 hl.
1071 1380 1192 1453 Lurco,
1225 1378 1274 1441 vir
1296 1379 1450 1463 optimus,
1480 1400 1570 1444 meus
1592 1380 1640 1444 ta-

312 1478 459 1551 mitiaris,
489 1477 643 1539 convertit
664 1475 808 1538 aculeum
830 1473 1000 1537 testimonii
1025 1474 1091 1536 sui:
1118 1473 1246 1556 negarit
1273 1493 1292 1535 a
1319 1474 1443 1555 privato
1471 1474 1642 1557 pecuniam

311 1574 345 1634 in
376 1562 537 1654 provincia
563 1576 740 1652 praetorem
769 1575 876 1652 petere
906 1574 1060 1650 oportere.
1105 1566 1168 1629 Cur
1196 1569 1339 1641 tandem,
1370 1567 1412 1631 Μ.
1435 1568 1554 1642 Lurco,
1577 1588 1642 1632 non

313 1667 459 1748 oportet?
498 1666 714 1747 Extorquere‚
742 1662 887 1743 accipere
917 1668 1026 1724 contra
1056 1661 1142 1743 leges
1172 1682 1236 1723 non
1264 1667 1408 1745 oportet:
1443 1669 1553 1747 petere
1575 1682 1641 1726 non

290 1766 459 1841 toportere
492 1776 664 1839 numquam
697 1756 862 1830 ostendes,
895 1755 957 1819 nisi
987 1755 1133 1818 docueris
1162 1776 1227 1818 non
1256 1756 1362 1818 licere.
1395 1757 1444 1817 An
1466 1756 1643 1839 legationes

313 1872 436 1914 sumere
457 1851 571 1914 liberas
593 1850 741 1933 exigendi
764 1869 875 1923 causa,
898 1849 980 1912 sicut
1001 1856 1033 1910 et
1053 1856 1087 1911 tu
1109 1849 1176 1932 ipse
1199 1868 1302 1931 nuper
1326 1856 1358 1910 et
1379 1849 1469 1912 multi
1484 1850 1544 1913 viri
1567 1850 1644 1914 boni

314 1965 410 2027 saepe
438 1945 598 2018 fecerunt,
629 1953 750 2007 rectum
780 1953 843 2018 est,
875 1944 961 2026 quod
989 1962 1048 2024 ego
1078 1962 1142 2005 non
1171 1942 1389 2025 reprehendo,
1419 1944 1524 2007 socios
1546 1944 1643 2008 video

314 2040 422 2123 queri:
444 2046 634 2119 praetorem,
658 2038 683 2100 si
706 2037 913 2101 hereditatem
936 2037 969 2097 in
991 2035 1152 2119 provincia
1174 2056 1238 2098 non
1254 2036 1435 2120 reliquerit,
1458 2059 1523 2101 non
1538 2040 1643 2103 solum

268 2128 270 2131 ’
313 2132 625 2215 reprehendendum,
648 2151 756 2193 verum
779 2130 873 2193 etiam
888 2129 1162 2193 condemnandum
1178 2134 1290 2212 putas?
1327 2129 1457 2192 XXXV.
1479 2131 1572 2207 Doti,
1594 2132 1645 2194 in·

278 2227 399 2309 toquit,
429 2225 553 2288 Valeria
581 2226 746 2309 pecuniam
777 2244 902 2287 omnem
932 2243 1021 2285 suam
1050 2222 1182 2285 dixerat.
1225 2223 1311 2285 Nihil
1333 2224 1466 2286 istorum
1489 2226 1645 2309 explicari

316 2328 435 2404 potest,
453 2321 518 2381 nisi
541 2319 718 2382 ostenderis
740 2319 826 2381 illam
848 2320 880 2382 in
903 2318 1002 2380 tutela
1024 2317 1128 2381 Flacci
1151 2338 1214 2380 non
1237 2317 1345 2379 fuisse.
1384 2317 1416 2379 Si
1445 2316 1523 2393 fuit,
1546 2337 1645 2402 quae·

316 2435 451 2498 cumque
473 2414 541 2476 sine
563 2413 624 2476 hoc
645 2420 770 2475 auctore
793 2420 842 2474 cst
862 2412 946 2474 dicta
969 2411 1041 2484 dos,
1069 2411 1158 2474 nulla
1180 2417 1237 2473 est.
1280 2408 1331 2473 87.
1354 2410 1417 2474 Sed
1438 2419 1543 2474 tamen
1566 2413 1645 2476 Lur-

316 2527 444 2582 conem,
472 2528 662 2591 quamquam
691 2527 749 2589 pro
779 2527 837 2569 sua
865 2506 1016 2588 dignitate
1046 2503 1226 2568 moderatus
1258 2511 1306 2567 est
1335 2505 1368 2567 in
1391 2505 1575 2569 testimonio
1598 2505 1646 2570 di·

316 2603 418 2665 cendo
445 2602 589 2683 religioni
617 2619 709 2674 suae,
739 2608 843 2663 tamen
874 2601 989 2662 iratum
1018 2599 1130 2662 Flacco
1154 2618 1224 2661 esse
1250 2599 1391 2661 vidistis:
1427 2619 1532 2682 nequa
1559 2601 1646 2664 eninr

279 2713 306 2759 ta
317 2696 487 2758 occultavit
514 2716 641 2758 causam
668 2695 849 2757 iracundiae
876 2714 952 2757 suae
979 2714 1085 2778 neque
1113 2693 1306 2756 reticendam
1339 2694 1477 2775 putarit:
1512 2701 1647 2777 questus

317 2797 365 2852 est
386 2789 533 2857 libertum
555 2809 648 2851 suum
670 2788 781 2851 Flacco
804 2794 948 2870 praetore
972 2808 1041 2851 esse
1060 2789 1251 2850 damnatum.
1285 2786 1311 2849 Ο
1332 2788 1529 2851 conditiones
1552 2789 1647 2852 mise·

317 2903 367 2947 ras
389 2883 704 2947 administrandarum
728 2883 978 2964 provinciaruml
1008 2884 1040 2945 in
1063 2883 1178 2965 quibus
1201 2881 1364 2964 diligentia
1386 2882 1483 2964 plena
1504 2883 1648 2947 simulta-

318 2985 383 3040 tum
407 2986 468 3049 est,
490 2976 684 3059 negligentia
705 2976 994 3056 vituperationum
1023 2976 1077 3038 ubi
1100 2976 1251 3038 severitas
1273 2974 1453 3058 periculosa
1475 2984 1540 3050 ast,
1567 2977 1648 3041 libe·

318 3071 425 3134 ralitas
454 3072 595 3152 ingrata;
625 3087 728 3131 sermo
757 3069 945 3142 insidiosus,
976 3071 1148 3133 assentatio
1171 3068 1365 3153 perniciosa3
1394 3067 1483 3132 irone
1506 3072 1648 3133 omnium

282 3165 496 3238 aotamiliaris,
519 3164 688 3225 multorum
703 3163 826 3225 animus
847 3163 962 3235 iratus:
985 3164 1168 3227 iracundiae
1185 3163 1344 3235 occultae,
1365 3162 1541 3226 blanditiae
1555 3183 1649 3246 aper·

318 3266 384 3321 tae:
413 3258 576 3320 venientes
604 3265 763 3340 praetores
793 3265 991 3340 exspectant,
1028 3257 1246 3341 praesentibus
1275 3257 1466 3331 inserviunt,
1492 3258 1648 3322 abeuntes

320 3354 479 3415 deserunt.
514 3351 576 3414 Sed
598 3352 777 3414 omittamus
801 3352 964 3435 querelas,
987 3372 1027 3414 ne
1050 3359 1191 3414 nostrum
1207 3350 1374 3413 consilium
1396 3350 1429 3412 in
1452 3352 1649 3433 praetermit-

319 3445 424 3508 tendis
446 3445 616 3526 proviuciis
639 3446 766 3508 laudare
788 3446 962 3509 videamur.
1000 3443 1050 3508 88.
1073 3446 1208 3507 Litteras
1229 3443 1314 3507 misit
1329 3444 1368 3506 de
1385 3443 1479 3506 vilico
1495 3446 1527 3506 P.
1545 3445 1649 3529 Septi-

320 3540 391 3613 mii,
419 3539 558 3602 hominis
586 3540 704 3612 ornati,
735 3540 790 3623 qui
818 3540 929 3603 vilicus
960 3540 1088 3604 caedem
1110 3539 1245 3602 fecerat:
1276 3537 1461 3620 Septimium
1484 3537 1648 3603 ardentem

282 3633 484 3698 :siracundia
505 3633 611 3698 videre
627 3634 786 3716 potuistis.
820 3636 855 3697 ln
872 3635 1026 3698 Lurconis
1043 3635 1189 3697 libertum
1204 3632 1356 3695 iudicium
1372 3652 1413 3694 ex
1428 3633 1530 3697 edicto
1546 3634 1648 3697 dedit:

319 3730 421 3794 hostis
450 3736 498 3793 est
523 3730 635 3792 Lurco.
669 3728 751 3803 Quid
775 3729 893 3811 igitur?
926 3730 1091 3792 hominum
1115 3728 1322 3811 gratiosorum
1344 3726 1649 3810 splendidorumque

319 3824 439 3886 libertis
460 3823 521 3886 tuit
541 3822 617 3885 Asia
639 3823 813 3885 tradenda?
836 3843 876 3886 an
900 3824 1075 3887 simultates
1097 3823 1205 3885 nescio
1220 3841 1300 3904 quas
1316 3841 1387 3883 cum
1401 3820 1520 3884 libertis
1536 3823 1650 3885 vestris

320 3919 451 3981 Flaccus
483 3920 630 3980 exercet?
663 3937 704 3980 an
733 3918 765 3980 in
789 3919 901 3980 vestris
931 3925 1169 4000 vestrorumque
1192 3915 1296 3978 causis
1320 3916 1470 3979 severitas
1493 3916 1567 3979 odio
1591 3923 1649 3991 est,

321 4013 454 4076 eandem
477 4011 628 4086 laudatis,
658 4033 728 4074 curn
751 4012 790 4074 de
813 4012 904 4074 nobis
926 4011 1094 4075 iudicatis?
1144 4009 1290 4072 XXXVI.
1312 4005 1364 4071 89.
1387 4010 1426 4073 at
1447 4010 1507 4073 iste
1528 4009 1649 4083 Andro,

283 4107 475 4189 :ospoliatus
497 4105 604 4179 bonis,
627 4112 661 4168 ut
685 4105 804 4179 dicitis,
827 4106 866 4168 ad
895 4105 1064 4168 dicendum
1091 4103 1308 4190 testimonium
1332 4123 1396 4165 non
1422 4103 1516 4166 venit.
1554 4105 1649 4183 Quid,

321 4203 347 4264 si
370 4201 499 4264 veniat?
528 4199 706 4262 Decisionis
729 4200 844 4263 arbiter
866 4201 898 4265 C.
923 4200 1079 4263 Caecilius
1101 4199 1179 4260 fuit:
1210 4217 1275 4280 quo
1297 4197 1467 4279 splendore
1488 4197 1553 4261 uirl
1586 4220 1650 4283 qua

321 4292 401 4356 lidel
425 4313 487 4376 qua
499 4292 669 4375 religionel
693 4293 876 4376 obsignator
891 4294 924 4356 C.
942 4293 1108 4365 Sextilius,
1131 4291 1286 4354 Lurconis
1302 4292 1418 4353 sororis
1433 4287 1530 4367 filius,
1552 4292 1648 4356 homo

322 4397 353 4450 et
374 4388 497 4469 pudens
519 4396 550 4449 et
572 4395 718 4449 constans
740 4396 772 4449 et
794 4387 907 4469 gravis.
947 4387 980 4448 Si
1003 4389 1050 4448 ris
1074 4393 1155 4459 erat,
1178 4386 1205 4448 si
1228 4383 1329 4455 fraus,
1352 4385 1378 4445 εἰ
1401 4392 1517 4458 metus,
1541 4386 1567 4448 si
1590 4388 1650 4449 cir·

322 4481 531 4562 cumscriptio,
555 4481 626 4563 quis
649 4482 825 4563 pactionem
847 4483 935 4554 fieri,
959 4482 1029 4564 quis
1044 4481 1155 4543 adesse
1176 4480 1253 4541 istos
1269 4478 1395 4560 coligit?
1418 4478 1524 4554 Quid‘t
1547 4481 1574 4543 si
1589 4481 1650 4545 ista

284 4575 425 4637 ³50mnis
456 4575 590 4657 pecunia
618 4575 693 4637 huic
723 4576 960 4639 adolescentulo
991 4577 1024 4636 L.
1047 4576 1159 4637 Flacco
1191 4573 1314 4636 reddita
1336 4580 1399 4646 est,
1430 4573 1457 4636 si
1479 4575 1590 4656 petita,
1622 4575 1650 4638 si

322 4668 447 4729 redacta
476 4688 533 4750 per
564 4668 648 4730 hunc
681 4670 890 4743 Antiochum,
922 4677 1088 4752 paternum
1119 4669 1214 4730 huius
1247 4666 1458 4730 adolescentis
1491 4667 1649 4743 libertum,

322 4762 390 4822 seui
420 4760 466 4822 illi
489 4761 601 4824 Flacco
630 4764 903 4845 probatissimum,
936 4763 1123 4827 videmurne
1146 4784 1209 4826 non
1233 4763 1335 4825 solum
1357 4763 1506 4826 avaritiae
1528 4764 1650 4829 crimen

322 4856 476 4936 etl'ugere,
500 4857 554 4918 sed
578 4860 671 4920 etiam
693 4859 891 4921 liberalitatis
915 4858 1041 4920 laudem
1064 4858 1189 4941 assequi
1205 4857 1419 4940 singularem?
1443 4855 1650 4921 Communem

322 4949 407 5011 eninr
427 4950 648 5024 hereditatem,
671 4972 754 5034 quae
776 4950 949 5034 aequaliter
971 4951 1010 5013 ad
1033 4958 1201 5034 utrumque
1224 4950 1294 5034 lege
1316 4950 1472 5024 venisset,
1494 4953 1652 5015 concessit

387 5152 409 5202 4.
429 5154 507 5214 arque
523 5152 654 5204 Halmius:
672 5154 757 5214 itaque
774 5154 865 5203 ceteri.
885 5180 912 5188 —
931 5155 972 5202 vir
988 5155 1095 5216 optimas
1105 5179 1142 5191 ·-
1154 5155 1253 5203 tandem
1270 5155 1306 5204 Μ.
1318 5153 1401 5203 Lurco
1417 5165 1471 5203 om.
1484 5154 1504 5204 T
1518 5179 1545 5188 ·-
1564 5153 1589 5204 4.
1602 5135 1655 5205 θε-1

320 5234 436 5289 torquere
452 5230 540 5278 STA:
559 5229 674 5289 Eripere,
693 5235 842 5290 actorque-e
858 5242 920 5278 cum
933 5231 1062 5292 Naugerio
1081 5231 1126 5279 Fl.
1136 5231 1155 5278 0
1170 5256 1195 5266 -
1215 5232 1239 5278 a.
1258 5230 1295 5279 Aa
1312 5229 1446 5292 legationes
1462 5227 1553 5277 libera:
1568 5228 1652 5280 habet

321 5305 340 5352 B
359 5329 386 5337 -
406 5303 430 5352 7.
448 5309 535 5352 rutum
551 5308 585 5353 est
602 5304 619 5351 S
636 5330 669 5339 —
693 5302 717 5353 8.
736 5305 763 5352 in
777 5305 910 5366 provincia
926 5306 1067 5355 creuerat.
1087 5332 1114 5340 -
1140 5306 1387 5355 consolavimus
1408 5331 1435 5341 -
1463 5304 1503 5353 40.
1522 5303 1583 5352 nibil
1599 5305 1667 5363 doti,

319 5378 424 5427 blesum
441 5378 523 5427 Sl'rt.
543 5377 697 5428 Emendarit
711 5380 857 5440 Naugerius
873 5380 899 5429 in
916 5379 959 5428 ed.
973 5379 1074 5430 Aldina.
1098 5408 1124 5416 -
1143 5381 1272 5443 aapttcare
1288 5382 1305 5430 S
1319 5406 1346 5417 -
1366 5381 1406 5429 44.
1420 5379 1447 5427 io
1462 5378 1565 5428 tutelam
1582 5380 1602 5429 T
1621 5407 1648 5415 -

318 5454 366 5516 fuit
382 5454 527 5516 Naugerius
546 5453 578 5513 (in
591 5451 634 5502 ed.
648 5452 819 5513 Victorianat:
838 5455 868 5502 sit
885 5455 946 5507 SA:
965 5457 1000 5504 sic
1011 5457 1031 5505 T
1044 5479 1070 5490 -
1091 5454 1131 5505 44.
1144 5456 1268 5521 religione]
1281 5456 1390 5507 mattam
1401 5454 1531 5514 Bromius,
1547 5455 1651 5518 Schue-

321 5529 400 5588 tzius,
420 5527 572 5576 Garatonius
585 5527 637 5588 (lt),
656 5527 701 5587 qui
719 5525 828 5575 contulit
844 5528 919 5578 Verr.
939 5530 1004 5592 1115
1023 5531 1078 5589 403,
1098 5529 1131 5579 ad
1149 5533 1179 5591 Q.
1201 5531 1255 5582 tr.l
1273 5532 1340 5595 apl
1362 5530 1435 5594 5³8.
1457 5555 1484 5566 -
1504 5532 1543 5581 ee.
1563 5531 1649 5595 aeque]

319 5605 391 5652 nccS
405 5631 433 5639 -
450 5604 490 5652 46.
503 5607 537 5652 est
549 5616 602 5652 om.
617 5602 634 5651 l'
648 5628 674 5637 -
696 5601 735 5650 ta.
751 5604 948 5668 provinciarum]
961 5606 1092 5654 ciuitatum
1103 5607 1296 5667 prouinciarum
1308 5607 1342 5666 ‘l;
1361 5607 1491 5656 civitatum
1505 5610 1528 5655 et
1540 5608 1651 5668 prouin-

319 5680 450 5728 ciarumlt
465 5706 491 5714 -
512 5677 551 5728 49.
568 5678 731 5739 pemttiosos
745 5703 772 5713 —-
791 5679 832 5728 22.
842 5679 1076 5742 praetermittendis]
1089 5682 1259 5732 omittendtstt
1273 5709 1300 5718 -
1318 5682 1360 5731 28.
1373 5682 1485 5731 exacuit
1501 5695 1563 5733 cum
1579 5684 1651 5733 Nau-

320 5754 393 5814 gerlo
406 5755 436 5813 F;
455 5753 585 5803 coercebat
596 5752 721 5802 Halmius.
738 5777 764 5787 -
785 5767 819 5801 aa
837 5757 896 5804 Sa:
916 5768 950 5804 ao
966 5755 1090 5805 arobisTF
1101 5756 1148 5805 LO
1168 5784 1194 5792 -
1214 5757 1254 5807 30.
1273 5757 1365 5807 dicitur
1381 5757 1438 5805 S-
1457 5756 1498 5808 34.
1512 5757 1540 5808 C.
1553 5751 1667 5809 Caeliue’

321 5828 381 5876 Τ-
400 5828 440 5877 32.
454 5827 480 5877 C.
494 5828 649 5877 SestutttasS
669 5854 696 5863 -
714 5827 754 5878 33.
772 5829 866 5890 pudens
882 5831 909 5878 Ρ.
928 5830 1078 5879 Manutius:
1093 5832 1204 5894 mrtem
1220 5833 1304 5884 STA.
1324 5831 1362 5882 Cf.
1383 5843 1409 5894 p.
1427 5831 1485 5896 828,
1504 5833 1544 5885 32.
1560 5861 1588 5871 -
1604 5848 1652 5898 per

322 5900 510 5966 Pantagathus:
528 5903 611 5965 siper
627 5903 729 5954 STAF
746 5929 774 5940 -·
793 5903 834 5953 37.
852 5918 902 5955 ooo
919 5916 973 5956 om.
992 5905 1050 5957 ΤΛ.
