3800 7350
691 1183 764 1248 cn.
786 1184 967 1251 vm-ra
993 1182 1040 1269 ss
1062 1182 1206 1252 no-ao.
1521 1176 1604 1247 nuo

290 1351 505 1436 potissimum
534 1351 666 1416 dederas
688 1352 789 1427 enim,
814 1373 909 1436 quam
931 1361 1149 1419 contemneres
1170 1354 1338 1438 populares
1359 1352 1518 1427 insanias,
1540 1352 1604 1415 iam

289 1446 330 1508 ab
350 1444 563 1508 adolescentia
584 1446 771 1511 documenta
792 1448 937 1512 maxima.
980 1449 1035 1510 lx.
1056 1445 1107 1511 23.
1130 1448 1386 1524 Quamobrem,
1408 1448 1545 1519 iudices,
1567 1451 1604 1508 ut

289 1537 459 1620 aliquando
491 1539 531 1601 ad
564 1560 689 1604 causam
718 1542 899 1624 crimenque
929 1542 1108 1617 veniamus,
1141 1544 1168 1606 si
1196 1562 1299 1625 neque
1321 1541 1423 1606 omnis
1446 1537 1603 1603 confessio

288 1627 363 1692 iacti
384 1635 432 1692 est
451 1629 616 1708 inusitata,
646 1654 752 1717 neque
774 1635 814 1697 de
834 1655 931 1700 causa
952 1643 1058 1700 nostra
1079 1635 1253 1719 quidquam
1274 1635 1378 1710 aliter,
1400 1655 1436 1698 ac
1457 1652 1516 1695 nos
1537 1630 1603 1695 vel·

289 1722 404 1796 lemus,
426 1743 446 1786 a
466 1734 575 1790 senatu
596 1727 769 1791 iudicatum
791 1737 854 1803 est,
876 1736 909 1793 et
929 1730 1011 1792 lator
1031 1731 1098 1812 ipse
1119 1728 1214 1811 legis,
1236 1749 1307 1792 cum
1321 1736 1408 1793 esset
1422 1732 1625 1789 controvent

289 1814 336 1878 sia
358 1816 444 1880 nulla
463 1815 557 1894 lacti,
575 1821 650 1884 iuris
672 1822 1056 1906 tamendisceptationem
1078 1842 1147 1885 essa
1162 1821 1277 1895 voluit,
1299 1829 1331 1885 et
1352 1822 1382 1885 ei
1396 1820 1469 1884 lecti
1483 1817 1603 1881 iudices

288 1908 380 1990 isque
400 1914 600 1995 praepositus
622 1921 669 1978 est
690 1916 883 1997 quaestioni,
912 1917 970 1999 qui
990 1916 1068 1979 baec
1089 1916 1172 1979 iuste
1192 1916 1414 1999 sapienterque
1437 1913 1602 1994 disceptet,

287 2000 443 2083 reliquum
461 2015 518 2080 est,
541 2006 671 2081 iudices,
692 2015 728 2071 ut
748 2008 828 2071 nihil
848 2012 910 2073 iam
926 2029 1077 2093 quaerere
1092 2008 1177 2072 aliud
1193 2008 1344 2082 debeatis,
1364 2009 1427 2072 nisi
1448 2013 1519 2071 uter
1539 2003 1603 2067 utri

286 2093 417 2159 iusidias
437 2098 557 2163 iecerit.
593 2100 684 2176 Quod
707 2121 773 2184 quo
795 2101 918 2166 facilius
940 2102 1132 2184 argumentis
1159 2101 1338 2184 perspicere
1359 2099 1505 2184 possitis,
1535 2115 1602 2160 rem

281 2194 406 2268 vgestaru
428 2192 518 2255 vobis
540 2193 614 2256 dum
635 2194 772 2257 breviter
793 2214 933 2278 expono,
955 2215 1089 2278 quaeso,
1112 2196 1279 2277 diligenter
1299 2195 1461 2259 attendite.
1611 2202 1639 2249 ⁴⁰

371 2279 422 2345 al.
444 2286 477 2347 P.
500 2286 629 2350 Clodius
656 2309 727 2352 cuna
751 2288 913 2352 statuisset
934 2290 1019 2352 omni
1040 2288 1158 2353 scelere
1180 2290 1213 2352 in
1234 2298 1379 2372 praetura
1399 2304 1514 2349 vexare
1535 2301 1601 2346 rem

286 2374 443 2458 publicam
466 2380 650 2464 videretque
673 2383 715 2443 ita
737 2389 835 2445 tracta
856 2401 925 2445 esse
949 2383 1075 2445 comitia
1097 2402 1180 2445 anno
1200 2382 1373 2465 superiore,
1394 2386 1508 2443 utnon
1521 2374 1603 2438 mul·

286 2475 335 2531 tos
356 2489 481 2536 menses
503 2482 679 2555 praeturam
700 2495 809 2558 gerere
831 2484 953 2557 posset,
976 2476 1031 2557 qui
1053 2495 1118 2538 non
1139 2475 1269 2539 honoris
1290 2473 1420 2556 gradum
1435 2475 1602 2555 spectaret,

285 2568 321 2622 ut
347 2567 461 2639 ceteri,
490 2566 545 2629 sed
575 2576 606 2630 et
628 2568 663 2629 L.
685 2568 816 2632 Paulum
839 2568 991 2651 collegam
1013 2569 1150 2651 effugere
1172 2570 1285 2641 vellet,
1314 2566 1464 2648 singulari
1486 2563 1601 2628 virtute

286 2654 400 2731 civem,
433 2667 465 2721 et
493 2680 608 2724 annum
637 2662 792 2745 integrum
819 2662 861 2725 ad
889 2662 1121 2725 dilacerandam
1148 2682 1214 2726 rem
1242 2661 1399 2745 publicam
1426 2662 1639 2743 quaereretis

286 2749 390 2813 subito
413 2753 542 2837 reliquit
562 2773 677 2817 annum
699 2775 792 2818 suum
808 2775 943 2838 seseque
958 2756 991 2818 in
1005 2774 1122 2818 annum
1136 2756 1314 2839 proximum
1329 2751 1506 2826 transtulit,
1527 2769 1602 2825 non,

286 2851 322 2906 ut
342 2840 392 2919 fit,
414 2845 566 2929 religione
587 2848 708 2931 aliqua,
741 2850 796 2912 sed
818 2857 854 2912 ut
873 2850 1019 2923 baberet,
1042 2848 1129 2932 quod
1150 2849 1219 2931 ipse
1242 2848 1382 2921 dicebat,
1410 2845 1450 2909 ad
1477 2850 1602 2929 praetu-

285 2957 351 3001 ram
373 2941 556 3021 gerendam,
585 2942 646 3005 boc
672 2950 719 3005 est
747 2942 787 3005 ad
809 2942 1008 3006 evertendam
1030 2962 1096 3005 rem
1125 2942 1298 3026 publicam,
1325 2939 1455 3023 plenum
1483 2957 1602 3002 annm

286 3039 382 3115 atque
404 3033 570 3116 integrum.
613 3033 664 3098 25.
687 3035 879 3100 Occurrebat
910 3037 939 3098 ei
965 3056 1109 3099 mancam
1141 3055 1178 3099 ac
1199 3034 1333 3099 debilem
1354 3041 1532 3117 praeturam
1552 3029 1602 3093 iu·

286 3135 387 3190 turam
408 3148 496 3190 suam
519 3130 648 3192 consule
669 3130 803 3205 Milone3
826 3150 898 3192 eum
920 3149 1015 3213 porro
1031 3149 1153 3193 summo
1168 3147 1324 3191 consensu
1345 3125 1454 3210 populi
1469 3121 1639 3186 Romauiao

286 3222 449 3285 consulem
469 3222 537 3284 fieri
560 3223 695 3285 videbat.
729 3223 870 3286 Contulit
891 3242 925 3286 se
946 3222 985 3285 ad
1002 3222 1069 3285 eius
1084 3222 1321 3304 competitores,
1342 3218 1399 3283 sed
1421 3220 1481 3292 ita,
1503 3225 1602 3280 totam

285 3320 320 3377 ut
348 3315 531 3396 petitionem
558 3316 626 3398 ipse
656 3315 743 3379 solus
765 3316 860 3379 etiam
888 3316 995 3379 invitis
1016 3315 1079 3378 illis
1100 3315 1303 3397 gubernaret,
1332 3321 1397 3376 tota
1418 3319 1455 3375 ut
1476 3310 1602 3375 comitia

285 3408 367 3481 suis,
388 3416 424 3470 ut
446 3408 625 3483 dictitabat,
647 3410 764 3473 umeris
787 3402 967 3473 sustineret.
1010 3409 1208 3471 Convocabat
1229 3407 1344 3483 tribus,
1365 3427 1400 3470 se
1421 3408 1602 3488 interpone·

284 3501 354 3575 bat,
375 3500 529 3565 Collinam
543 3521 658 3564 novam
672 3503 787 3567 dilectu
801 3502 1084 3587 perditissimorum
1098 3502 1213 3566 civium
1229 3500 1453 3565 conscribebat.
1476 3497 1601 3573 Quanto

285 3595 338 3659 ille
370 3595 462 3678 plura
490 3596 656 3669 miscebat,
690 3604 776 3659 tanto
803 3597 857 3659 hic
883 3596 983 3679 magis
1009 3597 1042 3659 in
1064 3595 1133 3659 dies
1155 3594 1402 3660 convalescebat.
1441 3592 1500 3656 Ubi
1521 3589 1638 3654 ridicas

284 3691 379 3753 bomo
407 3689 446 3752 ad
474 3708 567 3753 omne
594 3690 715 3754 lacinus
744 3691 959 3774 paratissimus
980 3690 1183 3755 fortissimum
1205 3691 1321 3764 virum,
1348 3686 1601 3752 inimicissimum

284 3804 394 3857 suum,
423 3784 629 3847 certissimum
656 3785 833 3858 consulem,
866 3784 963 3868 idque
993 3784 1153 3849 intellexit
1177 3805 1241 3849 non
1268 3784 1371 3849 solum
1392 3779 1600 3855 sermonibus,

284 3877 340 3941 sed
362 3877 456 3941 etiam
478 3878 634 3959 suffragiis
654 3879 763 3961 populi
785 3880 915 3943 Romani
937 3899 1034 3963 saepe
1056 3899 1125 3942 esse
1146 3879 1352 3952 declaratum,
1380 3875 1485 3960 palam
1506 3891 1599 3955 agere

283 3972 388 4053 coepit
408 3976 440 4033 et
460 3979 566 4054 aperte
587 3971 690 4035 dicere
712 3972 918 4036 occidendum
931 3973 1092 4036 Milonem.
1134 3970 1186 4036 26.
1205 3974 1317 4035 Servos
1331 3977 1469 4054 agrestes
1483 3976 1515 4031 et
1527 3967 1599 4029 bar·

281 4064 391 4138 beros,
414 4065 529 4147 quibus
550 4064 645 4128 silvas
666 4065 808 4150 publicae
830 4066 1040 4150 depopulatus
1062 4073 1128 4130 erat
1148 4066 1369 4149 Etruriamque
1391 4067 1535 4134 vexarat,
1557 4071 1635 4122 exeo

282 4159 470 4242 Appennino
492 4158 679 4233 deduxerat,
703 4178 783 4242 quos
802 4158 967 4222 videbatis.
998 4161 1060 4223 Res
1075 4165 1141 4223 erat
1155 4159 1282 4222 minime
1298 4158 1440 4222 obscura.
1471 4153 1596 4219 Etenim

282 4252 384 4336 palam
406 4251 568 4315 dictitabat
588 4253 784 4315 consulatum
803 4253 914 4316 Miloni
936 4253 1014 4336 eripi
1035 4273 1100 4316 non
1114 4274 1222 4335 posse,
1243 4253 1339 4316 vitam
1354 4269 1457 4334 posse.
1492 4247 1597 4329 Signi-

282 4343 385 4410 ficavit
404 4346 465 4408 boo
486 4365 580 4428 saepe
600 4346 634 4408 in
656 4354 783 4420 senatu,
806 4346 885 4410 dixit
905 4348 939 4409 in
961 4347 1119 4410 contione.
1160 4346 1246 4422 Quin
1267 4345 1362 4408 etiam
1383 4345 1424 4406 bi.
1445 4341 1596 4414 Favonio,

282 4439 450 4504 fortissimo
470 4441 554 4514 viro,
584 4441 747 4522 quaerenti
768 4459 883 4515 exeo,
914 4459 977 4524 qua
998 4461 1055 4523 spe
1076 4440 1195 4504 fureret
1216 4440 1334 4502 blilone
1355 4438 1443 4512 vivo,
1464 4453 1596 4518 respon·

347 4738 370 4787 t.
389 4735 663 4786 ouem-macena
678 4732 780 4786 habent
794 4736 844 4786 ΑΒ
862 4737 888 4785 et
904 4735 1048 4787 Diomedes
1064 4748 1091 4799 p.
1109 4733 1166 4796 tae,
1185 4736 1225 4785 lt.
1246 4761 1274 4771 -
1291 4737 1473 4795 mnunpnnu
1487 4730 1520 4789 T,
1537 4742 1595 4780 eon·

280 4815 367 4864 manis
382 4811 516 4862 Diomedis
532 4810 592 4860 cod.
604 4811 704 4861 lionae.
720 4837 747 4847 -
765 4811 868 4860 insidior
883 4808 1025 4861 Dlomedes
1041 4809 1169 4871 Putscbii,
1187 4808 1236 4860 sed
1251 4807 1364 4859 unnim
1379 4805 1440 4858 cod.
1452 4806 1554 4856 Monac.
1563 4830 1591 4842 -

280 4885 852 4938 n'cnntndeobodutescnntinB-n‘omom.
870 4884 1021 4935 Diomedes.
1042 4911 1069 4921 -
1090 4885 1282 4934 monnell-
1302 4880 1594 4946 oumnobremtnusl·

280 4961 465 5014 tutubabetli
484 4960 852 5026 -l.tucttestlsucicnitll
872 4960 1228 5022 -noetrcquicquomTlit
1246 4955 1543 5021 quidquomnostrsso
1562 4982 1590 4993 -

280 5034 636 5090 cenomanensium
651 5036 719 5086 electi
734 5035 820 5095 TES;
838 5041 861 5086 st
876 5040 894 5101 †
911 5037 980 5086 electi
996 5036 1016 5085 0
1030 5063 1057 5073 -
1075 5037 1099 5085 Ἰ.
1117 5036 1201 5097 bisque
1216 5035 1250 5093 E;
1267 5036 1309 5085 isti
1324 5034 1356 5092 S;
1373 5033 1429 5083 astte
1444 5030 1495 5083 alil.
1511 5057 1538 5068 -
1557 5036 1593 5082 eet

280 5109 402 5162 Orellius:
426 5122 478 5161 om.
496 5110 586 5160 TESO
600 5137 628 5147 -
644 5110 670 5160 8.
687 5123 808 5172 morsm
823 5110 893 5160 oded
908 5112 941 5162 T:
959 5124 1079 5174 quoerm
1094 5111 1163 5160 uliud
1178 5110 1223 5159 iud
1238 5110 1273 5168 Ε;
1291 5109 1490 5172 olludqunem
1506 5107 1548 5157 80
1561 5134 1589 5145 -

279 5187 452 5249 emm
465 5185 562 5248 poscitis
576 5186 728 5248 armatu
744 5185 805 5235 E-
823 5187 863 5236 lt.
876 5187 902 5237 Ρ.
915 5185 1163 5238 Clodiusnnem
1177 5197 1231 5234 rann
1245 5197 1271 5247 p.
1283 5184 1373 5234 babent
1387 5185 1407 5234 B
1419 5187 1446 5235 et
1462 5181 1591 5249 Sulpicius

281 5263 370 5313 Victor
385 5275 412 5326 p.
424 5260 473 5311 265
490 5258 532 5311 ed.
547 5260 628 5323 Capp.
644 5285 671 5296 -
688 5259 725 5323 R]
742 5260 875 5312 musas
894 5287 919 5298 ·-
939 5275 1011 5312 omne
1026 5264 1046 5313 8
1064 5288 1091 5298 -
1111 5261 1151 5311 lt.
1168 5265 1279 5311 umato
1293 5259 1367 5311 TES
1384 5285 1412 5296 -
1431 5258 1472 5311 lt.
1485 5260 1592 5323 peuken

279 5339 343 5390 TE:
360 5336 473 5387 mcum
489 5335 509 5385 0
523 5360 550 5372 -
570 5334 610 5384 46.
624 5335 770 5396 monem
786 5349 881 5386 onnam
897 5337 917 5387 li
934 5334 1015 5388 solus.
1030 5363 1057 5373 -
1077 5336 1116 5386 ⁴9.
1135 5334 1590 5387 mmmm--alttonsedensul

279 5413 362 5477 pictus
372 5411 461 5460 Victor
472 5422 498 5473 p.
508 5408 555 5460 ³77
567 5408 610 5460 ed.
621 5411 737 5475 capp·
752 5411 842 5461 eiTliz
859 5415 883 5460 nt
893 5408 1037 5475 Sulpicium
1054 5411 1120 5460 man
1130 5409 1161 5468 ὃς
1180 5422 1233 5459 om.
1245 5409 1266 5459 0
1278 5435 1306 5445 -
1316 5414 1465 5472 praetem
1475 5410 1589 5472 merens

277 5500 349 5537 nuum
364 5486 425 5537 TE:
446 5486 559 5548 asturem
571 5490 723 5547 praeturam
735 5497 809 5535 sumn
825 5482 967 5548 Sulpicius;
984 5489 1131 5547 praeturum
1146 5497 1218 5533 eumn
1231 5483 1346 5547 monn
1361 5484 1405 5534 so
1417 5509 1445 5520 -
1462 5483 1504 5533 2⁰.
1522 5484 1587 5549 ema]

278 5577 334 5614 eum
350 5561 370 5613 E
389 5587 416 5598 -
434 5560 476 5611 tl.
493 5561 652 5622 conpetitorea
667 5560 686 5610 T
705 5583 732 5595 -
751 5559 792 5610 23.
809 5558 917 5608 nonnis
932 5559 1024 5616 TE03
1042 5558 1076 5609 cl.
1093 5571 1120 5622 p.
1138 5559 1195 5620 872,
1213 5559 1238 5610 8.
1258 5585 1285 5595 -
1303 5558 1345 5610 il.
1362 5558 1451 5609 ditmtu
1466 5558 1528 5608 TE:
1547 5559 1588 5609 de·

277 5635 376 5688 lacteo
394 5660 421 5670 -
440 5635 481 5686 80.
499 5636 587 5686 Servos
602 5640 710 5698 amentes
720 5660 757 5673 -·
768 5634 906 5684 mannent
921 5633 998 5684 aliert
1013 5631 1092 5684 lulius
1109 5634 1265 5685 &venenas
1283 5647 1311 5700 p.
1328 5633 1376 5685 330
1393 5632 1436 5684 ed.
1455 5633 1536 5697 capp.
1555 5659 1583 5671 -

278 5712 317 5762 30.
335 5710 412 5760 sittim
427 5709 447 5761 E
466 5737 494 5748 -
510 5710 689 5771 domitamque
706 5714 816 5759 onomat
831 5721 883 5759 om.
902 5708 1067 5759 Severianus.
1088 5733 1116 5744 -
1133 5707 1175 5772 aa]
1192 5709 1251 5759 et'l'
1268 5733 1296 5746 -
1315 5708 1356 5760 38.
1373 5707 1512 5772 nppmntno
1528 5707 1583 5757 Ts:

277 5785 413 5848 oppianum
428 5784 464 5844 E,
489 5784 614 5847 Apennino
635 5785 655 5834 0
677 5811 704 5822 -
731 5784 771 5835 32.
790 5783 917 5834 dictum
934 5784 1059 5847 potentii
1081 5782 1163 5835 solus.
1182 5810 1210 5821 -
1233 5785 1297 5851 en'lpt
1314 5784 1402 5839 anilonl
1417 5783 1437 5836 li
1453 5780 1534 5837 solus.
1554 5806 1581 5822 -

277 5860 317 5914 33.
334 5862 370 5913 Μ.
388 5860 487 5912 Krauss
504 5861 613 5929 (Frspa.
629 5865 677 5911 oet.
694 5860 779 5912 histem
797 5860 866 5912 dom.
883 5873 910 5930 p.
927 5858 1001 5925 aaut:
1020 5871 1073 5914 om.
1091 5859 1202 5913 Taso.
