<?xml version="1.0" encoding="UTF-8"?>
<!DOCTYPE html PUBLIC "-//W3C//DTD XHTML 1.0 Transitional//EN"
    "http://www.w3.org/TR/xhtml1/DTD/xhtml1-transitional.dtd">
<html xmlns="http://www.w3.org/1999/xhtml" xml:lang="en" lang="en">
 <head>
  <title>
</title>
<meta http-equiv="Content-Type" content="text/html;charset=utf-8" />
  <meta name='ocr-system' content='tesseract 3.04.00' />
  <meta name='ocr-capabilities' content='ocr_page ocr_carea ocr_par ocr_line ocrx_word'/>
</head>
<body>
  <div class='ocr_page' id='page_1' title='image "./operaquaesupers08halmgoog_0410.png"; bbox 0 0 3800 7350; ppageno 0'>
   <div class='ocr_carea' id='block_1_1' title="bbox 302 1220 1224 1298">
    <p class='ocr_par' dir='ltr' id='par_1_1' title="bbox 302 1220 1224 1298">
     <span class='ocr_line' id='line_1_1' title="bbox 302 1220 1224 1298; baseline 0.008 -10"><span class='ocrx_word' id='word_1_1' title='bbox 302 1220 384 1291; x_wconf 71' lang='lat' dir='ltr'>lisa</span> <span class='ocrx_word' id='word_1_2' title='bbox 695 1232 846 1298; x_wconf 79' lang='lat' dir='ltr'>ORATIO</span> <span class='ocrx_word' id='word_1_3' title='bbox 867 1231 945 1296; x_wconf 85' lang='lat' dir='ltr'>PRO</span> <span class='ocrx_word' id='word_1_4' title='bbox 969 1231 1031 1295; x_wconf 85' lang='lat' dir='ltr'>CN.</span> <span class='ocrx_word' id='word_1_5' title='bbox 1051 1229 1224 1295; x_wconf 76' lang='lat' dir='ltr'>PLANCIO</span> 
     </span>
    </p>
   </div>
   <div class='ocr_carea' id='block_1_2' title="bbox 265 1399 1678 4770">
    <p class='ocr_par' dir='ltr' id='par_1_2' title="bbox 265 1399 1678 4770">
     <span class='ocr_line' id='line_1_2' title="bbox 302 1399 1633 1483; baseline -0.003 -21"><span class='ocrx_word' id='word_1_6' title='bbox 302 1408 441 1464; x_wconf 88' lang='lat' dir='ltr'>vetustas</span> <span class='ocrx_word' id='word_1_7' title='bbox 469 1409 535 1464; x_wconf 90' lang='lat' dir='ltr'>tum</span> <span class='ocrx_word' id='word_1_8' title='bbox 553 1401 712 1476; x_wconf 80' lang='lat' dir='ltr'>amicitia,</span> <span class='ocrx_word' id='word_1_9' title='bbox 740 1423 811 1464; x_wconf 90' lang='lat' dir='ltr'>cum</span> <span class='ocrx_word' id='word_1_10' title='bbox 840 1402 901 1464; x_wconf 87' lang='lat' dir='ltr'>mci</span> <span class='ocrx_word' id='word_1_11' title='bbox 921 1399 1026 1463; x_wconf 85' lang='lat' dir='ltr'>fratris</span> <span class='ocrx_word' id='word_1_12' title='bbox 1048 1399 1182 1483; x_wconf 87' lang='lat' dir='ltr'>collegia</span> <span class='ocrx_word' id='word_1_13' title='bbox 1203 1407 1267 1462; x_wconf 91' lang='lat' dir='ltr'>tum</span> <span class='ocrx_word' id='word_1_14' title='bbox 1289 1399 1334 1461; x_wconf 87' lang='lat' dir='ltr'>rei</span> <span class='ocrx_word' id='word_1_15' title='bbox 1357 1399 1504 1482; x_wconf 89' lang='lat' dir='ltr'>publicae</span> <span class='ocrx_word' id='word_1_16' title='bbox 1529 1413 1633 1458; x_wconf 88' lang='lat' dir='ltr'>causa</span> 
     </span>
     <span class='ocr_line' id='line_1_3' title="bbox 303 1491 1632 1577; baseline -0.004 -21"><span class='ocrx_word' id='word_1_17' title='bbox 303 1495 447 1557; x_wconf 91' lang='lat' dir='ltr'>sociarat.</span> <span class='ocrx_word' id='word_1_18' title='bbox 488 1491 540 1556; x_wconf 90' lang='grc'>96.</span> <span class='ocrx_word' id='word_1_19' title='bbox 561 1495 639 1558; x_wconf 87' lang='lat' dir='ltr'>Vide</span> <span class='ocrx_word' id='word_1_20' title='bbox 661 1516 745 1559; x_wconf 92' lang='lat' dir='ltr'>nunc</span> <span class='ocrx_word' id='word_1_21' title='bbox 768 1495 934 1577; x_wconf 89' lang='lat' dir='ltr'>caliginem</span> <span class='ocrx_word' id='word_1_22' title='bbox 956 1500 1135 1577; x_wconf 91' lang='lat' dir='ltr'>temporum</span> <span class='ocrx_word' id='word_1_23' title='bbox 1156 1494 1292 1557; x_wconf 92' lang='lat' dir='ltr'>illorum.</span> <span class='ocrx_word' id='word_1_24' title='bbox 1328 1493 1405 1556; x_wconf 89' lang='lat' dir='ltr'>Cum</span> <span class='ocrx_word' id='word_1_25' title='bbox 1427 1492 1496 1575; x_wconf 91' lang='lat' dir='ltr'>ipsa</span> <span class='ocrx_word' id='word_1_26' title='bbox 1520 1507 1632 1575; x_wconf 89' lang='lat' dir='ltr'>paene</span> 
     </span>
     <span class='ocr_line' id='line_1_4' title="bbox 302 1582 1631 1673; baseline -0.002 -25"><span class='ocrx_word' id='word_1_27' title='bbox 302 1586 406 1649; x_wconf 89' lang='lat' dir='ltr'>insula</span> <span class='ocrx_word' id='word_1_28' title='bbox 436 1586 511 1651; x_wconf 91' lang='lat' dir='ltr'>mihi</span> <span class='ocrx_word' id='word_1_29' title='bbox 541 1608 610 1652; x_wconf 89' lang='lat' dir='ltr'>sese</span> <span class='ocrx_word' id='word_1_30' title='bbox 632 1588 756 1653; x_wconf 87' lang='lat' dir='ltr'>obviam</span> <span class='ocrx_word' id='word_1_31' title='bbox 780 1587 862 1651; x_wconf 85' lang='lat' dir='ltr'>t&#39;erre</span> <span class='ocrx_word' id='word_1_32' title='bbox 883 1589 996 1663; x_wconf 90' lang='lat' dir='ltr'>vellet,</span> <span class='ocrx_word' id='word_1_33' title='bbox 1028 1596 1153 1673; x_wconf 90' lang='lat' dir='ltr'>praetor</span> <span class='ocrx_word' id='word_1_34' title='bbox 1174 1588 1243 1663; x_wconf 90' lang='lat' dir='ltr'>ille,</span> <span class='ocrx_word' id='word_1_35' title='bbox 1275 1588 1414 1651; x_wconf 87' lang='lat' dir='ltr'>eiusdem</span> <span class='ocrx_word' id='word_1_36' title='bbox 1436 1585 1559 1649; x_wconf 89' lang='lat' dir='ltr'>tribuni</span> <span class='ocrx_word' id='word_1_37' title='bbox 1582 1582 1631 1667; x_wconf 93' lang='lat' dir='ltr'>pl.</span> 
     </span>
     <span class='ocr_line' id='line_1_5' title="bbox 302 1675 1630 1767; baseline -0.002 -24"><span class='ocrx_word' id='word_1_38' title='bbox 302 1681 498 1745; x_wconf 89' lang='lat' dir='ltr'>contionibus</span> <span class='ocrx_word' id='word_1_39' title='bbox 528 1689 658 1767; x_wconf 88' lang='lat' dir='ltr'>propter</span> <span class='ocrx_word' id='word_1_40' title='bbox 690 1683 821 1746; x_wconf 88' lang='lat' dir='ltr'>eandem</span> <span class='ocrx_word' id='word_1_41' title='bbox 850 1683 895 1745; x_wconf 92' lang='lat' dir='ltr'>rei</span> <span class='ocrx_word' id='word_1_42' title='bbox 925 1681 1070 1765; x_wconf 86' lang='lat' dir='ltr'>publicae</span> <span class='ocrx_word' id='word_1_43' title='bbox 1097 1702 1224 1745; x_wconf 89' lang='lat' dir='ltr'>causam</span> <span class='ocrx_word' id='word_1_44' title='bbox 1246 1700 1341 1764; x_wconf 89' lang='lat' dir='ltr'>saepe</span> <span class='ocrx_word' id='word_1_45' title='bbox 1362 1688 1512 1753; x_wconf 80' lang='lat' dir='ltr'>vexatus,</span> <span class='ocrx_word' id='word_1_46' title='bbox 1542 1675 1630 1741; x_wconf 91' lang='lat' dir='ltr'>nihil</span> 
     </span>
     <span class='ocr_line' id='line_1_6' title="bbox 278 1772 1630 1857; baseline -0.007 -14"><span class='ocrx_word' id='word_1_47' title='bbox 278 1775 436 1857; x_wconf 78' lang='lat' dir='ltr'>camplius</span> <span class='ocrx_word' id='word_1_48' title='bbox 458 1776 528 1842; x_wconf 91' lang='lat' dir='ltr'>dico</span> <span class='ocrx_word' id='word_1_49' title='bbox 550 1777 611 1841; x_wconf 87' lang='lat' dir='ltr'>nisi</span> <span class='ocrx_word' id='word_1_50' title='bbox 634 1797 683 1840; x_wconf 83' lang='lat' dir='ltr'>me</span> <span class='ocrx_word' id='word_1_51' title='bbox 705 1779 738 1839; x_wconf 92' lang='lat' dir='ltr'>in</span> <span class='ocrx_word' id='word_1_52' title='bbox 761 1775 897 1839; x_wconf 89' lang='lat' dir='ltr'>Siciliam</span> <span class='ocrx_word' id='word_1_53' title='bbox 911 1776 1019 1839; x_wconf 88' lang='lat' dir='ltr'>venire</span> <span class='ocrx_word' id='word_1_54' title='bbox 1038 1776 1150 1840; x_wconf 90' lang='lat' dir='ltr'>noluit.</span> <span class='ocrx_word' id='word_1_55' title='bbox 1173 1776 1258 1852; x_wconf 84' lang='lat' dir='ltr'>Quid</span> <span class='ocrx_word' id='word_1_56' title='bbox 1274 1775 1397 1838; x_wconf 73' lang='lat' dir='ltr'>dicam?</span> <span class='ocrx_word' id='word_1_57' title='bbox 1421 1773 1454 1837; x_wconf 89' lang='lat' dir='ltr'>C.</span> <span class='ocrx_word' id='word_1_58' title='bbox 1469 1772 1630 1856; x_wconf 89' lang='lat' dir='ltr'>Vergilio,</span> 
     </span>
     <span class='ocr_line' id='line_1_7' title="bbox 303 1868 1630 1951; baseline -0.002 -20"><span class='ocrx_word' id='word_1_59' title='bbox 303 1868 357 1931; x_wconf 87' lang='lat' dir='ltr'>tali</span> <span class='ocrx_word' id='word_1_60' title='bbox 386 1870 448 1933; x_wconf 82' lang='lat' dir='ltr'>civi</span> <span class='ocrx_word' id='word_1_61' title='bbox 478 1878 510 1933; x_wconf 88' lang='lat' dir='ltr'>et</span> <span class='ocrx_word' id='word_1_62' title='bbox 530 1871 616 1944; x_wconf 91' lang='lat' dir='ltr'>viro,</span> <span class='ocrx_word' id='word_1_63' title='bbox 638 1868 888 1933; x_wconf 80' lang='lat' dir='ltr'>benevolentiam</span> <span class='ocrx_word' id='word_1_64' title='bbox 910 1869 943 1930; x_wconf 96' lang='lat' dir='ltr'>in</span> <span class='ocrx_word' id='word_1_65' title='bbox 965 1889 1031 1943; x_wconf 94' lang='lat' dir='ltr'>me,</span> <span class='ocrx_word' id='word_1_66' title='bbox 1060 1870 1242 1934; x_wconf 85' lang='lat' dir='ltr'>memoriam</span> <span class='ocrx_word' id='word_1_67' title='bbox 1265 1868 1476 1932; x_wconf 91' lang='lat' dir='ltr'>communium</span> <span class='ocrx_word' id='word_1_68' title='bbox 1497 1876 1630 1951; x_wconf 92' lang='lat' dir='ltr'>tempo·</span> 
     </span>
     <span class='ocr_line' id='line_1_8' title="bbox 302 1961 1629 2047; baseline -0.001 -23"><span class='ocrx_word' id='word_1_69' title='bbox 302 1983 387 2038; x_wconf 93' lang='lat' dir='ltr'>rum,</span> <span class='ocrx_word' id='word_1_70' title='bbox 410 1963 577 2047; x_wconf 90' lang='lat' dir='ltr'>pietatem,</span> <span class='ocrx_word' id='word_1_71' title='bbox 598 1963 844 2037; x_wconf 76' lang='lat' dir='ltr'>humanitatem,</span> <span class='ocrx_word' id='word_1_72' title='bbox 866 1962 960 2026; x_wconf 87' lang='lat' dir='ltr'>tidem</span> <span class='ocrx_word' id='word_1_73' title='bbox 976 1962 1135 2027; x_wconf 74' lang='lat' dir='ltr'>defuisse?</span> <span class='ocrx_word' id='word_1_74' title='bbox 1157 1964 1258 2039; x_wconf 90' lang='lat' dir='ltr'>Nihil,</span> <span class='ocrx_word' id='word_1_75' title='bbox 1281 1961 1416 2037; x_wconf 89' lang='lat' dir='ltr'>iudices,</span> <span class='ocrx_word' id='word_1_76' title='bbox 1438 1969 1486 2025; x_wconf 92' lang='lat' dir='ltr'>est</span> <span class='ocrx_word' id='word_1_77' title='bbox 1500 1979 1629 2036; x_wconf 89' lang='lat' dir='ltr'>eorum,</span> 
     </span>
     <span class='ocr_line' id='line_1_9' title="bbox 303 2057 1628 2143; baseline 0.002 -24"><span class='ocrx_word' id='word_1_78' title='bbox 303 2058 375 2133; x_wconf 92' lang='lat' dir='ltr'>sed,</span> <span class='ocrx_word' id='word_1_79' title='bbox 403 2080 498 2143; x_wconf 89' lang='lat' dir='ltr'>quam</span> <span class='ocrx_word' id='word_1_80' title='bbox 525 2063 743 2141; x_wconf 81' lang='lat' dir='ltr'>tempestatem</span> <span class='ocrx_word' id='word_1_81' title='bbox 773 2076 830 2119; x_wconf 89' lang='lat' dir='ltr'>nos</span> <span class='ocrx_word' id='word_1_82' title='bbox 862 2057 1022 2120; x_wconf 82' lang='lat' dir='ltr'>vobiscum</span> <span class='ocrx_word' id='word_1_83' title='bbox 1051 2078 1115 2120; x_wconf 95' lang='lat' dir='ltr'>non</span> <span class='ocrx_word' id='word_1_84' title='bbox 1137 2058 1333 2130; x_wconf 88' lang='lat' dir='ltr'>tulissemus,</span> <span class='ocrx_word' id='word_1_85' title='bbox 1362 2058 1474 2120; x_wconf 90' lang='lat' dir='ltr'>metuit</span> <span class='ocrx_word' id='word_1_86' title='bbox 1494 2063 1531 2119; x_wconf 92' lang='lat' dir='ltr'>ut</span> <span class='ocrx_word' id='word_1_87' title='bbox 1553 2076 1628 2121; x_wconf 87' lang='lat' dir='ltr'>eam</span> 
     </span>
     <span class='ocr_line' id='line_1_10' title="bbox 302 2151 1628 2238; baseline -0.001 -25"><span class='ocrx_word' id='word_1_88' title='bbox 302 2152 369 2236; x_wconf 88' lang='lat' dir='ltr'>ipse</span> <span class='ocrx_word' id='word_1_89' title='bbox 399 2160 507 2238; x_wconf 89' lang='lat' dir='ltr'>posset</span> <span class='ocrx_word' id='word_1_90' title='bbox 536 2152 649 2236; x_wconf 92' lang='lat' dir='ltr'>opibus</span> <span class='ocrx_word' id='word_1_91' title='bbox 680 2151 746 2214; x_wconf 93' lang='lat' dir='ltr'>suis</span> <span class='ocrx_word' id='word_1_92' title='bbox 769 2151 933 2214; x_wconf 88' lang='lat' dir='ltr'>sustinere.</span> <span class='ocrx_word' id='word_1_93' title='bbox 974 2153 1053 2215; x_wconf 89' lang='lat' dir='ltr'>Tum</span> <span class='ocrx_word' id='word_1_94' title='bbox 1076 2152 1209 2215; x_wconf 91' lang='lat' dir='ltr'>consilio</span> <span class='ocrx_word' id='word_1_95' title='bbox 1230 2159 1360 2236; x_wconf 88' lang='lat' dir='ltr'>repente</span> <span class='ocrx_word' id='word_1_96' title='bbox 1384 2160 1501 2216; x_wconf 88' lang='lat' dir='ltr'>mutato</span> <span class='ocrx_word' id='word_1_97' title='bbox 1523 2152 1584 2215; x_wconf 87' lang='lat' dir='ltr'>iter</span> <span class='ocrx_word' id='word_1_98' title='bbox 1608 2170 1628 2212; x_wconf 89' lang='lat' dir='ltr'>a</span> 
     </span>
     <span class='ocr_line' id='line_1_11' title="bbox 265 2245 1629 2328; baseline -0.003 -17"><span class='ocrx_word' id='word_1_99' title='bbox 265 2245 425 2311; x_wconf 83' lang='lat' dir='ltr'>roVihone</span> <span class='ocrx_word' id='word_1_100' title='bbox 453 2247 654 2310; x_wconf 82' lang='lat' dir='ltr'>Brundisium</span> <span class='ocrx_word' id='word_1_101' title='bbox 676 2252 759 2309; x_wconf 87' lang='lat' dir='ltr'>terra</span> <span class='ocrx_word' id='word_1_102' title='bbox 786 2252 893 2328; x_wconf 86' lang='lat' dir='ltr'>petere</span> <span class='ocrx_word' id='word_1_103' title='bbox 915 2245 1081 2320; x_wconf 76' lang='lat' dir='ltr'>contendi:</span> <span class='ocrx_word' id='word_1_104' title='bbox 1112 2265 1183 2309; x_wconf 88' lang='lat' dir='ltr'>nam</span> <span class='ocrx_word' id='word_1_105' title='bbox 1205 2245 1377 2309; x_wconf 90' lang='lat' dir='ltr'>maritimos</span> <span class='ocrx_word' id='word_1_106' title='bbox 1399 2266 1509 2309; x_wconf 90' lang='lat' dir='ltr'>cursus</span> <span class='ocrx_word' id='word_1_107' title='bbox 1531 2264 1629 2328; x_wconf 85' lang='lat' dir='ltr'>prae·</span> 
     </span>
     <span class='ocr_line' id='line_1_12' title="bbox 302 2336 1678 2424; baseline -0.003 -19"><span class='ocrx_word' id='word_1_108' title='bbox 302 2340 449 2405; x_wconf 77' lang='lat' dir='ltr'>eludebat</span> <span class='ocrx_word' id='word_1_109' title='bbox 469 2341 582 2404; x_wconf 89' lang='lat' dir='ltr'>hiemis</span> <span class='ocrx_word' id='word_1_110' title='bbox 603 2339 795 2422; x_wconf 80' lang='lat' dir='ltr'>magnitudo.</span> <span class='ocrx_word' id='word_1_111' title='bbox 839 2339 920 2401; x_wconf 83' lang='lat' dir='ltr'>XLl.</span> <span class='ocrx_word' id='word_1_112' title='bbox 942 2336 993 2399; x_wconf 88' lang='lat'>97.</span> <span class='ocrx_word' id='word_1_113' title='bbox 1018 2338 1093 2403; x_wconf 91' lang='lat' dir='ltr'>Cum</span> <span class='ocrx_word' id='word_1_114' title='bbox 1117 2340 1221 2402; x_wconf 91' lang='lat' dir='ltr'>omnia</span> <span class='ocrx_word' id='word_1_115' title='bbox 1244 2339 1298 2401; x_wconf 93' lang='lat' dir='ltr'>illa</span> <span class='ocrx_word' id='word_1_116' title='bbox 1319 2339 1507 2423; x_wconf 90' lang='lat' dir='ltr'>municipia,</span> <span class='ocrx_word' id='word_1_117' title='bbox 1539 2359 1626 2424; x_wconf 88' lang='lat' dir='ltr'>quae</span> <span class='ocrx_word' id='word_1_118' title='bbox 1675 2367 1678 2372; x_wconf 93' lang='lat'>·</span> 
     </span>
     <span class='ocr_line' id='line_1_13' title="bbox 303 2431 1628 2508; baseline 0 -11"><span class='ocrx_word' id='word_1_119' title='bbox 303 2442 376 2497; x_wconf 88' lang='lat' dir='ltr'>sunt</span> <span class='ocrx_word' id='word_1_120' title='bbox 397 2435 551 2498; x_wconf 87' lang='lat' dir='ltr'>aVibone</span> <span class='ocrx_word' id='word_1_121' title='bbox 572 2432 790 2506; x_wconf 85' lang='lat' dir='ltr'>Brundisium,</span> <span class='ocrx_word' id='word_1_122' title='bbox 813 2434 846 2494; x_wconf 91' lang='lat' dir='ltr'>in</span> <span class='ocrx_word' id='word_1_123' title='bbox 867 2431 930 2494; x_wconf 89' lang='lat' dir='ltr'>lide</span> <span class='ocrx_word' id='word_1_124' title='bbox 952 2451 1037 2506; x_wconf 87' lang='lat' dir='ltr'>mea,</span> <span class='ocrx_word' id='word_1_125' title='bbox 1061 2432 1192 2507; x_wconf 91' lang='lat' dir='ltr'>iudices,</span> <span class='ocrx_word' id='word_1_126' title='bbox 1214 2440 1330 2508; x_wconf 89' lang='lat' dir='ltr'>essent,</span> <span class='ocrx_word' id='word_1_127' title='bbox 1353 2433 1413 2496; x_wconf 89' lang='lat' dir='ltr'>iter</span> <span class='ocrx_word' id='word_1_128' title='bbox 1428 2434 1506 2497; x_wconf 92' lang='lat' dir='ltr'>mihi</span> <span class='ocrx_word' id='word_1_129' title='bbox 1521 2441 1628 2498; x_wconf 91' lang='lat' dir='ltr'>tutum</span> 
     </span>
     <span class='ocr_line' id='line_1_14' title="bbox 302 2526 1628 2607; baseline 0 -17"><span class='ocrx_word' id='word_1_130' title='bbox 302 2528 410 2590; x_wconf 91' lang='lat' dir='ltr'>multis</span> <span class='ocrx_word' id='word_1_131' title='bbox 432 2527 647 2591; x_wconf 86' lang='lat' dir='ltr'>minitantibus</span> <span class='ocrx_word' id='word_1_132' title='bbox 670 2545 782 2606; x_wconf 89' lang='lat' dir='ltr'>magno</span> <span class='ocrx_word' id='word_1_133' title='bbox 804 2546 875 2588; x_wconf 92' lang='lat' dir='ltr'>cnm</span> <span class='ocrx_word' id='word_1_134' title='bbox 898 2545 956 2588; x_wconf 91' lang='lat' dir='ltr'>suo</span> <span class='ocrx_word' id='word_1_135' title='bbox 972 2533 1057 2589; x_wconf 91' lang='lat' dir='ltr'>metu</span> <span class='ocrx_word' id='word_1_136' title='bbox 1080 2526 1312 2607; x_wconf 85' lang='lat' dir='ltr'>praestiterunt</span> <span class='ocrx_word' id='word_1_137' title='bbox 1335 2526 1532 2590; x_wconf 88' lang='lat' dir='ltr'>Brundisium</span> <span class='ocrx_word' id='word_1_138' title='bbox 1549 2528 1628 2591; x_wconf 89' lang='lat' dir='ltr'>veni</span> 
     </span>
     <span class='ocr_line' id='line_1_15' title="bbox 289 2618 1627 2706; baseline -0.001 -22"><span class='ocrx_word' id='word_1_139' title='bbox 289 2621 353 2684; x_wconf 83' lang='lat' dir='ltr'>·vel</span> <span class='ocrx_word' id='word_1_140' title='bbox 374 2622 479 2706; x_wconf 90' lang='lat' dir='ltr'>potius</span> <span class='ocrx_word' id='word_1_141' title='bbox 501 2621 540 2685; x_wconf 90' lang='lat' dir='ltr'>ad</span> <span class='ocrx_word' id='word_1_142' title='bbox 562 2621 687 2685; x_wconf 90' lang='lat' dir='ltr'>moenia</span> <span class='ocrx_word' id='word_1_143' title='bbox 708 2620 841 2682; x_wconf 87' lang='lat' dir='ltr'>accessi:</span> <span class='ocrx_word' id='word_1_144' title='bbox 863 2618 974 2682; x_wconf 91' lang='lat' dir='ltr'>urbem</span> <span class='ocrx_word' id='word_1_145' title='bbox 996 2638 1091 2682; x_wconf 91' lang='lat' dir='ltr'>unam</span> <span class='ocrx_word' id='word_1_146' title='bbox 1114 2618 1190 2681; x_wconf 92' lang='lat' dir='ltr'>mihi</span> <span class='ocrx_word' id='word_1_147' title='bbox 1212 2620 1434 2683; x_wconf 87' lang='lat' dir='ltr'>amicissimam</span> <span class='ocrx_word' id='word_1_148' title='bbox 1455 2620 1627 2696; x_wconf 89' lang='lat' dir='ltr'>declinavi,</span> 
     </span>
     <span class='ocr_line' id='line_1_16' title="bbox 265 2712 1627 2799; baseline -0.004 -16"><span class='ocrx_word' id='word_1_149' title='bbox 265 2736 386 2799; x_wconf 76' lang='lat' dir='ltr'>requae</span> <span class='ocrx_word' id='word_1_150' title='bbox 401 2737 435 2779; x_wconf 90' lang='lat' dir='ltr'>se</span> <span class='ocrx_word' id='word_1_151' title='bbox 450 2715 500 2779; x_wconf 91' lang='lat' dir='ltr'>vel</span> <span class='ocrx_word' id='word_1_152' title='bbox 514 2715 620 2799; x_wconf 91' lang='lat' dir='ltr'>potius</span> <span class='ocrx_word' id='word_1_153' title='bbox 636 2714 778 2777; x_wconf 84' lang='lat' dir='ltr'>exscindi</span> <span class='ocrx_word' id='word_1_154' title='bbox 794 2732 889 2797; x_wconf 90' lang='lat' dir='ltr'>quam</span> <span class='ocrx_word' id='word_1_155' title='bbox 905 2732 922 2775; x_wconf 87' lang='lat' dir='ltr'>e</span> <span class='ocrx_word' id='word_1_156' title='bbox 938 2732 995 2776; x_wconf 91' lang='lat' dir='ltr'>sno</span> <span class='ocrx_word' id='word_1_157' title='bbox 1012 2714 1178 2796; x_wconf 82' lang='lat' dir='ltr'>complexu</span> <span class='ocrx_word' id='word_1_158' title='bbox 1188 2722 1224 2777; x_wconf 95' lang='lat' dir='ltr'>ut</span> <span class='ocrx_word' id='word_1_159' title='bbox 1238 2714 1379 2797; x_wconf 88' lang='lat' dir='ltr'>eriperer</span> <span class='ocrx_word' id='word_1_160' title='bbox 1392 2712 1484 2777; x_wconf 81' lang='lat' dir='ltr'>facile</span> <span class='ocrx_word' id='word_1_161' title='bbox 1500 2724 1627 2798; x_wconf 89' lang='lat' dir='ltr'>patere-</span> 
     </span>
     <span class='ocr_line' id='line_1_17' title="bbox 302 2806 1627 2893; baseline 0 -21"><span class='ocrx_word' id='word_1_162' title='bbox 302 2818 362 2874; x_wconf 88' lang='lat' dir='ltr'>tur.</span> <span class='ocrx_word' id='word_1_163' title='bbox 384 2812 420 2873; x_wconf 95' lang='lat' dir='ltr'>ln</span> <span class='ocrx_word' id='word_1_164' title='bbox 435 2811 542 2874; x_wconf 90' lang='lat' dir='ltr'>hortos</span> <span class='ocrx_word' id='word_1_165' title='bbox 553 2829 603 2872; x_wconf 89' lang='lat' dir='ltr'>me</span> <span class='ocrx_word' id='word_1_166' title='bbox 617 2811 658 2874; x_wconf 84' lang='lat' dir='ltr'>hl.</span> <span class='ocrx_word' id='word_1_167' title='bbox 668 2808 777 2871; x_wconf 88' lang='lat' dir='ltr'>Laeuii</span> <span class='ocrx_word' id='word_1_168' title='bbox 788 2806 891 2870; x_wconf 87' lang='lat' dir='ltr'>Flacci</span> <span class='ocrx_word' id='word_1_169' title='bbox 904 2807 1040 2870; x_wconf 88' lang='lat' dir='ltr'>contuli:</span> <span class='ocrx_word' id='word_1_170' title='bbox 1055 2809 1104 2871; x_wconf 89' lang='lat' dir='ltr'>cui</span> <span class='ocrx_word' id='word_1_171' title='bbox 1121 2828 1192 2871; x_wconf 92' lang='lat' dir='ltr'>cum</span> <span class='ocrx_word' id='word_1_172' title='bbox 1208 2809 1310 2871; x_wconf 91' lang='lat' dir='ltr'>omnis</span> <span class='ocrx_word' id='word_1_173' title='bbox 1324 2813 1437 2882; x_wconf 91' lang='lat' dir='ltr'>metus,</span> <span class='ocrx_word' id='word_1_174' title='bbox 1449 2808 1627 2893; x_wconf 86' lang='lat' dir='ltr'>publicatio</span> 
     </span>
     <span class='ocr_line' id='line_1_18' title="bbox 301 2902 1629 2986; baseline -0.003 -17"><span class='ocrx_word' id='word_1_175' title='bbox 301 2906 473 2979; x_wconf 90' lang='lat' dir='ltr'>bonorum,</span> <span class='ocrx_word' id='word_1_176' title='bbox 496 2902 659 2976; x_wconf 78' lang='lat' dir='ltr'>exsilium,</span> <span class='ocrx_word' id='word_1_177' title='bbox 682 2921 766 2964; x_wconf 91' lang='lat' dir='ltr'>mors</span> <span class='ocrx_word' id='word_1_178' title='bbox 787 2910 1028 2984; x_wconf 82' lang='lat' dir='ltr'>proponeretur,</span> <span class='ocrx_word' id='word_1_179' title='bbox 1049 2902 1127 2964; x_wconf 89' lang='lat' dir='ltr'>haec</span> <span class='ocrx_word' id='word_1_180' title='bbox 1149 2903 1281 2986; x_wconf 88' lang='lat' dir='ltr'>perpeti,</span> <span class='ocrx_word' id='word_1_181' title='bbox 1303 2903 1329 2966; x_wconf 89' lang='lat' dir='ltr'>si</span> <span class='ocrx_word' id='word_1_182' title='bbox 1344 2902 1534 2978; x_wconf 87' lang='lat' dir='ltr'>acciderent,</span> <span class='ocrx_word' id='word_1_183' title='bbox 1557 2923 1629 2965; x_wconf 89' lang='lat' dir='ltr'>ma-</span> 
     </span>
     <span class='ocr_line' id='line_1_19' title="bbox 301 2993 1627 3083; baseline -0.002 -21"><span class='ocrx_word' id='word_1_184' title='bbox 301 2999 360 3062; x_wconf 92' lang='lat' dir='ltr'>luit</span> <span class='ocrx_word' id='word_1_185' title='bbox 381 3018 475 3083; x_wconf 91' lang='lat' dir='ltr'>quam</span> <span class='ocrx_word' id='word_1_186' title='bbox 497 2995 670 3060; x_wconf 87' lang='lat' dir='ltr'>custodiam</span> <span class='ocrx_word' id='word_1_187' title='bbox 692 2995 754 3058; x_wconf 91' lang='lat' dir='ltr'>mei</span> <span class='ocrx_word' id='word_1_188' title='bbox 776 2994 887 3076; x_wconf 89' lang='lat' dir='ltr'>capitis</span> <span class='ocrx_word' id='word_1_189' title='bbox 911 2993 1078 3057; x_wconf 86' lang='lat' dir='ltr'>dimittere.</span> <span class='ocrx_word' id='word_1_190' title='bbox 1122 2995 1220 3059; x_wconf 89' lang='lat' dir='ltr'>Cuius</span> <span class='ocrx_word' id='word_1_191' title='bbox 1246 3015 1304 3078; x_wconf 87' lang='lat' dir='ltr'>ego</span> <span class='ocrx_word' id='word_1_192' title='bbox 1327 2996 1520 3078; x_wconf 90' lang='lat' dir='ltr'>etparentis</span> <span class='ocrx_word' id='word_1_193' title='bbox 1543 2996 1627 3071; x_wconf 92' lang='lat' dir='ltr'>eius,</span> 
     </span>
     <span class='ocr_line' id='line_1_20' title="bbox 302 3085 1629 3175; baseline -0.002 -21"><span class='ocrx_word' id='word_1_194' title='bbox 302 3090 539 3175; x_wconf 88' lang='lat' dir='ltr'>prudentissimi</span> <span class='ocrx_word' id='word_1_195' title='bbox 562 3097 655 3173; x_wconf 87' lang='lat' dir='ltr'>atque</span> <span class='ocrx_word' id='word_1_196' title='bbox 677 3088 787 3173; x_wconf 91' lang='lat' dir='ltr'>optimi</span> <span class='ocrx_word' id='word_1_197' title='bbox 809 3087 910 3162; x_wconf 90' lang='lat' dir='ltr'>senis,</span> <span class='ocrx_word' id='word_1_198' title='bbox 939 3098 970 3151; x_wconf 92' lang='lat' dir='ltr'>et</span> <span class='ocrx_word' id='word_1_199' title='bbox 998 3087 1102 3152; x_wconf 83' lang='lat' dir='ltr'>t&#39;ratris</span> <span class='ocrx_word' id='word_1_200' title='bbox 1124 3096 1156 3153; x_wconf 89' lang='lat' dir='ltr'>et</span> <span class='ocrx_word' id='word_1_201' title='bbox 1177 3090 1343 3171; x_wconf 90' lang='lat' dir='ltr'>utriusque</span> <span class='ocrx_word' id='word_1_202' title='bbox 1364 3085 1501 3151; x_wconf 92' lang='lat' dir='ltr'>liliorum</span> <span class='ocrx_word' id='word_1_203' title='bbox 1523 3090 1629 3154; x_wconf 90' lang='lat' dir='ltr'>mani-</span> 
     </span>
     <span class='ocr_line' id='line_1_21' title="bbox 265 3181 1627 3268; baseline -0.004 -18"><span class='ocrx_word' id='word_1_204' title='bbox 265 3186 361 3252; x_wconf 83' lang='lat' dir='ltr'>robns</span> <span class='ocrx_word' id='word_1_205' title='bbox 389 3186 423 3247; x_wconf 96' lang='lat' dir='ltr'>in</span> <span class='ocrx_word' id='word_1_206' title='bbox 452 3185 525 3247; x_wconf 87' lang='lat' dir='ltr'>navi</span> <span class='ocrx_word' id='word_1_207' title='bbox 555 3190 622 3246; x_wconf 92' lang='lat' dir='ltr'>tnta</span> <span class='ocrx_word' id='word_1_208' title='bbox 652 3202 687 3245; x_wconf 92' lang='lat' dir='ltr'>ac</span> <span class='ocrx_word' id='word_1_209' title='bbox 708 3181 795 3245; x_wconf 89' lang='lat' dir='ltr'>fideli</span> <span class='ocrx_word' id='word_1_210' title='bbox 819 3181 990 3245; x_wconf 90' lang='lat' dir='ltr'>collocatus</span> <span class='ocrx_word' id='word_1_211' title='bbox 1012 3202 1186 3268; x_wconf 89' lang='lat' dir='ltr'>eorumque</span> <span class='ocrx_word' id='word_1_212' title='bbox 1208 3202 1319 3267; x_wconf 89' lang='lat' dir='ltr'>preces</span> <span class='ocrx_word' id='word_1_213' title='bbox 1342 3190 1374 3245; x_wconf 91' lang='lat' dir='ltr'>et</span> <span class='ocrx_word' id='word_1_214' title='bbox 1394 3190 1468 3246; x_wconf 88' lang='lat' dir='ltr'>vota</span> <span class='ocrx_word' id='word_1_215' title='bbox 1489 3181 1529 3245; x_wconf 90' lang='lat' dir='ltr'>de</span> <span class='ocrx_word' id='word_1_216' title='bbox 1551 3202 1627 3245; x_wconf 89' lang='lat' dir='ltr'>meo</span> 
     </span>
     <span class='ocr_line' id='line_1_22' title="bbox 302 3274 1627 3359; baseline -0.001 -17"><span class='ocrx_word' id='word_1_217' title='bbox 302 3278 405 3342; x_wconf 88' lang='lat' dir='ltr'>reditu</span> <span class='ocrx_word' id='word_1_218' title='bbox 427 3276 600 3341; x_wconf 81' lang='lat' dir='ltr'>exaudiens</span> <span class='ocrx_word' id='word_1_219' title='bbox 621 3274 847 3359; x_wconf 80' lang='lat' dir='ltr'>Dyrrachium,</span> <span class='ocrx_word' id='word_1_220' title='bbox 881 3275 968 3358; x_wconf 92' lang='lat' dir='ltr'>quod</span> <span class='ocrx_word' id='word_1_221' title='bbox 991 3284 1057 3339; x_wconf 90' lang='lat' dir='ltr'>erat</span> <span class='ocrx_word' id='word_1_222' title='bbox 1078 3277 1110 3339; x_wconf 95' lang='lat' dir='ltr'>in</span> <span class='ocrx_word' id='word_1_223' title='bbox 1133 3274 1201 3340; x_wconf 86' lang='lat' dir='ltr'>tide&#39;</span> <span class='ocrx_word' id='word_1_224' title='bbox 1216 3296 1300 3351; x_wconf 89' lang='lat' dir='ltr'>mea,</span> <span class='ocrx_word' id='word_1_225' title='bbox 1332 3283 1442 3358; x_wconf 89' lang='lat' dir='ltr'>petere</span> <span class='ocrx_word' id='word_1_226' title='bbox 1464 3277 1627 3341; x_wconf 88' lang='lat' dir='ltr'>contendi.</span> 
     </span>
     <span class='ocr_line' id='line_1_23' title="bbox 302 3368 1628 3453; baseline 0 -19"><span class='ocrx_word' id='word_1_227' title='bbox 302 3369 353 3434; x_wconf 89' lang='grc'>98.</span> <span class='ocrx_word' id='word_1_228' title='bbox 376 3372 448 3446; x_wconf 86' lang='lat' dir='ltr'>Quo</span> <span class='ocrx_word' id='word_1_229' title='bbox 471 3391 541 3433; x_wconf 93' lang='lat' dir='ltr'>cum</span> <span class='ocrx_word' id='word_1_230' title='bbox 563 3370 735 3443; x_wconf 80' lang='lat' dir='ltr'>venissem,</span> <span class='ocrx_word' id='word_1_231' title='bbox 760 3368 912 3450; x_wconf 77' lang='lat' dir='ltr'>cognovi,</span> <span class='ocrx_word' id='word_1_232' title='bbox 932 3369 964 3431; x_wconf 94' lang='lat' dir='ltr'>id</span> <span class='ocrx_word' id='word_1_233' title='bbox 987 3370 1072 3453; x_wconf 94' lang='lat' dir='ltr'>quod</span> <span class='ocrx_word' id='word_1_234' title='bbox 1086 3371 1257 3444; x_wconf 88' lang='lat' dir='ltr'>audieram,</span> <span class='ocrx_word' id='word_1_235' title='bbox 1278 3369 1426 3433; x_wconf 82' lang='lat' dir='ltr'>refertam</span> <span class='ocrx_word' id='word_1_236' title='bbox 1442 3390 1511 3433; x_wconf 89' lang='lat' dir='ltr'>esse</span> <span class='ocrx_word' id='word_1_237' title='bbox 1527 3370 1628 3434; x_wconf 89' lang='lat' dir='ltr'>Grae·</span> 
     </span>
     <span class='ocr_line' id='line_1_24' title="bbox 303 3461 1628 3548; baseline 0 -21"><span class='ocrx_word' id='word_1_238' title='bbox 303 3465 380 3528; x_wconf 92' lang='lat' dir='ltr'>ciam</span> <span class='ocrx_word' id='word_1_239' title='bbox 404 3462 719 3527; x_wconf 88' lang='lat' dir='ltr'>sceleratissimorum</span> <span class='ocrx_word' id='word_1_240' title='bbox 740 3461 905 3525; x_wconf 92' lang='lat' dir='ltr'>hominnm</span> <span class='ocrx_word' id='word_1_241' title='bbox 927 3482 964 3525; x_wconf 90' lang='lat' dir='ltr'>ac</span> <span class='ocrx_word' id='word_1_242' title='bbox 979 3462 1189 3537; x_wconf 78' lang='lat' dir='ltr'>nefariorum,</span> <span class='ocrx_word' id='word_1_243' title='bbox 1211 3484 1344 3548; x_wconf 92' lang='lat' dir='ltr'>quorum</span> <span class='ocrx_word' id='word_1_244' title='bbox 1359 3464 1490 3547; x_wconf 90' lang='lat' dir='ltr'>impium</span> <span class='ocrx_word' id='word_1_245' title='bbox 1505 3464 1628 3527; x_wconf 85' lang='lat' dir='ltr'>ferrum</span> 
     </span>
     <span class='ocr_line' id='line_1_25' title="bbox 302 3554 1627 3643; baseline 0.002 -22"><span class='ocrx_word' id='word_1_246' title='bbox 302 3560 454 3643; x_wconf 88' lang='lat' dir='ltr'>ignesque</span> <span class='ocrx_word' id='word_1_247' title='bbox 474 3555 642 3641; x_wconf 81' lang='lat' dir='ltr'>pestiferos</span> <span class='ocrx_word' id='word_1_248' title='bbox 663 3576 753 3618; x_wconf 88' lang='lat' dir='ltr'>meus</span> <span class='ocrx_word' id='word_1_249' title='bbox 775 3554 828 3617; x_wconf 93' lang='lat' dir='ltr'>ille</span> <span class='ocrx_word' id='word_1_250' title='bbox 851 3555 1031 3619; x_wconf 89' lang='lat' dir='ltr'>consulatus</span> <span class='ocrx_word' id='word_1_251' title='bbox 1054 3576 1071 3619; x_wconf 91' lang='lat' dir='ltr'>e</span> <span class='ocrx_word' id='word_1_252' title='bbox 1093 3557 1238 3619; x_wconf 89' lang='lat' dir='ltr'>manibus</span> <span class='ocrx_word' id='word_1_253' title='bbox 1261 3565 1450 3621; x_wconf 82' lang='lat' dir='ltr'>extorserat:</span> <span class='ocrx_word' id='word_1_254' title='bbox 1473 3560 1528 3642; x_wconf 95' lang='lat' dir='ltr'>qui</span> <span class='ocrx_word' id='word_1_255' title='bbox 1551 3568 1627 3623; x_wconf 90' lang='lat' dir='ltr'>ante</span> 
     </span>
     <span class='ocr_line' id='line_1_26' title="bbox 265 3649 1627 3738; baseline -0.003 -17"><span class='ocrx_word' id='word_1_256' title='bbox 265 3674 397 3738; x_wconf 80' lang='lat' dir='ltr'>:squam</span> <span class='ocrx_word' id='word_1_257' title='bbox 427 3652 466 3717; x_wconf 89' lang='lat' dir='ltr'>de</span> <span class='ocrx_word' id='word_1_258' title='bbox 488 3671 559 3715; x_wconf 89' lang='lat' dir='ltr'>meo</span> <span class='ocrx_word' id='word_1_259' title='bbox 585 3649 722 3714; x_wconf 88' lang='lat' dir='ltr'>adventu</span> <span class='ocrx_word' id='word_1_260' title='bbox 745 3650 853 3714; x_wconf 87' lang='lat' dir='ltr'>audire</span> <span class='ocrx_word' id='word_1_261' title='bbox 874 3650 1068 3734; x_wconf 90' lang='lat' dir='ltr'>potuissent,</span> <span class='ocrx_word' id='word_1_262' title='bbox 1098 3671 1169 3714; x_wconf 92' lang='lat' dir='ltr'>cum</span> <span class='ocrx_word' id='word_1_263' title='bbox 1192 3658 1313 3715; x_wconf 91' lang='lat' dir='ltr'>tantum</span> <span class='ocrx_word' id='word_1_264' title='bbox 1334 3652 1481 3716; x_wconf 90' lang='lat' dir='ltr'>abessent</span> <span class='ocrx_word' id='word_1_265' title='bbox 1502 3653 1627 3738; x_wconf 84' lang='lat' dir='ltr'>aliquot</span> 
     </span>
     <span class='ocr_line' id='line_1_27' title="bbox 302 3743 1626 3830; baseline -0.002 -18"><span class='ocrx_word' id='word_1_266' title='bbox 302 3750 425 3812; x_wconf 88' lang='lat' dir='ltr'>dierum</span> <span class='ocrx_word' id='word_1_267' title='bbox 446 3748 545 3820; x_wconf 72' lang='lat' dir='ltr'>mam,</span> <span class='ocrx_word' id='word_1_268' title='bbox 576 3746 610 3807; x_wconf 95' lang='lat' dir='ltr'>in</span> <span class='ocrx_word' id='word_1_269' title='bbox 631 3743 849 3808; x_wconf 83' lang='lat' dir='ltr'>Macedoniam</span> <span class='ocrx_word' id='word_1_270' title='bbox 870 3744 910 3807; x_wconf 92' lang='lat' dir='ltr'>ad</span> <span class='ocrx_word' id='word_1_271' title='bbox 937 3744 1161 3828; x_wconf 88' lang='lat' dir='ltr'>Planciumque</span> <span class='ocrx_word' id='word_1_272' title='bbox 1182 3746 1317 3830; x_wconf 83' lang='lat' dir='ltr'>perrexi.</span> <span class='ocrx_word' id='word_1_273' title='bbox 1352 3747 1411 3809; x_wconf 88' lang='lat' dir='ltr'>Hic</span> <span class='ocrx_word' id='word_1_274' title='bbox 1432 3767 1507 3811; x_wconf 88' lang='lat' dir='ltr'>vero</span> <span class='ocrx_word' id='word_1_275' title='bbox 1529 3747 1626 3811; x_wconf 91' lang='lat' dir='ltr'>simul</span> 
     </span>
     <span class='ocr_line' id='line_1_28' title="bbox 301 3838 1626 3926; baseline -0.002 -21"><span class='ocrx_word' id='word_1_276' title='bbox 301 3850 395 3926; x_wconf 91' lang='lat' dir='ltr'>atque</span> <span class='ocrx_word' id='word_1_277' title='bbox 422 3859 509 3903; x_wconf 86' lang='lat' dir='ltr'>marc</span> <span class='ocrx_word' id='word_1_278' title='bbox 536 3859 586 3902; x_wconf 86' lang='lat' dir='ltr'>mo</span> <span class='ocrx_word' id='word_1_279' title='bbox 612 3838 764 3902; x_wconf 89' lang='lat' dir='ltr'>transisse</span> <span class='ocrx_word' id='word_1_280' title='bbox 792 3838 1000 3919; x_wconf 87' lang='lat' dir='ltr'>cognovit-</span> <span class='ocrx_word' id='word_1_281' title='bbox 1026 3839 1116 3914; x_wconf 90' lang='lat' dir='ltr'>audi,</span> <span class='ocrx_word' id='word_1_282' title='bbox 1145 3839 1218 3902; x_wconf 93' lang='lat' dir='ltr'>audi</span> <span class='ocrx_word' id='word_1_283' title='bbox 1241 3847 1337 3922; x_wconf 84' lang='lat' dir='ltr'>atque</span> <span class='ocrx_word' id='word_1_284' title='bbox 1359 3839 1502 3915; x_wconf 90' lang='lat' dir='ltr'>attende,</span> <span class='ocrx_word' id='word_1_285' title='bbox 1532 3840 1626 3903; x_wconf 90' lang='lat' dir='ltr'>Late-</span> 
     </span>
     <span class='ocr_line' id='line_1_29' title="bbox 302 3931 1626 4018; baseline -0.002 -20"><span class='ocrx_word' id='word_1_286' title='bbox 302 3935 418 4008; x_wconf 91' lang='lat' dir='ltr'>rensis,</span> <span class='ocrx_word' id='word_1_287' title='bbox 447 3942 482 3997; x_wconf 91' lang='lat' dir='ltr'>ut</span> <span class='ocrx_word' id='word_1_288' title='bbox 502 3934 598 4008; x_wconf 87' lang='lat' dir='ltr'>scias,</span> <span class='ocrx_word' id='word_1_289' title='bbox 621 3931 697 4017; x_wconf 93' lang='lat' dir='ltr'>quid</span> <span class='ocrx_word' id='word_1_290' title='bbox 720 3951 779 4015; x_wconf 90' lang='lat' dir='ltr'>ego</span> <span class='ocrx_word' id='word_1_291' title='bbox 801 3932 929 3995; x_wconf 87' lang='lat' dir='ltr'>Plancio</span> <span class='ocrx_word' id='word_1_292' title='bbox 953 3932 1102 4007; x_wconf 87' lang='lat' dir='ltr'>debeam,</span> <span class='ocrx_word' id='word_1_293' title='bbox 1124 3933 1359 4018; x_wconf 87' lang='lat' dir='ltr'>confiteareque</span> <span class='ocrx_word' id='word_1_294' title='bbox 1381 3935 1551 4018; x_wconf 88' lang='lat' dir='ltr'>aliquando</span> <span class='ocrx_word' id='word_1_295' title='bbox 1574 3955 1626 3997; x_wconf 92' lang='lat' dir='ltr'>me</span> 
     </span>
     <span class='ocr_line' id='line_1_30' title="bbox 302 4025 1626 4114; baseline -0.001 -23"><span class='ocrx_word' id='word_1_296' title='bbox 302 4029 387 4114; x_wconf 92' lang='lat' dir='ltr'>quod</span> <span class='ocrx_word' id='word_1_297' title='bbox 408 4028 521 4091; x_wconf 82' lang='lat' dir='ltr'>faciam</span> <span class='ocrx_word' id='word_1_298' title='bbox 545 4036 576 4091; x_wconf 91' lang='lat' dir='ltr'>et</span> <span class='ocrx_word' id='word_1_299' title='bbox 597 4034 682 4110; x_wconf 90' lang='lat' dir='ltr'>grate</span> <span class='ocrx_word' id='word_1_300' title='bbox 708 4034 739 4089; x_wconf 88' lang='lat' dir='ltr'>et</span> <span class='ocrx_word' id='word_1_301' title='bbox 760 4027 811 4109; x_wconf 93' lang='lat' dir='ltr'>pie</span> <span class='ocrx_word' id='word_1_302' title='bbox 833 4025 956 4089; x_wconf 86' lang='lat' dir='ltr'>facere:</span> <span class='ocrx_word' id='word_1_303' title='bbox 984 4026 1074 4101; x_wconf 89' lang='lat' dir='ltr'>huie,</span> <span class='ocrx_word' id='word_1_304' title='bbox 1101 4049 1183 4112; x_wconf 90' lang='lat' dir='ltr'>qnae</span> <span class='ocrx_word' id='word_1_305' title='bbox 1205 4049 1262 4111; x_wconf 91' lang='lat' dir='ltr'>pro</span> <span class='ocrx_word' id='word_1_306' title='bbox 1287 4029 1388 4092; x_wconf 88' lang='lat' dir='ltr'>salute</span> <span class='ocrx_word' id='word_1_307' title='bbox 1411 4048 1482 4091; x_wconf 91' lang='lat' dir='ltr'>mea</span> <span class='ocrx_word' id='word_1_308' title='bbox 1503 4028 1626 4102; x_wconf 85' lang='lat' dir='ltr'>fecerit,</span> 
     </span>
     <span class='ocr_line' id='line_1_31' title="bbox 265 4120 1626 4205; baseline -0.005 -15"><span class='ocrx_word' id='word_1_309' title='bbox 265 4124 329 4191; x_wconf 72' lang='lat' dir='ltr'>cosi</span> <span class='ocrx_word' id='word_1_310' title='bbox 359 4122 461 4185; x_wconf 91' lang='lat' dir='ltr'>minus</span> <span class='ocrx_word' id='word_1_311' title='bbox 488 4120 652 4205; x_wconf 82' lang='lat' dir='ltr'>profutura</span> <span class='ocrx_word' id='word_1_312' title='bbox 680 4121 761 4195; x_wconf 91' lang='lat' dir='ltr'>sint,</span> <span class='ocrx_word' id='word_1_313' title='bbox 791 4121 904 4184; x_wconf 87' lang='lat' dir='ltr'>obesse</span> <span class='ocrx_word' id='word_1_314' title='bbox 927 4127 1011 4183; x_wconf 87' lang='lat' dir='ltr'>certe</span> <span class='ocrx_word' id='word_1_315' title='bbox 1033 4141 1098 4184; x_wconf 91' lang='lat' dir='ltr'>non</span> <span class='ocrx_word' id='word_1_316' title='bbox 1120 4129 1265 4204; x_wconf 87' lang='lat' dir='ltr'>oportere</span> <span class='ocrx_word' id='word_1_317' title='bbox 1287 4143 1348 4183; x_wconf 94' lang='lat'>-:</span> <span class='ocrx_word' id='word_1_318' title='bbox 1377 4141 1450 4185; x_wconf 91' lang='lat' dir='ltr'>nam</span> <span class='ocrx_word' id='word_1_319' title='bbox 1472 4122 1566 4185; x_wconf 92' lang='lat' dir='ltr'>simul</span> <span class='ocrx_word' id='word_1_320' title='bbox 1588 4141 1626 4184; x_wconf 91' lang='lat' dir='ltr'>ac</span> 
     </span>
     <span class='ocr_line' id='line_1_32' title="bbox 303 4214 1627 4299; baseline -0.002 -21"><span class='ocrx_word' id='word_1_321' title='bbox 303 4235 352 4278; x_wconf 88' lang='lat' dir='ltr'>me</span> <span class='ocrx_word' id='word_1_322' title='bbox 380 4214 586 4299; x_wconf 80' lang='lat' dir='ltr'>Dyrrachium</span> <span class='ocrx_word' id='word_1_323' title='bbox 615 4214 755 4296; x_wconf 79' lang='lat' dir='ltr'>attigisse</span> <span class='ocrx_word' id='word_1_324' title='bbox 783 4214 918 4290; x_wconf 91' lang='lat' dir='ltr'>audivit,</span> <span class='ocrx_word' id='word_1_325' title='bbox 949 4215 1053 4278; x_wconf 90' lang='lat' dir='ltr'>statim</span> <span class='ocrx_word' id='word_1_326' title='bbox 1074 4217 1114 4279; x_wconf 90' lang='lat' dir='ltr'>ad</span> <span class='ocrx_word' id='word_1_327' title='bbox 1136 4237 1186 4279; x_wconf 91' lang='lat' dir='ltr'>me</span> <span class='ocrx_word' id='word_1_328' title='bbox 1207 4216 1372 4280; x_wconf 92' lang='lat' dir='ltr'>lictoribus</span> <span class='ocrx_word' id='word_1_329' title='bbox 1395 4216 1549 4292; x_wconf 88' lang='lat' dir='ltr'>dimissis,</span> <span class='ocrx_word' id='word_1_330' title='bbox 1577 4215 1627 4277; x_wconf 92' lang='lat' dir='ltr'>in·</span> 
     </span>
     <span class='ocr_line' id='line_1_33' title="bbox 303 4307 1627 4393; baseline -0.002 -20"><span class='ocrx_word' id='word_1_331' title='bbox 303 4310 445 4393; x_wconf 87' lang='lat' dir='ltr'>signibus</span> <span class='ocrx_word' id='word_1_332' title='bbox 467 4308 614 4382; x_wconf 88' lang='lat' dir='ltr'>abiectis,</span> <span class='ocrx_word' id='word_1_333' title='bbox 636 4316 723 4372; x_wconf 90' lang='lat' dir='ltr'>veste</span> <span class='ocrx_word' id='word_1_334' title='bbox 745 4316 865 4372; x_wconf 87' lang='lat' dir='ltr'>mutata</span> <span class='ocrx_word' id='word_1_335' title='bbox 886 4307 1045 4391; x_wconf 85' lang='lat' dir='ltr'>profectus</span> <span class='ocrx_word' id='word_1_336' title='bbox 1067 4320 1123 4372; x_wconf 89' lang='lat' dir='ltr'>est.</span> <span class='ocrx_word' id='word_1_337' title='bbox 1167 4308 1218 4372; x_wconf 88' lang='grc'>99.</span> <span class='ocrx_word' id='word_1_338' title='bbox 1233 4310 1268 4374; x_wconf 78' lang='grc'>’0</span> <span class='ocrx_word' id='word_1_339' title='bbox 1291 4310 1434 4393; x_wconf 89' lang='lat' dir='ltr'>acerbam</span> <span class='ocrx_word' id='word_1_340' title='bbox 1457 4309 1547 4383; x_wconf 92' lang='lat' dir='ltr'>mihi,</span> <span class='ocrx_word' id='word_1_341' title='bbox 1577 4309 1627 4370; x_wconf 92' lang='lat' dir='ltr'>iu·</span> 
     </span>
     <span class='ocr_line' id='line_1_34' title="bbox 303 4402 1627 4484; baseline -0.001 -18"><span class='ocrx_word' id='word_1_342' title='bbox 303 4404 405 4478; x_wconf 90' lang='lat' dir='ltr'>dices,</span> <span class='ocrx_word' id='word_1_343' title='bbox 433 4402 616 4466; x_wconf 86' lang='lat' dir='ltr'>memoriam</span> <span class='ocrx_word' id='word_1_344' title='bbox 648 4402 798 4484; x_wconf 87' lang='lat' dir='ltr'>temporis</span> <span class='ocrx_word' id='word_1_345' title='bbox 828 4402 914 4464; x_wconf 91' lang='lat' dir='ltr'>illins</span> <span class='ocrx_word' id='word_1_346' title='bbox 936 4408 969 4465; x_wconf 91' lang='lat' dir='ltr'>et</span> <span class='ocrx_word' id='word_1_347' title='bbox 991 4403 1071 4477; x_wconf 92' lang='lat' dir='ltr'>loci,</span> <span class='ocrx_word' id='word_1_348' title='bbox 1104 4424 1173 4467; x_wconf 92' lang='lat' dir='ltr'>cnm</span> <span class='ocrx_word' id='word_1_349' title='bbox 1194 4404 1247 4467; x_wconf 92' lang='lat' dir='ltr'>hic</span> <span class='ocrx_word' id='word_1_350' title='bbox 1269 4404 1302 4466; x_wconf 95' lang='lat' dir='ltr'>in</span> <span class='ocrx_word' id='word_1_351' title='bbox 1324 4424 1374 4466; x_wconf 88' lang='lat' dir='ltr'>me</span> <span class='ocrx_word' id='word_1_352' title='bbox 1397 4403 1524 4478; x_wconf 90' lang='lat' dir='ltr'>incidit,</span> <span class='ocrx_word' id='word_1_353' title='bbox 1554 4423 1627 4465; x_wconf 92' lang='lat' dir='ltr'>cum</span> 
     </span>
     <span class='ocr_line' id='line_1_35' title="bbox 303 4494 1625 4582; baseline -0.002 -22"><span class='ocrx_word' id='word_1_354' title='bbox 303 4497 486 4582; x_wconf 86' lang='lat' dir='ltr'>complexus</span> <span class='ocrx_word' id='word_1_355' title='bbox 515 4501 563 4558; x_wconf 85' lang='lat' dir='ltr'>est</span> <span class='ocrx_word' id='word_1_356' title='bbox 592 4496 829 4581; x_wconf 85' lang='lat' dir='ltr'>conspersitque</span> <span class='ocrx_word' id='word_1_357' title='bbox 852 4494 987 4559; x_wconf 88' lang='lat' dir='ltr'>lacrimis</span> <span class='ocrx_word' id='word_1_358' title='bbox 1009 4516 1068 4560; x_wconf 89' lang='lat' dir='ltr'>nec</span> <span class='ocrx_word' id='word_1_359' title='bbox 1090 4497 1178 4581; x_wconf 94' lang='lat' dir='ltr'>loqui</span> <span class='ocrx_word' id='word_1_360' title='bbox 1200 4518 1275 4581; x_wconf 88' lang='lat' dir='ltr'>prae</span> <span class='ocrx_word' id='word_1_361' title='bbox 1298 4516 1440 4561; x_wconf 83' lang='lat' dir='ltr'>maerore</span> <span class='ocrx_word' id='word_1_362' title='bbox 1462 4495 1581 4580; x_wconf 87' lang='lat' dir='ltr'>potuiti</span> <span class='ocrx_word' id='word_1_363' title='bbox 1605 4513 1625 4557; x_wconf 92' lang='grc' dir='ltr'>ο</span> 
     </span>
     <span class='ocr_line' id='line_1_36' title="bbox 266 4588 1637 4676; baseline -0.001 -22"><span class='ocrx_word' id='word_1_364' title='bbox 266 4612 368 4660; x_wconf 73' lang='lat' dir='ltr'>acrem</span> <span class='ocrx_word' id='word_1_365' title='bbox 399 4611 470 4654; x_wconf 92' lang='lat' dir='ltr'>cnm</span> <span class='ocrx_word' id='word_1_366' title='bbox 499 4588 607 4653; x_wconf 90' lang='lat' dir='ltr'>auditu</span> <span class='ocrx_word' id='word_1_367' title='bbox 638 4589 811 4663; x_wconf 88' lang='lat' dir='ltr'>crudelem,</span> <span class='ocrx_word' id='word_1_368' title='bbox 841 4597 907 4652; x_wconf 91' lang='lat' dir='ltr'>tum</span> <span class='ocrx_word' id='word_1_369' title='bbox 929 4590 999 4653; x_wconf 87' lang='lat' dir='ltr'>visu</span> <span class='ocrx_word' id='word_1_370' title='bbox 1022 4589 1190 4653; x_wconf 79' lang='lat' dir='ltr'>nefariam!</span> <span class='ocrx_word' id='word_1_371' title='bbox 1220 4591 1403 4676; x_wconf 88' lang='lat' dir='ltr'>oreliquos</span> <span class='ocrx_word' id='word_1_372' title='bbox 1425 4610 1535 4654; x_wconf 91' lang='lat' dir='ltr'>omnes</span> <span class='ocrx_word' id='word_1_373' title='bbox 1558 4590 1637 4662; x_wconf 77' lang='lat' dir='ltr'>dics,</span> 
     </span>
     <span class='ocr_line' id='line_1_37' title="bbox 303 4683 1626 4770; baseline -0.002 -20"><span class='ocrx_word' id='word_1_374' title='bbox 303 4693 477 4770; x_wconf 88' lang='lat' dir='ltr'>noctesque</span> <span class='ocrx_word' id='word_1_375' title='bbox 506 4704 575 4759; x_wconf 89' lang='lat' dir='ltr'>eas,</span> <span class='ocrx_word' id='word_1_376' title='bbox 604 4684 721 4769; x_wconf 90' lang='lat' dir='ltr'>quibus</span> <span class='ocrx_word' id='word_1_377' title='bbox 749 4685 808 4747; x_wconf 91' lang='lat' dir='ltr'>iste</span> <span class='ocrx_word' id='word_1_378' title='bbox 838 4703 858 4746; x_wconf 90' lang='lat' dir='ltr'>a</span> <span class='ocrx_word' id='word_1_379' title='bbox 888 4703 939 4747; x_wconf 89' lang='lat' dir='ltr'>me</span> <span class='ocrx_word' id='word_1_380' title='bbox 968 4704 1032 4746; x_wconf 93' lang='lat' dir='ltr'>non</span> <span class='ocrx_word' id='word_1_381' title='bbox 1062 4683 1213 4748; x_wconf 89' lang='lat' dir='ltr'>recedens</span> <span class='ocrx_word' id='word_1_382' title='bbox 1242 4685 1498 4749; x_wconf 86' lang='lat' dir='ltr'>Thessalonicam</span> <span class='ocrx_word' id='word_1_383' title='bbox 1519 4706 1569 4748; x_wconf 88' lang='lat' dir='ltr'>me</span> <span class='ocrx_word' id='word_1_384' title='bbox 1591 4685 1626 4748; x_wconf 96' lang='lat' dir='ltr'>in</span> 
     </span>
    </p>
   </div>
   <div class='ocr_carea' id='block_1_3' title="bbox 303 4946 1628 5976">
    <p class='ocr_par' dir='ltr' id='par_1_3' title="bbox 303 4946 1628 5976">
     <span class='ocr_line' id='line_1_38' title="bbox 368 4946 1623 5011; baseline -0.001 -13"><span class='ocrx_word' id='word_1_385' title='bbox 368 4950 392 4998; x_wconf 84' lang='lat' dir='ltr'>i.</span> <span class='ocrx_word' id='word_1_386' title='bbox 410 4961 468 4998; x_wconf 80' lang='lat' dir='ltr'>cum</span> <span class='ocrx_word' id='word_1_387' title='bbox 482 4951 633 4998; x_wconf 78' lang='lat' dir='ltr'>uetustutcro</span> <span class='ocrx_word' id='word_1_388' title='bbox 649 4946 761 4996; x_wconf 67' lang='lat' dir='ltr'>arbitio</span> <span class='ocrx_word' id='word_1_389' title='bbox 777 4947 797 4996; x_wconf 90' lang='lat' dir='ltr'>T</span> <span class='ocrx_word' id='word_1_390' title='bbox 815 4971 843 4981; x_wconf 92' lang='lat'><em>-</em></span> <span class='ocrx_word' id='word_1_391' title='bbox 861 4946 886 4996; x_wconf 73' lang='lat' dir='ltr'>T.</span> <span class='ocrx_word' id='word_1_392' title='bbox 904 4958 971 4995; x_wconf 79' lang='lat' dir='ltr'>nunc</span> <span class='ocrx_word' id='word_1_393' title='bbox 988 4958 1041 4995; x_wconf 90' lang='lat' dir='ltr'>om.</span> <span class='ocrx_word' id='word_1_394' title='bbox 1058 4947 1078 4994; x_wconf 87' lang='lat' dir='ltr'><strong>T</strong></span> <span class='ocrx_word' id='word_1_395' title='bbox 1096 4972 1122 4981; x_wconf 93' lang='lat'>-</span> <span class='ocrx_word' id='word_1_396' title='bbox 1139 4957 1202 5008; x_wconf 76' lang='lat' dir='ltr'>perte</span> <span class='ocrx_word' id='word_1_397' title='bbox 1218 4946 1278 4995; x_wconf 93' lang='lat' dir='ltr'>T-</span> <span class='ocrx_word' id='word_1_398' title='bbox 1297 4946 1321 4997; x_wconf 82' lang='lat'>3.</span> <span class='ocrx_word' id='word_1_399' title='bbox 1338 4946 1450 5011; x_wconf 71' lang='lat' dir='ltr'>morior]</span> <span class='ocrx_word' id='word_1_400' title='bbox 1469 4959 1517 5008; x_wconf 77' lang='lat' dir='ltr'>pr.</span> <span class='ocrx_word' id='word_1_401' title='bbox 1536 4947 1570 5003; x_wconf 73' lang='lat' dir='ltr'>T:</span> <span class='ocrx_word' id='word_1_402' title='bbox 1590 4961 1623 5009; x_wconf 72' lang='grc' dir='ltr'>,μ</span> 
     </span>
     <span class='ocr_line' id='line_1_39' title="bbox 304 5019 1627 5085; baseline -0.002 -10"><span class='ocrx_word' id='word_1_403' title='bbox 304 5028 331 5075; x_wconf 82' lang='lat' dir='ltr'>R.</span> <span class='ocrx_word' id='word_1_404' title='bbox 348 5019 370 5075; x_wconf 80' lang='lat' dir='ltr'>E</span> <span class='ocrx_word' id='word_1_405' title='bbox 389 5049 416 5059; x_wconf 93' lang='grc'><strong>-</strong></span> <span class='ocrx_word' id='word_1_406' title='bbox 440 5022 541 5084; x_wconf 78' lang='lat' dir='ltr'>tribum]</span> <span class='ocrx_word' id='word_1_407' title='bbox 561 5027 602 5072; x_wconf 85' lang='lat' dir='ltr'>.tr.</span> <span class='ocrx_word' id='word_1_408' title='bbox 620 5023 640 5072; x_wconf 91' lang='lat' dir='ltr'>T</span> <span class='ocrx_word' id='word_1_409' title='bbox 658 5047 686 5058; x_wconf 92' lang='lat'>-</span> <span class='ocrx_word' id='word_1_410' title='bbox 707 5020 744 5084; x_wconf 82' lang='lat' dir='ltr'>pl.</span> <span class='ocrx_word' id='word_1_411' title='bbox 763 5021 795 5070; x_wconf 91' lang='lat' dir='ltr'>T:</span> <span class='ocrx_word' id='word_1_412' title='bbox 812 5019 889 5083; x_wconf 80' lang='lat' dir='ltr'>piebis</span> <span class='ocrx_word' id='word_1_413' title='bbox 905 5021 955 5071; x_wconf 84' lang='grc' dir='ltr'>ΕΟ</span> <span class='ocrx_word' id='word_1_414' title='bbox 975 5049 1002 5058; x_wconf 90' lang='grc'>-</span> <span class='ocrx_word' id='word_1_415' title='bbox 1021 5020 1045 5071; x_wconf 82' lang='lat' dir='ltr'>l.</span> <span class='ocrx_word' id='word_1_416' title='bbox 1063 5020 1215 5071; x_wconf 77' lang='lat' dir='ltr'>contionibus</span> <span class='ocrx_word' id='word_1_417' title='bbox 1230 5021 1263 5070; x_wconf 90' lang='lat' dir='ltr'>T:</span> <span class='ocrx_word' id='word_1_418' title='bbox 1286 5021 1442 5071; x_wconf 76' lang='lat' dir='ltr'>concionibus</span> <span class='ocrx_word' id='word_1_419' title='bbox 1457 5021 1505 5071; x_wconf 85' lang='lat' dir='ltr'>EO</span> <span class='ocrx_word' id='word_1_420' title='bbox 1527 5049 1551 5059; x_wconf 91' lang='lat'>-</span> <span class='ocrx_word' id='word_1_421' title='bbox 1572 5037 1627 5085; x_wconf 76' lang='lat' dir='ltr'>sepo</span> 
     </span>
     <span class='ocr_line' id='line_1_40' title="bbox 303 5094 1625 5159; baseline -0.005 -8"><span class='ocrx_word' id='word_1_422' title='bbox 303 5103 323 5151; x_wconf 91' lang='lat' dir='ltr'>T</span> <span class='ocrx_word' id='word_1_423' title='bbox 341 5127 368 5136; x_wconf 92' lang='lat'><em>-</em></span> <span class='ocrx_word' id='word_1_424' title='bbox 392 5099 415 5150; x_wconf 86' lang='grc'>6.</span> <span class='ocrx_word' id='word_1_425' title='bbox 434 5099 512 5148; x_wconf 71' lang='lat' dir='ltr'>:solitis</span> <span class='ocrx_word' id='word_1_426' title='bbox 528 5099 548 5148; x_wconf 90' lang='lat' dir='ltr'>T</span> <span class='ocrx_word' id='word_1_427' title='bbox 567 5123 594 5133; x_wconf 91' lang='lat'>-</span> <span class='ocrx_word' id='word_1_428' title='bbox 619 5097 684 5159; x_wconf 79' lang='lat' dir='ltr'>Ouid</span> <span class='ocrx_word' id='word_1_429' title='bbox 703 5098 785 5146; x_wconf 84' lang='lat' dir='ltr'>dicom</span> <span class='ocrx_word' id='word_1_430' title='bbox 801 5097 831 5146; x_wconf 81' lang='lat' dir='ltr'>dc</span> <span class='ocrx_word' id='word_1_431' title='bbox 847 5096 873 5145; x_wconf 82' lang='lat'>0.</span> <span class='ocrx_word' id='word_1_432' title='bbox 895 5094 1013 5159; x_wconf 77' lang='lat' dir='ltr'>Virqiiio,</span> <span class='ocrx_word' id='word_1_433' title='bbox 1038 5097 1084 5145; x_wconf 81' lang='lat' dir='ltr'>inii</span> <span class='ocrx_word' id='word_1_434' title='bbox 1103 5096 1151 5145; x_wconf 86' lang='lat' dir='ltr'>ciui</span> <span class='ocrx_word' id='word_1_435' title='bbox 1168 5094 1280 5145; x_wconf 80' lang='lat' dir='ltr'>riviro?</span> <span class='ocrx_word' id='word_1_436' title='bbox 1304 5095 1385 5146; x_wconf 82' lang='lat' dir='ltr'>habet</span> <span class='ocrx_word' id='word_1_437' title='bbox 1405 5096 1554 5146; x_wconf 87' lang='lat' dir='ltr'>Priscianus</span> <span class='ocrx_word' id='word_1_438' title='bbox 1571 5097 1625 5157; x_wconf 89' lang='lat' dir='ltr'>vu,</span> 
     </span>
     <span class='ocr_line' id='line_1_41' title="bbox 305 5169 1626 5236; baseline -0.002 -12"><span class='ocrx_word' id='word_1_439' title='bbox 305 5176 344 5236; x_wconf 84' lang='grc'>43,</span> <span class='ocrx_word' id='word_1_440' title='bbox 359 5175 399 5226; x_wconf 85' lang='grc'>63.</span> <span class='ocrx_word' id='word_1_441' title='bbox 412 5199 438 5210; x_wconf 93' lang='grc'>-</span> <span class='ocrx_word' id='word_1_442' title='bbox 458 5175 482 5224; x_wconf 93' lang='grc'>6.</span> <span class='ocrx_word' id='word_1_443' title='bbox 496 5173 684 5224; x_wconf 74' lang='lat' dir='ltr'>boriuobctiam</span> <span class='ocrx_word' id='word_1_444' title='bbox 701 5173 748 5222; x_wconf 87' lang='lat' dir='ltr'>TE</span> <span class='ocrx_word' id='word_1_445' title='bbox 764 5198 790 5208; x_wconf 95' lang='lat'>-</span> <span class='ocrx_word' id='word_1_446' title='bbox 808 5172 832 5220; x_wconf 83' lang='lat'>7.</span> <span class='ocrx_word' id='word_1_447' title='bbox 851 5170 1043 5220; x_wconf 76' lang='lat' dir='ltr'>bumilitatemT</span> <span class='ocrx_word' id='word_1_448' title='bbox 1057 5197 1083 5205; x_wconf 87' lang='lat'><em>-</em></span> <span class='ocrx_word' id='word_1_449' title='bbox 1102 5171 1201 5232; x_wconf 82' lang='lat' dir='ltr'>iudices]</span> <span class='ocrx_word' id='word_1_450' title='bbox 1216 5171 1267 5220; x_wconf 82' lang='lat' dir='ltr'>iud.</span> <span class='ocrx_word' id='word_1_451' title='bbox 1281 5171 1300 5220; x_wconf 92' lang='lat' dir='ltr'>T</span> <span class='ocrx_word' id='word_1_452' title='bbox 1319 5197 1346 5206; x_wconf 90' lang='lat'>-</span> <span class='ocrx_word' id='word_1_453' title='bbox 1360 5170 1384 5220; x_wconf 90' lang='lat'>8.</span> <span class='ocrx_word' id='word_1_454' title='bbox 1397 5169 1523 5220; x_wconf 73' lang='lat' dir='ltr'>uobircrcm</span> <span class='ocrx_word' id='word_1_455' title='bbox 1538 5176 1626 5221; x_wconf 80' lang='lat' dir='ltr'>contu-</span> 
     </span>
     <span class='ocr_line' id='line_1_42' title="bbox 303 5244 1628 5307; baseline -0.005 -7"><span class='ocrx_word' id='word_1_456' title='bbox 303 5251 413 5300; x_wconf 79' lang='lat' dir='ltr'>lissemus</span> <span class='ocrx_word' id='word_1_457' title='bbox 429 5251 489 5300; x_wconf 91' lang='lat' dir='ltr'>T-</span> <span class='ocrx_word' id='word_1_458' title='bbox 507 5248 555 5298; x_wconf 79' lang='lat' dir='ltr'>iter</span> <span class='ocrx_word' id='word_1_459' title='bbox 571 5247 693 5298; x_wconf 82' lang='lat' dir='ltr'>auibonoe</span> <span class='ocrx_word' id='word_1_460' title='bbox 709 5247 758 5297; x_wconf 86' lang='lat' dir='ltr'>TE</span> <span class='ocrx_word' id='word_1_461' title='bbox 777 5272 805 5282; x_wconf 94' lang='lat'>-</span> <span class='ocrx_word' id='word_1_462' title='bbox 824 5245 863 5295; x_wconf 75' lang='lat' dir='ltr'>ia.</span> <span class='ocrx_word' id='word_1_463' title='bbox 882 5244 1005 5296; x_wconf 68' lang='lat' dir='ltr'>achobor</span> <span class='ocrx_word' id='word_1_464' title='bbox 1021 5246 1041 5295; x_wconf 88' lang='lat' dir='ltr'>T</span> <span class='ocrx_word' id='word_1_465' title='bbox 1059 5272 1086 5281; x_wconf 93' lang='lat'><em>-</em></span> <span class='ocrx_word' id='word_1_466' title='bbox 1106 5246 1146 5297; x_wconf 81' lang='lat' dir='ltr'>it.</span> <span class='ocrx_word' id='word_1_467' title='bbox 1163 5247 1254 5296; x_wconf 82' lang='lat' dir='ltr'>accessi</span> <span class='ocrx_word' id='word_1_468' title='bbox 1270 5247 1397 5295; x_wconf 90' lang='lat' dir='ltr'>om.T-</span> <span class='ocrx_word' id='word_1_469' title='bbox 1417 5246 1534 5307; x_wconf 63' lang='lat' dir='ltr'>idquae</span> <span class='ocrx_word' id='word_1_470' title='bbox 1549 5258 1574 5294; x_wconf 82' lang='lat' dir='ltr'>se</span> <span class='ocrx_word' id='word_1_471' title='bbox 1589 5245 1628 5294; x_wconf 80' lang='lat' dir='ltr'>oei</span> 
     </span>
     <span class='ocr_line' id='line_1_43' title="bbox 304 5320 1628 5387; baseline -0.006 -11"><span class='ocrx_word' id='word_1_472' title='bbox 304 5325 414 5376; x_wconf 64' lang='lat' dir='ltr'>medodi</span> <span class='ocrx_word' id='word_1_473' title='bbox 424 5350 461 5362; x_wconf 92' lang='lat'>--</span> <span class='ocrx_word' id='word_1_474' title='bbox 471 5324 571 5386; x_wconf 66' lang='lat' dir='ltr'>[aditus</span> <span class='ocrx_word' id='word_1_475' title='bbox 583 5328 714 5387; x_wconf 80' lang='lat' dir='ltr'>poteretur</span> <span class='ocrx_word' id='word_1_476' title='bbox 731 5322 894 5372; x_wconf 86' lang='lat' dir='ltr'>Schuetzius.</span> <span class='ocrx_word' id='word_1_477' title='bbox 914 5348 942 5356; x_wconf 96' lang='lat'><em>—</em></span> <span class='ocrx_word' id='word_1_478' title='bbox 959 5322 1045 5384; x_wconf 80' lang='lat' dir='ltr'>pocius</span> <span class='ocrx_word' id='word_1_479' title='bbox 1061 5322 1159 5372; x_wconf 60' lang='lat' dir='ltr'>modi</span> <span class='ocrx_word' id='word_1_480' title='bbox 1176 5323 1195 5371; x_wconf 87' lang='lat' dir='ltr'>T</span> <span class='ocrx_word' id='word_1_481' title='bbox 1214 5349 1241 5357; x_wconf 91' lang='lat'>-</span> <span class='ocrx_word' id='word_1_482' title='bbox 1260 5321 1382 5384; x_wconf 72' lang='lat' dir='ltr'>conpleat:</span> <span class='ocrx_word' id='word_1_483' title='bbox 1399 5320 1418 5369; x_wconf 91' lang='lat' dir='ltr'>T</span> <span class='ocrx_word' id='word_1_484' title='bbox 1437 5346 1464 5356; x_wconf 88' lang='lat'>-</span> <span class='ocrx_word' id='word_1_485' title='bbox 1484 5320 1524 5369; x_wconf 80' lang='grc'>46.</span> <span class='ocrx_word' id='word_1_486' title='bbox 1542 5320 1579 5385; x_wconf 81' lang='lat' dir='ltr'>lo]</span> <span class='ocrx_word' id='word_1_487' title='bbox 1600 5321 1628 5369; x_wconf 85' lang='lat' dir='ltr'>i&#39;t</span> 
     </span>
     <span class='ocr_line' id='line_1_44' title="bbox 304 5395 1627 5458; baseline -0.005 -8"><span class='ocrx_word' id='word_1_488' title='bbox 304 5401 325 5450; x_wconf 93' lang='lat' dir='ltr'>T</span> <span class='ocrx_word' id='word_1_489' title='bbox 342 5427 369 5437; x_wconf 92' lang='lat'>-</span> <span class='ocrx_word' id='word_1_490' title='bbox 389 5399 454 5450; x_wconf 73' lang='lat' dir='ltr'>ueni</span> <span class='ocrx_word' id='word_1_491' title='bbox 470 5399 505 5458; x_wconf 84' lang='lat' dir='ltr'>E;</span> <span class='ocrx_word' id='word_1_492' title='bbox 524 5398 572 5448; x_wconf 83' lang='lat' dir='ltr'>leni</span> <span class='ocrx_word' id='word_1_493' title='bbox 589 5399 609 5448; x_wconf 91' lang='lat' dir='ltr'>T</span> <span class='ocrx_word' id='word_1_494' title='bbox 627 5424 654 5433; x_wconf 95' lang='lat'>-</span> <span class='ocrx_word' id='word_1_495' title='bbox 673 5398 713 5449; x_wconf 85' lang='grc'><strong>48.</strong></span> <span class='ocrx_word' id='word_1_496' title='bbox 732 5397 807 5447; x_wconf 80' lang='lat' dir='ltr'>Cuius</span> <span class='ocrx_word' id='word_1_497' title='bbox 823 5397 856 5446; x_wconf 92' lang='lat' dir='ltr'>T:</span> <span class='ocrx_word' id='word_1_498' title='bbox 874 5396 954 5446; x_wconf 79' lang='lat' dir='ltr'>Huius</span> <span class='ocrx_word' id='word_1_499' title='bbox 970 5396 1020 5447; x_wconf 88' lang='lat' dir='ltr'>EO</span> <span class='ocrx_word' id='word_1_500' title='bbox 1040 5424 1067 5434; x_wconf 93' lang='grc'>-</span> <span class='ocrx_word' id='word_1_501' title='bbox 1087 5398 1125 5447; x_wconf 81' lang='grc'><strong>49.</strong></span> <span class='ocrx_word' id='word_1_502' title='bbox 1144 5397 1228 5447; x_wconf 82' lang='lat' dir='ltr'>obtimi</span> <span class='ocrx_word' id='word_1_503' title='bbox 1244 5396 1264 5446; x_wconf 83' lang='lat' dir='ltr'>E</span> <span class='ocrx_word' id='word_1_504' title='bbox 1283 5424 1310 5432; x_wconf 89' lang='lat'>-</span> <span class='ocrx_word' id='word_1_505' title='bbox 1329 5396 1370 5445; x_wconf 78' lang='lat'>20.</span> <span class='ocrx_word' id='word_1_506' title='bbox 1389 5395 1416 5445; x_wconf 82' lang='lat' dir='ltr'>io</span> <span class='ocrx_word' id='word_1_507' title='bbox 1433 5395 1493 5444; x_wconf 81' lang='lat' dir='ltr'>coci</span> <span class='ocrx_word' id='word_1_508' title='bbox 1510 5400 1565 5443; x_wconf 79' lang='lat' dir='ltr'>tuta</span> <span class='ocrx_word' id='word_1_509' title='bbox 1582 5395 1627 5444; x_wconf 85' lang='lat' dir='ltr'>ha·</span> 
     </span>
     <span class='ocr_line' id='line_1_45' title="bbox 304 5468 1628 5535; baseline -0.005 -10"><span class='ocrx_word' id='word_1_510' title='bbox 304 5475 350 5525; x_wconf 88' lang='lat' dir='ltr'>bet</span> <span class='ocrx_word' id='word_1_511' title='bbox 366 5474 515 5526; x_wconf 85' lang='lat' dir='ltr'>Priscianus</span> <span class='ocrx_word' id='word_1_512' title='bbox 527 5473 587 5535; x_wconf 83' lang='lat' dir='ltr'>Vll,</span> <span class='ocrx_word' id='word_1_513' title='bbox 602 5473 642 5534; x_wconf 83' lang='grc'>43,</span> <span class='ocrx_word' id='word_1_514' title='bbox 652 5473 695 5523; x_wconf 86' lang='grc'>63.</span> <span class='ocrx_word' id='word_1_515' title='bbox 710 5498 737 5507; x_wconf 93' lang='grc'><strong>-</strong></span> <span class='ocrx_word' id='word_1_516' title='bbox 756 5484 822 5522; x_wconf 83' lang='lat' dir='ltr'>naue</span> <span class='ocrx_word' id='word_1_517' title='bbox 838 5471 886 5521; x_wconf 86' lang='lat' dir='ltr'>TE</span> <span class='ocrx_word' id='word_1_518' title='bbox 901 5499 928 5508; x_wconf 99' lang='lat'><em>-</em></span> <span class='ocrx_word' id='word_1_519' title='bbox 945 5471 988 5522; x_wconf 72' lang='lat' dir='ltr'>Ti.</span> <span class='ocrx_word' id='word_1_520' title='bbox 1006 5472 1167 5533; x_wconf 67' lang='lat' dir='ltr'>dymocbirsn</span> <span class='ocrx_word' id='word_1_521' title='bbox 1178 5473 1211 5521; x_wconf 90' lang='lat' dir='ltr'>T:</span> <span class='ocrx_word' id='word_1_522' title='bbox 1231 5470 1425 5531; x_wconf 65' lang='lat' dir='ltr'>durachiensis:</span> <span class='ocrx_word' id='word_1_523' title='bbox 1444 5468 1628 5530; x_wconf 72' lang='lat' dir='ltr'>Dyrrhachium</span> 
     </span>
     <span class='ocr_line' id='line_1_46' title="bbox 304 5539 1627 5613; baseline -0.005 -13"><span class='ocrx_word' id='word_1_524' title='bbox 304 5552 338 5609; x_wconf 80' lang='lat'>0:</span> <span class='ocrx_word' id='word_1_525' title='bbox 358 5548 391 5600; x_wconf 87' lang='lat' dir='ltr'>ci.</span> <span class='ocrx_word' id='word_1_526' title='bbox 409 5563 436 5613; x_wconf 92' lang='lat' dir='ltr'>p.</span> <span class='ocrx_word' id='word_1_527' title='bbox 450 5549 524 5610; x_wconf 78' lang='lat'>⁴030,</span> <span class='ocrx_word' id='word_1_528' title='bbox 539 5548 564 5598; x_wconf 88' lang='grc'><strong>6.</strong></span> <span class='ocrx_word' id='word_1_529' title='bbox 578 5574 606 5583; x_wconf 98' lang='grc'><strong>-</strong></span> <span class='ocrx_word' id='word_1_530' title='bbox 625 5548 665 5598; x_wconf 74' lang='lat'>22.</span> <span class='ocrx_word' id='word_1_531' title='bbox 680 5547 741 5612; x_wconf 82' lang='lat' dir='ltr'>Quo]</span> <span class='ocrx_word' id='word_1_532' title='bbox 758 5539 812 5597; x_wconf 76' lang='lat' dir='ltr'>Aoo</span> <span class='ocrx_word' id='word_1_533' title='bbox 828 5547 848 5596; x_wconf 91' lang='lat' dir='ltr'>T</span> <span class='ocrx_word' id='word_1_534' title='bbox 865 5572 893 5581; x_wconf 96' lang='lat'>-</span> <span class='ocrx_word' id='word_1_535' title='bbox 911 5540 988 5609; x_wconf 79' lang='lat' dir='ltr'>qrcim</span> <span class='ocrx_word' id='word_1_536' title='bbox 1005 5545 1030 5607; x_wconf 83' lang='lat' dir='ltr'>(t.</span> <span class='ocrx_word' id='word_1_537' title='bbox 1049 5559 1073 5595; x_wconf 88' lang='lat' dir='ltr'>e.</span> <span class='ocrx_word' id='word_1_538' title='bbox 1090 5545 1209 5610; x_wconf 58' lang='lat' dir='ltr'>matiam]</span> <span class='ocrx_word' id='word_1_539' title='bbox 1227 5545 1246 5594; x_wconf 91' lang='lat' dir='ltr'>T</span> <span class='ocrx_word' id='word_1_540' title='bbox 1265 5569 1291 5579; x_wconf 90' lang='lat'>—</span> <span class='ocrx_word' id='word_1_541' title='bbox 1311 5542 1352 5594; x_wconf 66' lang='lat' dir='ltr'>il.</span> <span class='ocrx_word' id='word_1_542' title='bbox 1370 5543 1483 5607; x_wconf 74' lang='lat' dir='ltr'>ignisque</span> <span class='ocrx_word' id='word_1_543' title='bbox 1499 5547 1519 5594; x_wconf 90' lang='lat' dir='ltr'>T</span> <span class='ocrx_word' id='word_1_544' title='bbox 1538 5571 1564 5579; x_wconf 95' lang='lat'><em>-</em></span> <span class='ocrx_word' id='word_1_545' title='bbox 1583 5545 1627 5593; x_wconf 82' lang='lat' dir='ltr'>cd·</span> 
     </span>
     <span class='ocr_line' id='line_1_47' title="bbox 303 5617 1626 5682; baseline -0.005 -8"><span class='ocrx_word' id='word_1_546' title='bbox 303 5617 380 5674; x_wconf 76' lang='lat' dir='ltr'>senti</span> <span class='ocrx_word' id='word_1_547' title='bbox 396 5624 416 5673; x_wconf 91' lang='lat' dir='ltr'>T</span> <span class='ocrx_word' id='word_1_548' title='bbox 434 5649 461 5658; x_wconf 96' lang='lat'>-</span> <span class='ocrx_word' id='word_1_549' title='bbox 481 5627 578 5673; x_wconf 80' lang='lat' dir='ltr'>tootrrm</span> <span class='ocrx_word' id='word_1_550' title='bbox 594 5621 647 5672; x_wconf 91' lang='lat' dir='ltr'>duo</span> <span class='ocrx_word' id='word_1_551' title='bbox 665 5621 742 5672; x_wconf 90' lang='lat' dir='ltr'>codd.</span> <span class='ocrx_word' id='word_1_552' title='bbox 755 5619 901 5672; x_wconf 89' lang='lat' dir='ltr'>Wunderi:</span> <span class='ocrx_word' id='word_1_553' title='bbox 920 5624 1003 5669; x_wconf 80' lang='lat' dir='ltr'>tomen</span> <span class='ocrx_word' id='word_1_554' title='bbox 1019 5620 1097 5670; x_wconf 74' lang='lat' dir='ltr'>Tuo</span> <span class='ocrx_word' id='word_1_555' title='bbox 1117 5647 1143 5656; x_wconf 89' lang='lat'><em>-</em></span> <span class='ocrx_word' id='word_1_556' title='bbox 1162 5621 1202 5670; x_wconf 72' lang='lat'>28.</span> <span class='ocrx_word' id='word_1_557' title='bbox 1220 5632 1291 5669; x_wconf 83' lang='lat' dir='ltr'>mars</span> <span class='ocrx_word' id='word_1_558' title='bbox 1306 5632 1346 5669; x_wconf 82' lang='lat' dir='ltr'>nse</span> <span class='ocrx_word' id='word_1_559' title='bbox 1363 5620 1399 5669; x_wconf 86' lang='lat' dir='ltr'>E:</span> <span class='ocrx_word' id='word_1_560' title='bbox 1418 5634 1490 5669; x_wconf 84' lang='lat' dir='ltr'>more</span> <span class='ocrx_word' id='word_1_561' title='bbox 1506 5621 1567 5682; x_wconf 90' lang='lat' dir='ltr'>(om.</span> <span class='ocrx_word' id='word_1_562' title='bbox 1580 5621 1626 5679; x_wconf 80' lang='lat' dir='ltr'>ore]</span> 
     </span>
     <span class='ocr_line' id='line_1_48' title="bbox 304 5693 1624 5759; baseline -0.005 -10"><span class='ocrx_word' id='word_1_563' title='bbox 304 5700 337 5755; x_wconf 78' lang='lat' dir='ltr'>T:</span> <span class='ocrx_word' id='word_1_564' title='bbox 362 5697 570 5749; x_wconf 68' lang='lat' dir='ltr'>msmcoo-</span> <span class='ocrx_word' id='word_1_565' title='bbox 598 5697 736 5747; x_wconf 77' lang='lat' dir='ltr'>adtendeT</span> <span class='ocrx_word' id='word_1_566' title='bbox 756 5722 782 5732; x_wconf 86' lang='lat'><em>-</em></span> <span class='ocrx_word' id='word_1_567' title='bbox 809 5695 1069 5759; x_wconf 66' lang='lat' dir='ltr'>TheocfltcorqueE</span> <span class='ocrx_word' id='word_1_568' title='bbox 1091 5721 1115 5731; x_wconf 79' lang='lat'>-</span> <span class='ocrx_word' id='word_1_569' title='bbox 1142 5695 1183 5745; x_wconf 74' lang='lat'>29.</span> <span class='ocrx_word' id='word_1_570' title='bbox 1202 5695 1258 5744; x_wconf 77' lang='lat' dir='ltr'>huic</span> <span class='ocrx_word' id='word_1_571' title='bbox 1278 5693 1576 5756; x_wconf 69' lang='lat' dir='ltr'>omenquccijsolus.</span> <span class='ocrx_word' id='word_1_572' title='bbox 1598 5721 1624 5729; x_wconf 89' lang='lat'><em>-</em></span> 
     </span>
     <span class='ocr_line' id='line_1_49' title="bbox 306 5768 1627 5834; baseline -0.004 -11"><span class='ocrx_word' id='word_1_573' title='bbox 306 5773 509 5824; x_wconf 61' lang='grc'><strong>36366615-</strong></span> <span class='ocrx_word' id='word_1_574' title='bbox 532 5771 815 5834; x_wconf 59' lang='lat' dir='ltr'>truncationum</span> <span class='ocrx_word' id='word_1_575' title='bbox 840 5769 1059 5832; x_wconf 68' lang='lat' dir='ltr'>Dyrrhachiumo</span> <span class='ocrx_word' id='word_1_576' title='bbox 1083 5796 1109 5805; x_wconf 91' lang='lat'><em>-</em></span> <span class='ocrx_word' id='word_1_577' title='bbox 1134 5768 1335 5818; x_wconf 81' lang='lat' dir='ltr'>littoriburT—</span> <span class='ocrx_word' id='word_1_578' title='bbox 1360 5768 1627 5833; x_wconf 76' lang='lat' dir='ltr'>3³.et]ecE-io</span> 
     </span>
     <span class='ocr_line' id='line_1_50' title="bbox 307 5843 1627 5912; baseline -0.003 -14"><span class='ocrx_word' id='word_1_579' title='bbox 307 5862 360 5899; x_wconf 93' lang='lat' dir='ltr'>om.</span> <span class='ocrx_word' id='word_1_580' title='bbox 379 5849 399 5898; x_wconf 91' lang='lat' dir='ltr'>T</span> <span class='ocrx_word' id='word_1_581' title='bbox 417 5874 444 5884; x_wconf 95' lang='lat'><em>-</em></span> <span class='ocrx_word' id='word_1_582' title='bbox 467 5860 524 5899; x_wconf 78' lang='lat' dir='ltr'>cim</span> <span class='ocrx_word' id='word_1_583' title='bbox 540 5860 593 5900; x_wconf 89' lang='lat' dir='ltr'>om.</span> <span class='ocrx_word' id='word_1_584' title='bbox 612 5847 631 5897; x_wconf 94' lang='lat' dir='ltr'>T</span> <span class='ocrx_word' id='word_1_585' title='bbox 649 5872 676 5886; x_wconf 86' lang='lat'><em>-</em></span> <span class='ocrx_word' id='word_1_586' title='bbox 699 5845 739 5898; x_wconf 77' lang='lat' dir='ltr'>Bi.</span> <span class='ocrx_word' id='word_1_587' title='bbox 758 5846 893 5912; x_wconf 68' lang='lat' dir='ltr'>conplent:</span> <span class='ocrx_word' id='word_1_588' title='bbox 909 5846 929 5896; x_wconf 92' lang='lat' dir='ltr'>T</span> <span class='ocrx_word' id='word_1_589' title='bbox 948 5872 976 5881; x_wconf 99' lang='lat'><em>-</em></span> <span class='ocrx_word' id='word_1_590' title='bbox 993 5856 1101 5896; x_wconf 67' lang='lat' dir='ltr'>monere</span> <span class='ocrx_word' id='word_1_591' title='bbox 1116 5845 1136 5894; x_wconf 91' lang='lat' dir='ltr'>T</span> <span class='ocrx_word' id='word_1_592' title='bbox 1151 5870 1177 5880; x_wconf 92' lang='lat'>·-</span> <span class='ocrx_word' id='word_1_593' title='bbox 1197 5843 1238 5894; x_wconf 86' lang='grc'>36.</span> <span class='ocrx_word' id='word_1_594' title='bbox 1257 5843 1627 5909; x_wconf 46' lang='lat' dir='ltr'>Thessalonicam-perducit</span> 
     </span>
     <span class='ocr_line' id='line_1_51' title="bbox 307 5921 435 5976; baseline 0 -2"><span class='ocrx_word' id='word_1_595' title='bbox 307 5921 389 5974; x_wconf 88' lang='lat' dir='ltr'>habet</span> <span class='ocrx_word' id='word_1_596' title='bbox 404 5924 435 5976; x_wconf 78' lang='grc' dir='ltr'>Α.</span> 
     </span>
    </p>
   </div>
   <div class='ocr_carea' id='block_1_4' title="bbox 0 0 1904 7349">
    <p class='ocr_par' dir='ltr' id='par_1_4' title="bbox 0 0 1904 7349">
     <span class='ocr_line' id='line_1_52' title="bbox 0 0 1904 7349; baseline 0 0"><span class='ocrx_word' id='word_1_597' title='bbox 0 0 1904 7349; x_wconf 95' lang='lat' dir='ltr'> </span> 
     </span>
    </p>
   </div>
  </div>
 </body>
</html>
