3800 7350
325 1152 408 1222 ⁴280
741 1154 894 1220 ORATIO
916 1152 1141 1219 PHILIPPICA
1161 1154 1215 1218 Ill.

323 1327 448 1393 barbari
478 1325 596 1390 armati.
641 1324 814 1389 servabant
842 1324 984 1408 auspicia
1010 1343 1116 1408 reges3
1149 1342 1232 1408 quae
1262 1321 1314 1385 hic
1340 1322 1453 1385 consul
1481 1342 1649 1407 augurque

323 1421 479 1504 neglexit,
500 1438 605 1502 neque
627 1417 729 1482 solum
749 1418 872 1502 legibus
887 1426 996 1482 contra
1010 1418 1151 1501 auspicia
1164 1416 1320 1490 terendis,
1343 1415 1399 1479 sed
1415 1417 1508 1479 etiam
1523 1415 1651 1498 collega

321 1535 386 1579 una
405 1514 525 1578 serente
547 1532 602 1585 eo,
625 1532 719 1595 quem
740 1511 809 1595 ipse
832 1511 989 1575 ementitis
1010 1512 1157 1595 auspiciis
1178 1510 1327 1573 vitiosum
1341 1509 1468 1573 iecerat.
1500 1504 1550 1572 l0.
1566 1509 1650 1586 Quis

322 1615 426 1673 autem
449 1627 506 1670 rex
526 1624 677 1689 umquam
697 1603 757 1668 luit
777 1612 839 1668 tam
862 1605 1008 1688 insignite
1030 1605 1215 1689 impudens,
1238 1611 1273 1668 ut
1293 1604 1425 1668 haberet
1439 1603 1544 1667 omnia
1560 1624 1650 1666 com·

299 1701 433 1777 amoda,
454 1699 624 1773 beneficia,
646 1698 714 1762 iura
735 1698 824 1780 regni
847 1698 995 1763 venalia?
1018 1700 1121 1777 Quam
1141 1698 1193 1761 hic
1215 1698 1459 1772 immunitatem,
1482 1716 1576 1781 quam
1604 1698 1651 1761 ci·

322 1796 466 1869 ritatem,
495 1791 582 1879 quod
610 1791 784 1876 praemium
806 1810 871 1854 non
893 1791 943 1855 vel
965 1794 1097 1877 singulis
1119 1791 1301 1856 homiuibus
1323 1793 1374 1856 vel
1397 1792 1573 1855 civitatibus
1597 1789 1650 1854 rel

321 1889 478 1953 universis
499 1886 670 1970 provinciis
691 1884 857 1948 vendidit?
879 1884 965 1948 Nihil
986 1886 1106 1950 humile
1124 1886 1164 1949 de
1179 1887 1367 1970 Tarquinio,
1389 1885 1467 1949 nihil
1481 1884 1650 1948 sordidum

320 1982 511 2066 accepimus:
537 1988 570 2042 at
592 1998 665 2041 vero
689 1977 784 2040 huius
807 1977 892 2042 domi
914 1980 997 2043 inter
1019 1979 1154 2063 quasilla
1172 1978 1370 2063 pendebatur
1388 2000 1514 2051 aurum,
1537 1997 1650 2041 nume-

321 2073 448 2138 rabatur
468 2071 621 2156 pecunia;
643 2090 707 2133 una
720 2070 753 2133 in
769 2069 863 2135 domo
878 2092 1004 2147 omnes,
1027 2093 1160 2156 quorum
1176 2074 1340 2147 intererat,
1362 2080 1462 2136 totum
1477 2072 1648 2155 imperium

284 2168 433 2252 topopuli
460 2166 592 2231 llomani
622 2163 888 2229 nundinabantur.
928 2165 1089 2249 Supplicia
1117 2186 1192 2230 vero
1218 2167 1251 2229 in
1274 2168 1357 2230 cives
1379 2167 1537 2229 Romanos
1559 2165 1648 2230 nulla

213 2274 216 2280 ’
322 2260 484 2345 Tarquinii
507 2259 702 2341 accepimus:
724 2264 757 2321 at
777 2257 828 2321 hio
851 2267 882 2321 et
897 2259 1033 2322 Suessae
1055 2260 1209 2342 iugulavit
1222 2281 1292 2334 eos,
1315 2279 1396 2343 quos
1417 2260 1451 2321 in
1471 2259 1647 2322 custodiam

322 2353 470 2429 dederat,
503 2359 535 2417 et
567 2350 725 2416 Brundisii
754 2350 794 2414 ad
824 2358 982 2415 trecentos
1011 2352 1200 2418 fortissimos
1231 2354 1313 2418 viros
1336 2353 1485 2435 civesque
1507 2353 1646 2434 optimos

321 2448 497 2513 trucidavit.
542 2442 592 2508 ii.
615 2446 774 2508 Postremo
797 2445 990 2528 Tarquinius
1012 2466 1070 2528 pro
1092 2446 1212 2530 populo
1226 2448 1366 2509 llomano
1385 2445 1501 2509 bellum
1516 2445 1648 2528 gerebat

321 2550 402 2616 tum,
432 2562 502 2605 cum
525 2546 573 2604 est
595 2538 764 2623 expulsus:
793 2538 949 2601 Antonius
971 2546 1080 2603 contm
1100 2539 1252 2624 populum
1274 2542 1448 2602 Romanum
1471 2538 1646 2601 exercitum

285 2634 498 2700 iaadducebat
519 2640 601 2707 tum,
624 2653 695 2696 cum
718 2650 736 2694 a
757 2630 935 2715 legionibus
958 2632 1085 2696 relictus
1108 2652 1222 2696 nomen
1244 2633 1386 2717 Caesaris
1409 2633 1647 2714 exercitumque

321 2728 483 2812 pertimuit
512 2726 727 2810 neglectisque
756 2725 916 2789 sacrificiis
937 2725 1145 2789 sollemnibus
1165 2734 1239 2788 ante
1261 2726 1362 2789 lucem
1385 2733 1457 2790 uota
1478 2745 1533 2801 ea,
1562 2744 1647 2809 quae

321 2842 492 2906 numquam
520 2819 672 2904 solveret,
699 2819 909 2901 nuncupavit,
940 2828 972 2883 et
992 2820 1054 2884 hoc
1083 2831 1225 2905 tempore
1254 2822 1286 2884 in
1315 2819 1510 2903 provinciam
1533 2817 1647 2902 populi

321 2916 452 2979 Romani
481 2920 614 2979 conatur
640 2911 799 2980 invadere.
843 2914 945 2978 Maius
967 2915 1061 2998 igitur
1082 2934 1101 2978 a
1121 2915 1159 2977 D.
1182 2916 1277 2977 Bruto
1297 2910 1485 2977 heneficium
1508 2910 1647 2995 populus

321 3010 482 3073 Romanus
511 3016 542 3072 et
569 3007 665 3070 habet
693 3014 725 3071 et
754 3014 931 3091 exspectat,
960 3029 1055 3094 quam
1078 3009 1212 3072 maiores
1235 3008 1334 3071 nostri
1357 3012 1548 3088 acceperunt
1569 3023 1588 3066 a
1609 3005 1646 3066 L.

281 3122 312 3170 so
321 3104 428 3177 Bruto,
449 3101 594 3185 principe
609 3101 703 3164 huius
719 3101 855 3164 maxime
870 3101 1077 3166 conservandi
1093 3103 1217 3185 generis
1232 3110 1265 3165 ei
1277 3099 1421 3165 nominis.
1447 3101 1484 3162 V.
1500 3094 1550 3160 ii.
1567 3098 1647 3162 Cum

322 3204 426 3259 autem
457 3195 558 3258 omnis
580 3194 713 3257 servitus
736 3202 785 3257 est
806 3195 935 3270 misera,
965 3201 1031 3258 tum
1053 3215 1126 3259 vero
1148 3193 1355 3257 intolerabilis
1377 3200 1426 3258 est
1447 3191 1565 3255 servire
1587 3194 1647 3255 im-

320 3309 418 3374 puro,
439 3286 614 3373 impudico,
636 3287 833 3362 effeminato,
856 3308 1026 3371 numquam
1048 3308 1090 3351 ne
1112 3288 1144 3350 in
1166 3296 1251 3351 metu
1268 3286 1396 3371 quidem
1413 3286 1529 3350 sobrio.
1552 3286 1646 3349 IIunc

321 3381 417 3464 igitur
445 3382 500 3465 qui
529 3380 630 3443 Gallia
659 3380 823 3464 prohibet,
852 3382 973 3464 privato
998 3383 1182 3464 praesertim
1206 3382 1356 3455 consilio,
1378 3380 1497 3444 iudicat
1520 3380 1647 3443 verissi-

322 3494 437 3560 meque
465 3474 582 3539 iudicat
606 3494 672 3536 uon
694 3494 763 3537 esse
786 3474 957 3538 consulem.
997 3474 1187 3537 Faciendum
1210 3482 1258 3538 est
1279 3475 1377 3557 igitur
1397 3474 1508 3549 nobis,
1538 3480 1645 3556 patres

284 3567 507 3652 saconscripti,
527 3574 563 3631 nt
583 3568 620 3630 D.
643 3568 729 3631 Rruti
750 3568 905 3651 privatum
924 3567 1090 3631 consilium
1112 3570 1297 3632 auctoritate
1320 3567 1445 3651 publica
1459 3567 1646 3651 comprobe-

321 3682 402 3727 mus.
435 3663 500 3727 lVec
520 3681 596 3725 vero
618 3663 660 3726 hl.
675 3661 845 3726 Antonium
868 3660 1031 3752 consulem
1053 3669 1125 3744 post
1145 3662 1332 3745 Lupercalia
1347 3661 1500 3726 debuistis
1522 3670 1644 3747 putare.

322 3755 393 3831 Quo
416 3757 498 3820 enim
521 3755 574 3819 ille
596 3755 649 3819 die
670 3755 788 3840 populo
809 3757 950 3819 Romano
972 3756 1169 3838 inspectante
1187 3756 1301 3829 nudus,
1323 3764 1453 3831 unctus,
1477 3756 1582 3820 ebrius
1596 3763 1646 3820 est

320 3849 520 3914 contionatus
551 3857 584 3915 et
615 3849 648 3914 id
677 3850 743 3932 egit
771 3856 807 3913 ut
834 3848 975 3932 collegae
997 3847 1142 3912 diadema
1162 3848 1354 3933 imponeret,
1387 3870 1425 3913 eo
1448 3849 1505 3913 die.
1521 3869 1555 3912 se
1577 3869 1645 3912 non

319 3942 415 4007 modo
442 3943 627 4020 consulatu,
656 3943 713 4007 sed
741 3942 835 4006 etiam
863 3941 1007 4006 libertate
1036 3942 1201 4007 abdicavit.
1243 3945 1336 4007 Esset
1364 3943 1448 4008 enim
1474 3943 1537 4026 ipsi
1558 3950 1644 4007 certe

385 4327 410 4378 2.
428 4327 532 4390 auspice
550 4326 581 4376 V¹
599 4352 627 4362 -
650 4325 753 4391 conbpa
769 4326 790 4376 V
808 4350 836 4363 -
856 4325 882 4378 3.
900 4326 1022 4390 referente
1037 4327 1059 4376 D
1079 4352 1105 4363 -
1124 4337 1153 4377 ee
1169 4338 1255 4388 equom
1272 4326 1307 4387 V;
1328 4327 1549 4391 quern--feeerat
1565 4328 1645 4379 affert

319 4401 466 4453 Priscianus
483 4403 552 4462 vill,
570 4399 602 4462 i,
620 4400 635 4465 S
652 4401 692 4451 49.
709 4429 735 4438 -
755 4401 810 4464 quis
826 4403 896 4452 mei:
915 4402 958 4464 qui
975 4403 995 4451 0
1010 4429 1036 4439 -
1056 4401 1080 4452 4.
1098 4402 1240 4466 insignitate
1253 4405 1264 4451 t
1276 4428 1303 4437 -
1322 4403 1443 4464 inpudens
1458 4402 1544 4465 Vg-
1563 4405 1587 4453 5.
1600 4406 1644 4455 iu·

317 4488 457 4538 mung-
476 4475 650 4527 anominieus
665 4475 792 4526 amb·
811 4476 1024 4527 8.adueroV·-
1042 4475 1362 4539 ina-quasiiioWat:
1381 4478 1560 4541 quassum,
1580 4493 1643 4541 quo·

318 4549 451 4600 sillaiilius
461 4561 490 4613 g;
508 4552 575 4600 ciues
590 4546 691 4611 iilisV¹;
710 4550 852 4603 lectionem
861 4553 880 4603 i.
894 4550 1002 4615 quanlla
1010 4551 1163 4613 ροιοοὸοεον
1173 4553 1280 4604 firmant
1290 4555 1397 4605 Servius
1409 4554 1444 4605 ad
1455 4554 1531 4618 Verg.
1544 4553 1597 4606 lici.
1609 4557 1641 4616 ll,

318 4626 360 4678 lli.
378 4625 494 4676 isidorus
505 4626 590 4690 origg.
603 4626 669 4687 lilii,
680 4625 721 4686 29,
734 4627 759 4676 3.
777 4625 897 4678 Valerius
908 4625 1010 4678 Probus
1027 4626 1061 4676 de
1079 4640 1150 4677 nom.
1163 4625 1179 4691 5
1190 4627 1222 4678 34
1239 4629 1264 4679 tn
1276 4628 1350 4678 anal.
1368 4641 1481 4692 gramm.
1500 4642 1526 4694 p.
1539 4630 1596 4681 22⁰.
1612 4657 1638 4669 -

199 4745 203 4755 .
318 4700 503 4764 appendebatur
518 4712 578 4764 g-
594 4699 792 4752 numnmantur
801 4701 824 4751 V
834 4701 999 4767 (pendebatur
1008 4714 1113 4762 uuam,
1131 4715 1182 4752 non
1195 4703 1378 4753 emebatur
1388 4716 1443 4754 om.
1453 4705 1560 4765 pecunie
1570 4705 1640 4755 coni.

319 4777 417 4839 Cobet,
443 4776 542 4826 utiam
559 4774 638 4825 Curio
653 4773 774 4827 valuerat
790 4791 822 4828 ex
838 4790 877 4828 or.
896 4777 933 4838 ll,
952 4776 967 4840 5
984 4776 1025 4837 97,
1047 4775 1097 4826 sed
1113 4779 1217 4827 retento
1229 4777 1348 4840 pecunia)
1367 4804 1392 4814 -·
1418 4777 1442 4827 9.
1461 4778 1541 4828 amnis
1556 4781 1592 4841 gt
1611 4806 1639 4815 —

316 4853 502 4905 intercati-
527 4850 772 4915 lil.populusll.g
798 4879 826 4889 -
850 4850 1078 4901 nundinabaturD
1102 4876 1131 4888 -
1152 4853 1180 4901 in
1201 4851 1314 4913 dausV3
1339 4854 1499 4903 incest-
1525 4854 1642 4904 lutar—

318 4947 388 5011 quini
405 4949 429 5007 t;
450 4944 554 5006 tarquin
570 4944 592 4993 V
609 4969 637 4979 -
655 4957 737 4996 suesce
752 4944 783 5006 b;
801 4940 871 4995 socii
887 4958 937 4996 esse
956 4958 970 4995 a
991 4973 1017 4982 -
1037 4959 1078 4996 eos
1094 4959 1142 5009 quo
1158 4946 1190 4996 V¹
1209 4973 1236 4982 -
1255 4946 1295 4997 44.
1314 4945 1424 4996 bmndisi
1443 4951 1471 4997 at
1488 4948 1562 4999 CCC.
1575 4946 1598 4995 V
1611 4974 1638 4983 -

317 5019 1023 5085 aromo-ciutsquev-ra.pro.p.rct-
1047 5011 1640 5086 it.mpnuueesiD—popn10ronmnov¹

318 5124 348 5134 -
368 5099 407 5148 45.
426 5108 443 5145 a
459 5094 594 5158 legionibus
609 5095 721 5145 omnbus
736 5095 767 5158 V,
786 5108 854 5159 quae
871 5109 945 5148 mera
963 5097 1104 5158 geminatio
1121 5097 1234 5149 videtur.
1255 5124 1281 5134 -
1299 5103 1335 5147 est
1350 5099 1449 5148 relictus
1465 5111 1482 5161 g
1500 5124 1527 5133 -
1547 5098 1587 5147 46.
1605 5099 1641 5148 ti·

316 5172 380 5223 maii
396 5170 440 5230 V¹;
455 5170 586 5233 pertimuit
601 5175 669 5219 uota.
687 5175 711 5220 et
726 5170 771 5220 bac
787 5176 895 5234 usnpoiu
912 5170 1007 5223 mediis
1024 5184 1078 5222 om.
1098 5175 1109 5223 t
1126 5199 1154 5209 -
1171 5172 1330 5234 neclectisque
1345 5173 1368 5221 V
1386 5199 1413 5209 -
1431 5178 1492 5221 uota
1508 5186 1539 5221 ea
1555 5172 1590 5222 V:
1609 5185 1641 5222 ea

315 5252 377 5297 uota
392 5244 461 5308 abg
479 5272 507 5282 -
527 5244 567 5294 ll.
584 5245 753 5308 nuncupauit
768 5244 833 5294 V-
853 5246 893 5297 48.
911 5246 997 5310 igitur]
1015 5252 1099 5298 autem
1115 5250 1126 5298 t
1144 5277 1171 5287 -
1189 5262 1206 5299 a
1223 5247 1265 5312 D.]
1283 5249 1317 5297 ad
1333 5246 1396 5296 V-
1414 5245 1595 5310 bmetieiomV¹
1609 5272 1636 5281 —

313 5323 401 5386 populi
417 5321 518 5372 rmnaei
534 5319 557 5368 V
574 5343 601 5356 -
626 5320 666 5371 49.
684 5325 708 5370 et
727 5325 820 5385 spectat
836 5321 858 5373 V
877 5349 904 5359 -
930 5327 1078 5385 eccepnmt
1095 5336 1147 5374 om.
1167 5326 1222 5373 t-
1242 5323 1282 5388 1..]
1299 5336 1314 5372 o
1330 5322 1353 5372 V
1372 5348 1398 5358 —
1416 5323 1456 5372 44.
1476 5322 1555 5371 omnis
1571 5333 1637 5372 seru

317 5402 351 5448 est
368 5396 419 5460 gt:
446 5399 481 5447 est
496 5395 576 5446 manis
590 5408 655 5446 seru
674 5395 711 5458 V;
736 5398 815 5447 omnis
830 5402 865 5448 est
880 5409 945 5447 seru.
964 5397 1007 5448 ab
1026 5425 1053 5434 -
1071 5398 1233 5448 intolerabilis
1250 5398 1319 5449 VD:
1342 5396 1494 5447 intolerabile
1511 5395 1585 5456 edd,
1610 5398 1639 5446 ut

317 5475 358 5523 est
374 5472 401 5521 in
418 5468 478 5520 cod.
491 5470 508 5520 i.
527 5472 560 5520 44
576 5469 668 5533 quidni
684 5473 821 5535 repetatur
836 5473 961 5522 senuitau‘l
978 5500 1005 5509 -
1024 5473 1114 5534 inpuro
1130 5474 1178 5537 Vg
1191 5501 1218 5511 -
1237 5474 1277 5523 44.
1296 5472 1411 5536 inpudico
1427 5472 1493 5534 Vgt
1510 5496 1537 5506 -
1555 5469 1639 5519 sebnia

316 5560 370 5598 om.
389 5549 399 5596 t
418 5572 443 5580 —
467 5545 509 5596 23.
524 5547 628 5609 puncto
645 5559 698 5597 om.
717 5548 748 5597 V¹
766 5575 794 5585 -
817 5549 961 5601 aemiliumo
978 5549 999 5598 V
1019 5576 1045 5587 -
1070 5549 1232 5610 mannaque
1247 5548 1271 5597 V
1289 5575 1317 5586 -
1335 5547 1375 5599 at.
1393 5547 1539 5611 faciundam
1554 5547 1590 5596 at
1608 5572 1636 5581 —

315 5621 425 5684 nobiep.
443 5635 466 5671 c.
484 5623 509 5672 d.
529 5623 583 5685 (sic)
600 5621 681 5684 V3p.
698 5636 720 5673 c.
738 5622 887 5675 nobisn-
905 5626 946 5677 25.
963 5624 1130 5675 decimiv-
1150 5624 1222 5674 bato
1239 5623 1297 5674 b-
1314 5622 1520 5687 pribatunsv-
1538 5620 1638 5670 iide-

316 5697 401 5747 buislis
418 5701 509 5758 putore
525 5697 590 5747 VD:
609 5701 702 5759 putare
718 5696 833 5748 debuistis
847 5699 885 5749 io
904 5728 931 5738 -
953 5700 995 5750 27.
1011 5699 1097 5763 populi
1119 5699 1219 5749 ronwni
1234 5697 1265 5747 V¹
1285 5725 1312 5736 -
1335 5698 1496 5758 inspectantes
1511 5695 1534 5743 V
1552 5720 1579 5730 ·-
1603 5699 1639 5744 est

316 5778 381 5822 cont.
400 5771 463 5822 Vb:
484 5776 548 5822 cont.
566 5774 602 5821 est
618 5775 690 5836 agt,
709 5775 738 5824 ut
754 5776 796 5825 est
811 5772 876 5824 Phil.
894 5775 929 5835 ll,
948 5772 1033 5837 Sili.
1046 5799 1074 5809 -
1093 5773 1134 5825 48.
1147 5772 1273 5837 codepaea
1289 5772 1333 5831 V¹,
1350 5770 1457 5835 codegae
1472 5783 1503 5819 ea
1518 5763 1551 5818 V²
1567 5781 1636 5819 corr.

318 5856 355 5896 m.
373 5847 397 5895 2.
417 5870 445 5882 -
463 5857 489 5896 se
504 5850 564 5897 ante
581 5846 705 5898 ciuicam
720 5848 743 5899 Ι)
759 5846 868 5900 habent.
887 5873 914 5885 -
936 5847 978 5900 29.
996 5839 1110 5901 linia&
1127 5849 1138 5898 t
1156 5874 1183 5886 -
1202 5852 1267 5900 certe
1282 5847 1343 5912 post
1357 5858 1420 5898 seraa
1439 5842 1521 5894 habet
1536 5845 1555 5894 t.
