3800 7350
320 1185 382 1250 848
608 1191 761 1258 ORATIO
785 1192 868 1257 CUM
889 1191 1048 1258 POPULO
1071 1191 1243 1258 GRATIAS
1266 1190 1362 1255 EGIT

319 1361 426 1442 potius
454 1380 549 1445 quam
576 1362 610 1423 in
640 1362 760 1445 optimo
790 1383 919 1446 quoquc
948 1364 1039 1426 etin
1069 1363 1217 1426 universa
1245 1362 1369 1425 civitate
1399 1356 1563 1436 deiiceret3
1589 1359 1650 1424 boc
1731 1384 1734 1389 ·

320 1455 347 1516 si
369 1454 474 1519 animo
495 1454 529 1517 in
551 1474 608 1518 vos
631 1454 813 1539 liberosque
834 1463 955 1520 vestros
979 1456 1128 1531 fuissem,
1150 1464 1186 1520 ut
1208 1454 1379 1539 aliquando
1397 1475 1455 1519 vos
1477 1464 1648 1539 patresque

319 1548 514 1630 conscriptos
535 1547 722 1633 Italiamque
743 1549 922 1613 universam
945 1551 1097 1614 memoria
1119 1551 1181 1613 mei
1205 1548 1488 1633 misericordiaque
1511 1546 1649 1633 [deside-

318 1636 410 1723 rium]
435 1648 573 1706 teneret:
596 1644 664 1706 eius
687 1643 867 1707 devotionis
889 1666 939 1707 me
956 1665 1025 1708 esse
1042 1646 1219 1708 convictum
1235 1643 1356 1707 iudicio
1373 1641 1505 1706 deorum
1520 1644 1648 1707 immor-

295 1735 439 1811 etalium,
461 1736 644 1800 testimonio
665 1747 802 1811 senatus,
818 1755 975 1802 consensu
996 1737 1116 1812 ltaliae,
1139 1736 1340 1801 confessione
1361 1738 1573 1813 inimicorum,
1593 1737 1648 1800 be-

306 1828 427 1895 ‘nelicio
455 1831 564 1895 divino
593 1830 828 1915 immortalique
856 1840 961 1895 vestro
991 1833 1126 1896 maxime
1155 1831 1270 1905 laetor,
1308 1830 1458 1907 Quirites.
1506 1829 1538 1894 ἓ.
1558 1832 1601 1894 llt
1620 1838 1647 1900 si

318 1923 399 1986 nibil
421 1931 469 1987 est
489 1924 612 1988 bomini
634 1924 735 2007 magis
751 1924 926 2007 optandum
939 1945 1034 2009 wana
1049 1945 1212 2010 prospera,
1235 1924 1412 2008 aequabilis
1426 1932 1647 2009 perpetuaque

315 2016 444 2081 fortuna
468 2019 608 2083 secundo
631 2020 714 2082 vitae
737 2018 805 2081 sine
827 2018 894 2081 ulla
916 2019 1093 2083 ollensione
1115 2040 1227 2094 cursu,
1259 2026 1383 2093 mmcd,
1415 2019 1442 2082 si
1463 2019 1541 2082 mibi
1563 2026 1648 2081 tran

318 2110 418 2195 quilla
446 2118 479 2175 et
510 2112 633 2196 placata
660 2112 767 2176 omnia
795 2110 948 2187 fuissent,
980 2112 1158 2176 incredibili
1188 2112 1325 2197 quadam
1347 2119 1379 2176 et
1407 2132 1509 2197 paene
1530 2110 1647 2185 dimna,

281 2223 382 2288 coque
402 2215 487 2269 nunc
509 2213 613 2269 vestro
633 2204 790 2268 beneficio
811 2204 914 2280 fruor,
936 2205 1074 2270 laetitiae
1089 2206 1252 2289 voluptate
1267 2207 1447 2270 caruissem.
1477 2205 1563 2282 Quid
1577 2203 1648 2267 dul·

317 2298 386 2361 cius
400 2297 564 2361 bominum
579 2300 686 2383 generi
700 2299 739 2363 ab
753 2306 865 2362 natura
880 2297 987 2362 datum
1003 2307 1051 2363 est
1065 2319 1162 2384 quam
1176 2300 1225 2363 sui
1242 2299 1356 2384 cuique
1374 2299 1488 2363 liberi?
1509 2332 1552 2346 -
1567 2298 1645 2361 mibi

317 2412 392 2456 vero
415 2401 446 2455 et
465 2401 596 2476 propter
616 2394 843 2476 indulgentiam
865 2412 966 2456 meam
988 2401 1021 2457 et
1035 2403 1164 2478 propter
1179 2394 1340 2457 excellens
1356 2412 1466 2456 eorum
1481 2392 1644 2475 ingenium

317 2487 382 2549 vita
396 2493 470 2550 sunt
483 2505 553 2550 mea
567 2487 767 2551 cariores-z
783 2493 888 2550 tamen
904 2506 968 2550 non
985 2494 1089 2550 tantm
1105 2486 1257 2570 voluptati
1277 2494 1366 2550 erant
1380 2487 1529 2568 suscepti,
1545 2506 1646 2570 quan·

318 2587 367 2643 tae
389 2600 472 2642 nunc
495 2588 568 2643 sunt
588 2582 734 2644 restituti.
777 2578 807 2642 3.
829 2579 915 2642 Nibil
938 2581 1085 2665 cuiquam
1106 2579 1167 2644 fuit
1188 2600 1339 2663 umquam
1361 2578 1530 2643 iucundius
1546 2598 1641 2663 quam

279 2673 395 2745 45mibi
417 2672 506 2736 meus
526 2672 638 2736 frater:
660 2694 726 2736 non
748 2673 865 2737 tamid
889 2675 1083 2750 sentiebam,
1106 2695 1178 2739 cum
1198 2673 1335 2749 fruebar,
1358 2680 1552 2757 quamtum,
1574 2693 1645 2735 cum

316 2767 470 2843 carebam,
493 2775 526 2830 et
546 2776 755 2852 posteaquam
778 2787 834 2832 vos
857 2788 908 2830 me
930 2768 976 2831 illi
1001 2776 1033 2832 et
1054 2768 1131 2832 mibi
1154 2788 1226 2831 eum
1248 2767 1440 2830 reddidistis.
1472 2768 1534 2830 llos
1554 2764 1646 2829 tami-

315 2860 403 2924 liaris
434 2881 491 2924 sua
520 2881 681 2946 quemque
712 2861 864 2941 delectat:
897 2862 1042 2946 reliquae
1072 2882 1161 2926 meae
1191 2862 1337 2925 fortunae
1358 2862 1554 2944 reciperatae
1574 2860 1645 2944 plus

315 2954 393 3017 mibi
416 2975 500 3019 nunc
515 2955 686 3040 voluptatis
704 2955 856 3029 afferunt,
879 2974 974 3039 mam
990 2962 1054 3019 tum
1070 2955 1104 3018 in
1119 2956 1338 3019 incolumitate
1353 2953 1537 3018 afferebant
1558 2953 1646 3016 Ami-

315 3049 425 3122 citiae,
454 3049 719 3123 eonsuetudines,
741 3049 935 3123 vicinitates,
958 3049 1144 3124 clientelae,
1173 3048 1242 3113 ludi
1264 3048 1404 3132 denique
1427 3054 1459 3111 et
1480 3046 1550 3111 dies
1571 3046 1646 3110 festi

276 3143 391 3226 mquid
412 3142 566 3207 baberent
586 3142 766 3226 voluptatis,
787 3142 924 3206 carendo
946 3143 1044 3225 magis
1065 3143 1210 3207 intellexi
1231 3162 1328 3224 mam
1348 3140 1495 3205 imendo.
1533 3136 1564 3203 l.
1579 3141 1646 3204 lam

314 3257 390 3300 vero
418 3237 543 3312 bonos,
573 3236 725 3319 dignitas,
758 3236 865 3312 locus,
898 3235 993 3311 ordo,
1023 3234 1178 3300 beneficia
1199 3244 1321 3311 vestra,
1353 3252 1544 3320 quamquam
1567 3234 1645 3297 mibi

314 3350 440 3414 semper
461 3329 635 3395 clarissima
657 3330 726 3394 visa
746 3336 830 3405 sunt,
852 3337 959 3394 tamen
981 3350 1019 3394 ea
1034 3350 1119 3394 nunc
1133 3337 1287 3394 renovata
1302 3329 1474 3393 illustriora
1489 3328 1646 3404 ridentur,

380 3635 404 3684 t.
422 3633 450 3682 to
465 3630 584 3680 unbem
600 3629 678 3692 Lagg.
697 3625 833 3692 plerique:
858 3628 885 3677 to
902 3640 956 3679 om.
975 3629 1029 3678 snei
1046 3630 1073 3679 et
1089 3629 1151 3692 bag.
1168 3629 1192 3678 t.
1205 3626 1230 3678 3.
1243 3626 1268 3677 9.
1283 3652 1310 3661 -
1330 3626 1442 3691 meret
1459 3625 1513 3675 met
1524 3627 1552 3677 et
1563 3626 1642 3692 lagg.

314 3705 447 3773 plerique:
466 3707 619 3769 depromant
635 3700 727 3752 Frane.
740 3702 841 3767 primus
854 3705 881 3753 et
892 3704 954 3766 Lag.
966 3701 1011 3761 to,
1030 3704 1152 3766 delerem
1168 3705 1229 3766 Lag.
1243 3701 1267 3753 l.
1281 3702 1306 3752 6.
1320 3701 1367 3760 otu
1386 3700 1522 3752 desuem
1538 3703 1607 3753 coni.
1622 3703 1642 3752 l.

314 3783 348 3833 ll.
363 3784 506 3840 desumus,
524 3776 606 3843 quod,
625 3778 648 3828 si
665 3776 730 3840 quid
747 3776 904 3827 mutandum
921 3778 971 3836 est,
989 3789 1084 3827 veram
1100 3777 1218 3836 videtum
1236 3777 1369 3841 defluum
1385 3776 1491 3826 llotom.
1505 3777 1532 3826 et
1547 3775 1642 3827 Lamb.

313 3870 402 3923 susp.;
427 3855 464 3920 (id
478 3856 506 3905 to
521 3866 562 3904 me
576 3864 656 3902 noceo
668 3865 696 3913 ρ.
715 3864 740 3914 q.
757 3852 785 3900 sn
801 3852 923 3912 optem
938 3863 1059 3911 quaeque
1074 3857 1097 3902 ct
1112 3853 1140 3902 tu
1154 3853 1299 3903 uotousom
1314 3864 1368 3902 rou
1381 3864 1409 3912 p.
1428 3852 1582 3916 &deaurent
1598 3851 1642 3903 ed.

313 3935 381 3983 lunt.
400 3933 427 3982 et
444 3930 482 3992 l..)
499 3956 533 3967 —
548 3930 573 3978 P.
588 3932 723 3990 patresque
739 3926 792 3977 mei
810 3929 838 3976 et
854 3928 932 3990 lagg.
952 3928 1058 3990 praeter
1074 3926 1098 3977 7,
1111 3928 1136 3977 9.
1148 3928 1181 3978 20
1200 3928 1234 3988 (in
1247 3926 1344 3990 quibus
1356 3928 1415 3977 est:
1431 3939 1476 3976 uos
1486 3927 1642 3990 ἀσήμων

310 4013 397 4071 potres
413 4007 443 4055 0.
462 4004 490 4066 (P
506 4003 601 4054 babet:
616 4007 729 4065 patruo
748 4008 757 4057 ΙΙ
778 4003 962 4063 ,οοηωήρεοῃ
985 3999 1070 4050 littera
1087 4013 1113 4063 q·
1130 4014 1167 4051 m.
1185 4014 1240 4052 sec.
1258 3999 1362 4060 addita;
1380 3998 1431 4051 sed
1447 3999 1534 4051 tuerat
1548 4001 1645 4053 eadem

313 4084 384 4134 baud
401 4081 482 4135 dubie
500 4081 527 4130 in
543 4091 649 4137 rasura,
669 4089 738 4140 quae
756 4079 797 4127 est
813 4077 840 4126 in
858 4076 987 4139 principio
1003 4088 1097 4127 versus
1114 4079 1264 4141 sequentis,
1282 4075 1353 4126 unde
1371 4076 1517 4127 inversum
1533 4090 1646 4142 praece·

313 4161 423 4210 dentem
440 4170 476 4206 m.
490 4167 546 4205 sec.
565 4151 689 4204 translate
708 4153 767 4213 est.)
786 4179 814 4188 -
833 4151 857 4201 3.
875 4150 1096 4211 ωίεοήοονάἐαᾳυο
1111 4151 1258 4200 mousom
1276 4150 1369 4200 PEV:
1388 4152 1563 4204 mumcordto
1578 4155 1645 4204 dest-

312 4237 456 4296 den'wnquo
472 4231 536 4291 GO,
556 4228 634 4279 codd.
653 4227 718 4277 dett.
746 4224 877 4290 Equidem
893 4225 1050 4284 onmem,
1069 4238 1138 4289 quae
1156 4224 1242 4288 glossa
1258 4237 1318 4275 voc.
1332 4226 1456 4276 mmorto
1472 4225 1587 4288 videtur,
1606 4229 1645 4278 in·

312 4308 475 4363 cludendum
491 4305 590 4371 putavi.
605 4329 632 4339 -
652 4304 676 4353 6.
689 4301 804 4367 Quirites]
822 4302 866 4363 qut
884 4302 921 4352 ,a
937 4302 957 4350 P
969 4325 997 4335 -
1015 4304 1039 4350 et
1054 4300 1076 4350 si
1092 4301 1122 4360 E,
1140 4303 1170 4350 ut
1186 4302 1227 4350 est
1243 4300 1269 4349 in
1281 4299 1343 4350 edd.
1356 4301 1436 4350 vett:
1455 4302 1500 4351 etsi
1510 4303 1531 4352 0
1543 4303 1578 4366 (in
1591 4305 1645 4354 Pet

311 4390 333 4439 st
348 4386 421 4451 legas
438 4397 472 4435 an
487 4384 545 4442 etet,
563 4377 675 4430 dubium
693 4378 755 4440 est);
774 4377 818 4427 etsi
833 4377 900 4427 euim
910 4375 1003 4425 tumim
1017 4390 1043 4425 n.
1056 4380 1091 4426 est
1102 4376 1168 4426 eoni
1186 4376 1360 4426 Hotomanus.
1375 4401 1402 4411 -
1421 4375 1483 4425 nibil
1498 4381 1534 4427 est
1549 4377 1645 4428 bouem

313 4462 383 4515 met:
400 4458 493 4510 boniol
507 4455 570 4507 cue
585 4459 620 4505 est
636 4453 656 4504 0
674 4455 701 4504 et
717 4454 822 4516 dbagg.
838 4478 866 4488 -
884 4451 908 4500 8.
921 4450 1028 4500 secamdo
1039 4451 1204 4501 --cursusP
1218 4463 1258 4515 pr.
1272 4461 1309 4500 m.
1324 4452 1402 4514 (corr.
1415 4462 1452 4501 m.
1465 4452 1489 4502 2.
1503 4453 1641 4518 mimum).

315 4562 343 4578 ..
362 4538 387 4588 9,
402 4540 499 4600 pacato
520 4532 536 4582 6
552 4532 631 4594 bagg.
650 4531 678 4580 et
697 4529 719 4578 G
739 4540 808 4578 oorr.
828 4525 1038 4591 «corrigendum
1055 4529 1097 4577 est
1115 4533 1224 4592 pacato,
1246 4540 1310 4578 cum
1327 4526 1361 4578 de
1378 4530 1554 4591 permanente
1571 4530 1642 4579 statu

313 4619 341 4667 et
361 4615 458 4665 intecto
477 4619 569 4661 sermo
586 4606 645 4657 sit.»
662 4605 790 4654 Guuroru
810 4603 838 4653 tn
853 4602 920 4654 ων.
938 4614 985 4652 sec.
1004 4602 1038 4652 od
1054 4615 1093 4652 or.
1110 4616 1135 4665 p.
1154 4603 1263 4654 &uentu
1280 4615 1305 4652 c.
1323 4601 1364 4653 lt.
1391 4601 1425 4652 at
1440 4613 1466 4651 v.
1486 4600 1591 4654 Tuscul.
1609 4603 1641 4665 V,

313 4693 329 4757 g
346 4691 391 4743 46:
412 4689 442 4743 Ut
456 4685 536 4735 mmis
552 4683 631 4748 ἱρέων
646 4679 817 4742 tranquillitos
833 4677 992 4743 muutpitur,
1016 4678 1087 4727 natta
1102 4691 1134 4728 oe
1148 4679 1253 4728 minimo
1270 4678 1369 4740 quidem
1384 4690 1452 4727 auro
1465 4679 1557 4741 {tactae
1572 4691 1643 4728 cooa-

311 4768 439 4819 mouson:
455 4761 490 4812 sic
506 4757 585 4807 nubat
602 4756 698 4820 quietae
713 4758 736 4804 et
750 4754 867 4816 pecasse
883 4757 964 4802 status
979 4752 1101 4814 comitur,
1119 4766 1177 4802 uem
1189 4753 1346 4816 perturbatio
1356 4752 1428 4802 uallo
1438 4757 1473 4802 est
1484 4766 1536 4816 quo
1547 4753 1643 4804 mouet

312 4845 396 4906 queat.
422 4834 489 4888 aud.
503 4833 536 4885 de
554 4834 627 4883 Finn.
645 4829 713 4881 bet
729 4842 766 4880 rn.
781 4830 807 4892 Ι,
826 4828 841 4894 5
857 4829 898 4879 rt.
918 4854 945 4864 -
961 4840 1042 4891 pocae
1057 4828 1078 4877 P
1096 4853 1123 4863 —
1142 4826 1182 4877 tt.
1201 4826 1277 4891 boues.
1294 4831 1376 4877 oestro
1392 4824 1499 4891 lbagg.
1514 4852 1541 4862 -
1558 4827 1642 4893 poor]

311 4924 371 4969 mr
387 4917 409 4967 o
427 4939 454 4950 -
482 4912 556 4963 alluo
578 4906 681 4970 syllaba
702 4904 825 4956 addenda
846 4916 942 4955 sensus
963 4906 1043 4967 atque
1065 4903 1160 4954 natata
1177 4903 1262 4954 torma
1278 4901 1405 4968 loquendi
1421 4904 1523 4954 restitui
1539 4902 1640 4969 posset,

306 4992 410 5044 mtto
429 4995 454 5040 et
473 4987 613 5048 uoluptate,
633 4984 672 5034 uti
688 4985 731 5033 est
752 4995 779 5045 p.
798 4978 867 5031 Sulla
884 4979 930 5041 32,
948 4980 993 5041 91,
1018 4979 1067 5030 sed
1084 4979 1193 5029 minium
1210 4978 1316 5036 dubito.
1344 4978 1407 5042 quin
1424 4976 1488 5029 illud
1504 4976 1642 5042 vulgatum

312 5082 376 5121 vera
393 5077 488 5117 manus
505 5059 619 5114 amous
636 5059 695 5108 sit.»
713 5058 860 5108 Mammea.
874 5082 907 5091 -
924 5056 964 5105 lt.
982 5055 1015 5105 ub
1031 5058 1125 5104 umaro
1142 5053 1264 5104 PGEV:
1289 5057 1418 5102 commo
1434 5053 1480 5103 SO
1499 5079 1527 5090 -
1544 5053 1606 5103 milii
1622 5054 1642 5103 P

312 5146 342 5195 S:
360 5143 434 5194 modo
450 5137 531 5190 GEV
544 5162 572 5174 -
590 5135 632 5184 ta.
650 5131 878 5196 ddigemtomv—
896 5129 1024 5193 ingenitae
1039 5143 1126 5181 comme
1142 5130 1194 5180 EV
1207 5156 1234 5166 -
1253 5128 1364 5179 tam
1379 5129 1485 5178 eoP-
1504 5132 1642 5178 tmuaeoo·

312 5217 571 5283 toptatt--quuotoe
588 5207 690 5259 schol:
714 5212 786 5257 tauto
806 5206 1091 5268 uoluptoto--quouto
1111 5204 1190 5256 codd.
1210 5207 1237 5254 ot
1254 5205 1273 5254 0
1293 5231 1320 5241 -
1339 5202 1379 5254 tl,
1398 5217 1420 5252 c.
1437 5203 1457 5265 t.
1475 5217 1590 5266 uuquam
1606 5205 1639 5262 P;

310 5290 496 5357 omquumfott
511 5286 667 5349 melquoenG
690 5309 715 5318 —
742 5284 781 5332 te.
799 5280 970 5332 malebam
993 5306 1020 5318 -
1043 5294 1120 5342 quma
1139 5286 1192 5330 tien
1214 5277 1347 5329 loxonn.
1367 5281 1395 5329 et
1410 5279 1444 5328 L:
1467 5284 1590 5339 quautam
1606 5281 1639 5337 P;

313 5382 390 5434 mun
406 5353 464 5420 tuoe
480 5361 559 5416 codd.
578 5357 634 5411 rell.
654 5359 754 5409 ootiet
769 5357 790 5407 0
809 5382 837 5394 ·-
856 5356 897 5405 tr.
914 5353 1037 5416 reiquae
1052 5365 1167 5404 mesen
1182 5354 1344 5416 [ortonensis
1360 5353 1429 5403 coni.
1446 5352 1540 5403 bamb.
1556 5378 1583 5388 -
1601 5365 1642 5404 re·

312 5444 439 5508 οἱροναιω
454 5443 488 5492 Ρ;
507 5439 671 5500 recuperatos
686 5431 743 5483 rell.
761 5434 789 5482 et
805 5433 825 5482 0
839 5457 867 5467 -
886 5429 927 5480 tt.
947 5427 1304 5492 anteana-outonem
1323 5452 1350 5463 -
1368 5439 1447 5489 quaen
1461 5432 1515 5477 neu
1529 5427 1558 5476 io
1572 5426 1641 5477 teco-

312 5519 425 5570 lseuttote
440 5516 552 5582 scripsi:
571 5518 693 5578 quaem
707 5510 875 5561 moolmuttote
891 5510 910 5558 P
928 5520 970 5572 pr.
988 5519 1041 5564 m.;
1063 5517 1139 5566 φιωι
1155 5508 1208 5553 tacu
1224 5502 1402 5556 incolomitatis
1416 5504 1436 5552 P
1450 5515 1520 5553 corr.
1532 5503 1552 5552 G
1562 5501 1640 5553 ESV

313 5594 372 5660 (sed
387 5595 439 5647 EV
455 5593 586 5656 quantun)
603 5592 631 5641 et
647 5587 725 5640 codd.
739 5585 873 5651 pleriquc3
892 5594 971 5646 quom
986 5587 1039 5632 taen
1054 5579 1188 5630 tecum
1204 5580 1265 5642 bag.
1277 5577 1310 5628 25
1327 5580 1355 5629 et
1365 5578 1544 5636 Hotomanns;
1562 5589 1640 5639 quoru

311 5675 367 5721 troo
389 5669 570 5720 aucmento
594 5663 654 5716 cod.
677 5664 797 5720 Hotom.;
824 5672 901 5723 quom
920 5663 975 5709 tien
994 5656 1111 5707 incolam
1133 5654 1183 5719 (vel
1200 5655 1340 5716 mimus)
1362 5657 1429 5704 totos
1445 5655 1514 5706 coni.
1532 5651 1638 5714 bamb„

312 5757 390 5807 quoru
404 5745 520 5808 tutem
531 5739 649 5792 locuturus·
666 5735 789 5787 Garatoni
806 5735 833 5786 in
849 5735 912 5785 Cur.
930 5745 1002 5792 sec.;
1028 5744 1106 5794 quom
1122 5735 1181 5781 aesc
1197 5728 1373 5781 immunitatis
1389 5729 1409 5778 0
1427 5753 1454 5764 -
1474 5727 1516 5778 te.
1534 5728 1639 5789 dentque

312 5818 483 5870 tudtltv-
503 5814 643 5879 terraneis
663 5824 740 5876 maen
759 5807 992 5875 modulabilem
1008 5807 1030 5857 G
1047 5832 1072 5842 -
1094 5806 1136 5856 2⁴.
1153 5805 1221 5871 uero]
1238 5805 1390 5869 bontGpr.
1408 5814 1446 5855 m.
1466 5831 1494 5841 -
1511 5802 1553 5854 22.
1570 5816 1638 5853 usne

311 5898 432 5949 moesto
447 5895 469 5946 G
484 5905 525 5959 pr.
542 5903 596 5953 m.;
612 5892 735 5943 moveto
749 5898 816 5938 usuc
831 5885 893 5950 ung.
911 5883 937 5937 l.
955 5884 996 5935 66.
1016 5908 1044 5920 -
1061 5881 1210 5934 metuo
1225 5883 1254 5933 P.
