3800 7350
303 1189 385 1258 teos
527 1191 678 1259 omrro
700 1191 924 1255 rnunrron
945 1190 1001 1254 xr.
1025 1191 1097 1258 on.
1113 1192 1181 1259 xv.
1202 1190 1248 1275 §p
1263 1189 1397 1257 ee-ro.

302 1386 344 1430 ne
365 1365 497 1429 acerbus
519 1364 596 1427 civis
619 1362 789 1446 quisquam
810 1361 940 1424 istorum
957 1361 1013 1435 sit,
1035 1360 1090 1445 qui
1106 1362 1172 1424 otio
1187 1362 1391 1425 delectantur.
1425 1362 1534 1425 Tertio
1549 1381 1626 1426 vero

304 1460 412 1543 generi
433 1477 496 1520 non
511 1456 647 1519 militum
660 1463 895 1530 veteranorum,
918 1456 974 1519 sed
994 1456 1334 1538 importunissimorum
1356 1455 1509 1531 bostium,
1528 1455 1626 1539 cupio

304 1572 399 1638 vem
428 1550 664 1615 acerbissimum
692 1548 835 1612 dolorem
865 1549 1001 1613 inurere.
1056 1549 1270 1633 Quamquam,
1302 1557 1410 1631 patres
1437 1550 1626 1635 conscripti,

304 1664 471 1729 quousque
493 1644 663 1707 sententias
685 1644 825 1706 dicemus
846 1650 1064 1708 veteranorum
1082 1645 1254 1707 arbitratui
1277 1644 1362 1725 quod
1377 1664 1486 1708 eorum
1501 1653 1626 1708 tantum

280 1738 462 1803 clastidium
485 1747 549 1812 est,
571 1758 653 1820 quae
674 1744 761 1800 tenta
782 1738 970 1820 arrogantia,
993 1746 1028 1800 ut
1040 1738 1080 1800 ad
1095 1738 1260 1801 arbitrium
1277 1738 1403 1801 illorum
1418 1740 1626 1822 imperatores

304 1834 396 1895 etiam
426 1831 616 1914 diligamus?
658 1827 709 1893 39.
731 1831 797 1913 Ego
824 1837 928 1893 autem
959 1863 1001 1878 -
1031 1832 1198 1895 dicendum
1221 1840 1269 1895 est
1291 1833 1391 1907 enim,
1419 1832 1526 1916 patres
1549 1850 1627 1894 con-

303 1926 428 2007 scripti,
461 1925 545 2007 quod
574 1926 675 1987 sentio
704 1958 744 1971 -
772 1944 837 1986 non
865 1932 927 1987 mm
958 1933 1125 1988 veteranos
1152 1926 1322 1989 intuendos
1349 1927 1442 1989 nobis
1474 1926 1624 2000 arbitror,

304 2038 398 2103 quam
421 2017 496 2099 quid
518 2018 638 2081 tirones
659 2017 790 2092 milites,
811 2018 870 2079 llos
892 2019 1018 2095 Italiae,
1040 2019 1117 2102 quid
1141 2038 1243 2082 novae
1265 2019 1405 2102 legiones
1424 2018 1463 2082 ad
1487 2020 1625 2083 liberan-

303 2113 373 2174 dem
395 2112 528 2194 patriam
550 2111 780 2195 paratissimae,
803 2111 879 2193 quid
903 2120 1016 2175 cuncte
1038 2113 1130 2175 ltalia
1151 2112 1190 2176 de
1204 2122 1308 2176 vestra
1330 2114 1482 2195 gravitate
1497 2115 1623 2176 sentiat.

266 2205 387 2268 toNibil
416 2205 498 2267 enim
528 2225 652 2287 semper
679 2206 784 2280 floret3
815 2213 902 2267 aetas
924 2207 1066 2269 succedit
1087 2207 1191 2270 aetati.
1232 2207 1293 2268 Diu
1317 2205 1456 2288 legiones
1480 2206 1623 2269 Caesaris

301 2299 483 2381 viguerunt:
506 2318 589 2360 nuuc
604 2298 710 2380 vigent
725 2299 859 2373 Pansae,
881 2300 989 2381 vigent
1003 2300 1112 2373 llirtii,
1135 2300 1241 2380 vigent
1256 2299 1400 2362 Caesaris
1417 2299 1491 2373 filii,
1513 2300 1625 2381 rigent

302 2392 425 2466 Planci;
451 2391 580 2455 vineunt
607 2411 755 2466 numero,
781 2393 914 2455 vincunt
939 2394 1113 2456 aetatibus:
1140 2395 1286 2455 nimirum
1309 2395 1402 2456 etiam
1432 2394 1623 2456 auctoritate

301 2487 447 2560 vincunt3
477 2486 509 2548 id
531 2486 614 2548 enim
634 2485 752 2547 bellum
774 2493 906 2567 gerunt,
932 2486 1017 2569 quod
1040 2488 1079 2550 ab
1102 2487 1249 2549 omnibus
1271 2487 1416 2567 gentibus
1437 2488 1624 2570 comproba·

302 2588 361 2643 tur.
397 2580 509 2662 ltaque
529 2578 580 2642 his
602 2579 741 2662 praemia
758 2579 911 2662 promissa
927 2588 1010 2653 sunt,
1033 2580 1095 2641 illis
1111 2579 1281 2662 persoluta.
1312 2581 1468 2643 Fruuntur
1482 2580 1528 2641 illi
1544 2582 1623 2654 suis,

265 2672 522 2756 supersolvantur
541 2672 590 2735 bis
613 2691 693 2756 quae
715 2672 961 2755 spopondimus:
983 2674 1015 2736 id
1038 2675 1120 2736 enim
1142 2674 1219 2735 deos
1241 2674 1431 2736 immortales
1452 2694 1546 2756 spero
1569 2693 1624 2736 ee-

301 2766 485 2849 quissimum
506 2766 655 2830 iudicare.
691 2762 741 2827 40.
766 2765 854 2841 Quae
877 2786 947 2829 curn
972 2767 1014 2829 ita
1036 2768 1115 2841 sint,
1138 2786 1209 2828 eam
1228 2786 1323 2850 quam
1345 2767 1410 2829 dixi
1433 2770 1622 2833 seutentiam

300 2860 406 2934 vobis,
427 2866 533 2942 patres
553 2859 741 2942 conscripti,
763 2879 877 2923 censeo
900 2861 1175 2943 comprobandam.

365 3171 389 3218 4.
407 3169 477 3219 cuius
493 3182 523 3227 a;
546 3168 606 3219 lert.
624 3167 718 3218 ciuibus
736 3191 763 3205 -
787 3169 818 3219 sit
834 3182 888 3218 om.
906 3168 939 3226 b;
963 3168 1022 3219 tort.
1041 3136 1172 3230 &squam
1189 3168 1220 3218 sit
1236 3182 1322 3218 sonem
1340 3196 1366 3206 -
1385 3168 1409 3218 2.
1427 3170 1518 3233 lnport.
1537 3172 1574 3234 gt
1592 3196 1619 3206 -

190 3238 192 3241 ⁴
298 3242 322 3293 3.
340 3242 457 3307 dulmene]
474 3244 565 3294 bostem
582 3243 600 3293 b
620 3271 647 3280 -
673 3244 697 3295 t.
716 3250 777 3294 sent.
796 3245 903 3295 diceneus
923 3246 959 3295 D:
986 3243 1231 3293 etennensium
1255 3269 1282 3278 —
1311 3244 1335 3294 5.
1353 3256 1440 3293 eorm
1462 3244 1470 3293 i
1494 3270 1521 3281 -
1540 3246 1621 3307 intpp.

299 3319 354 3381 (sic)
372 3320 395 3377 t;
413 3319 473 3380 lmp.
488 3331 516 3379 p.
529 3332 557 3372 a:
576 3320 750 3381 imperatorem
767 3318 836 3384 b²gi
854 3318 982 3382 (lectionis
998 3318 1027 3369 b¹
1039 3332 1108 3369 nuno
1125 3321 1231 3383 praeter
1247 3318 1347 3369 litteras
1364 3321 1415 3381 imp
1427 3318 1489 3370 nihil
1504 3319 1621 3370 discerni

299 3393 393 3458 potest)
406 3418 434 3428 -
448 3394 472 3442 6.
486 3393 618 3456 diligamus
633 3393 712 3444 abt:
729 3395 867 3459 deligamur
882 3394 955 3457 giO;
973 3406 998 3444 v.
1011 3393 1044 3444 ed
1057 3394 1156 3458 §tb-
1178 3399 1221 3443 est.
1233 3388 1250 3443 ἲ
1261 3396 1325 3444 enim
1341 3396 1390 3444 t-
1412 3396 1435 3445 7.
1449 3396 1501 3446 lum
1518 3399 1570 3445 t-
1583 3396 1622 3445 in-

298 3468 399 3518 tuendos
410 3468 430 3516 i:
447 3469 588 3518 metuendos
597 3470 628 3529 D,
644 3468 703 3519 tort.
713 3473 796 3530 recte,
808 3469 830 3520 si
842 3482 952 3532 zeugma
964 3470 1063 3518 statuas
1077 3496 1104 3505 -
1117 3468 1186 3518 uobis
1197 3473 1234 3533 gt
1246 3496 1272 3505 -
1292 3470 1316 3519 8.
1329 3468 1485 3518 necandum
1496 3469 1516 3519 0
1528 3471 1620 3519 contre

298 3556 383 3594 meos.
395 3570 428 3580 -
444 3543 468 3592 9.
485 3545 669 3606 purottssnmue
686 3547 695 3594 t
709 3572 734 3580 —
753 3546 880 3609 pronitate
896 3550 980 3593 uestra
996 3545 1102 3592 sentiant
1119 3546 1172 3592 4-
1191 3545 1230 3592 40.
1243 3543 1357 3593 succedat
1373 3544 1381 3592 i
1395 3569 1422 3578 —
1442 3544 1482 3592 te.
1498 3543 1595 3605 ploncli
1613 3544 1620 3591 i

299 3642 325 3653 -
341 3617 380 3667 43.
399 3617 425 3666 ld
440 3619 506 3668 enlm
522 3620 579 3668 deos
595 3620 745 3669 immortales
761 3620 850 3669 bellum
866 3632 881 3668 a
895 3646 922 3654 -
938 3617 1063 3680 probatur
1079 3618 1087 3666 i
1106 3644 1133 3654 -
1153 3617 1193 3669 44.
1212 3618 1243 3667 iis
1259 3619 1267 3667 i
1286 3644 1312 3655 -·
1329 3619 1447 3680 proemio
1459 3632 1543 3681 prom.
1562 3624 1620 3667 sunt

295 3692 354 3742 Di:
368 3706 450 3754 prom.
468 3700 525 3743 sunt
539 3696 685 3757 proemin
702 3708 763 3745 cum
781 3694 854 3745 libris
872 3696 943 3745 Ferr.
958 3718 986 3729 -
1004 3695 1041 3743 eze
1057 3695 1108 3743 suis
1124 3694 1167 3744 ed.
1181 3695 1243 3744 Seb.
1257 3695 1365 3758 Grypbii
1377 3696 1471 3754 (tbbtlz
1490 3695 1582 3743 tunm
1593 3697 1618 3749 t;

294 3765 343 3814 e'llts
359 3764 415 3831 bg;
439 3767 488 3817 illis
502 3768 543 3818 nel
558 3770 605 3828 ei;
628 3769 666 3818 blo
682 3770 718 3818 tut
735 3770 754 3819 0
772 3783 833 3819 cum
851 3770 980 3818 Ferrarlo.
1001 3794 1027 3803 -
1055 3769 1165 3831 Explicit
1181 3768 1242 3818 tiber
1257 3780 1294 3818 ιι.
1317 3769 1406 3830 lncs'ptt
1419 3781 1467 3819 ru.
1485 3781 1516 3831 g,
1539 3767 1619 3817 ebti

295 3840 489 3908 subscriptione
509 3846 608 3895 carent.
