3800 7350
749 1221 825 1327 cn.
846 1221 872 1287 1.
898 1217 945 1306 ss
968 1216 1076 1285 s-e
1518 1211 1583 1283 roo

253 1392 358 1459 testati
386 1392 573 1479 permissam
602 1409 673 1456 esse
700 1392 806 1456 sentit
842 1392 891 1455 Au
920 1391 1046 1476 equites
1072 1389 1256 1453 Romanos?
1283 1386 1467 1453 iudicabitis
1496 1388 1583 1471 prin·

252 1489 340 1574 cipes
368 1488 439 1553 eius
467 1487 588 1551 ordinis
610 1486 859 1572 quinquaginta,
888 1484 965 1568 quid
987 1505 1058 1549 cum
1081 1483 1229 1546 omnibus
1250 1481 1421 1546 senseritis.
1456 1482 1507 1545 An
1527 1502 1599 1566 po·⁴

252 1582 364 1665 pulum
384 1582 584 1667 Romanum?
611 1583 653 1644 At
673 1581 700 1644 is
724 1580 854 1665 quidem
877 1598 1003 1643 omnem
1026 1597 1117 1642 suem
1139 1577 1179 1640 de
1200 1575 1291 1640 nobis
1311 1582 1501 1660 potestatem
1522 1581 1585 1639 tre·

252 1674 336 1737 didit
355 1674 457 1739 vohis.
498 1674 602 1751 Quem
624 1674 664 1738 ob
686 1694 754 1738 rem
775 1673 838 1738 nisi
861 1672 922 1737 hcc
944 1672 1031 1748 loco,
1058 1672 1120 1737 nisi
1143 1669 1228 1754 epud
1249 1691 1321 1746 vos,
1347 1670 1410 1733 nisi
1436 1689 1496 1753 per
1515 1687 1584 1743 vos,

252 1767 392 1846 iudices,
413 1788 479 1832 uon
501 1769 736 1844 auctoritatem,
759 1786 841 1851 quac
863 1767 980 1830 omnen
1000 1773 1067 1841 est,
1089 1764 1147 1829 sed
1169 1764 1302 1828 sulutem
1323 1772 1479 1839 nostram,
1501 1774 1608 1848 quest

253 1882 312 1945 spe
326 1864 443 1945 exigua
456 1868 663 1946 extremaque
677 1859 813 1946 pendet,
832 1863 1045 1938 tenuerimus,
1067 1860 1149 1925 nihil
1163 1867 1212 1925 est
1226 1867 1406 1943 praetereo,
1430 1876 1495 1942 quo
1510 1876 1585 1921 con·

251 1954 363 2038 fugere
383 1956 560 2039 possimus:
591 1956 653 2019 nisi
673 1954 771 2029 forte,
794 1974 877 2038 quee
898 1977 950 2021 res
972 1955 1033 2020 hoc
1053 1954 1169 2020 iudicio
1191 1960 1344 2029 tentetur,
1365 1951 1443 2036 qnid
1464 1957 1585 2034 egetur,

253 2050 305 2113 cui
327 2069 440 2114 ceusee
461 2049 668 2115 fundamenta
689 2050 861 2125 iaciuntur,
890 2050 1027 2124 iudices,
1049 2068 1114 2114 non
1136 2048 1261 2113 videtis.
1297 2046 1327 2110 5.
1351 2045 1585 2110 Condemnstus

253 2150 302 2206 est
323 2143 368 2218 is,
398 2143 454 2226 qui
476 2142 644 2207 Catilinam
674 2143 765 2226 signa
786 2144 906 2228 petrice
927 2142 1116 2207 inferentem
1137 2142 1314 2207 interemit:
1343 2140 1422 2226 qnid
1444 2148 1493 2204 est
1512 2158 1587 2203 ceu·
1619 2137 1622 2143 ’

253 2254 326 2312 see,
348 2255 405 2299 cur
424 2255 491 2300 non
512 2236 558 2312 is,
580 2238 636 2321 qni
660 2235 828 2300 Catilinam
849 2256 891 2300 ex
911 2236 1147 2320 urbeexpulit,
1169 2236 1395 2321 pertimescet?
1423 2233 1586 2317 llcpetitur
1595 2247 1624 2293 44

252 2328 293 2393 ed
321 2348 474 2414 poesim,
507 2330 564 2413 qui
593 2330 714 2393 indicia
740 2331 917 2394 communis
947 2330 1037 2393 exitii
1066 2332 1168 2415 cepit:
1199 2351 1257 2399 cur
1285 2329 1347 2393 sibi
1375 2323 1513 2391 confidet
1539 2326 1586 2401 is,

254 2422 311 2507 qni
340 2442 378 2487 ee
404 2422 595 2506 proterenda
624 2430 656 2488 et
684 2422 901 2507 patefacienda
923 2424 1067 2487 curevitt
1096 2425 1181 2488 Socii
1202 2422 1423 2495 consiliorum,
1451 2418 1587 2483 ministri

253 2516 449 2602 comitesque
473 2524 645 2582 vexentur:
667 2516 745 2602 qnid
766 2526 925 2592 auctores,
948 2517 1028 2601 quid
1050 2516 1164 2592 duces,
1189 2516 1266 2602 quid
1281 2516 1441 2599 principes
1455 2514 1517 2577 sibi
1530 2534 1588 2577 ex·

253 2613 422 2694 mcctentt
455 2612 558 2694 Atque
580 2611 704 2674 utinam
726 2610 846 2674 inimici
868 2611 970 2673 nostri
992 2630 1029 2674 ec
1049 2610 1207 2675 bonorum
1221 2609 1363 2674 omnium
1382 2629 1507 2673 mecum
1527 2628 1588 2693 po·

254 2704 318 2768 tius
333 2704 356 2786 †
371 2703 566 2770 contendent
587 2712 693 2769 utrum
714 2712 781 2769 tum
803 2723 913 2769 omnes
934 2703 1012 2767 boni
1034 2704 1132 2770 duces
1152 2704 1252 2770 nostri
1266 2722 1308 2769 en
1322 2704 1454 2768 comites
1467 2701 1625 2767 fuerintne

254 2796 295 2860 nd
317 2818 518 2864 communem
541 2797 787 2863 conservandam
809 2798 943 2864 salutem
967 2795 985 2831 *
999 2795 1048 2831 *³*

516 2942 715 3007 Fuounnrs
734 2963 756 3007 s
778 2942 979 3007 Senonum
999 2942 1153 3005 Bonrsnsr
1174 2960 1327 3006 ssnvsrs.

341 3063 559 3147 Strongulatos
580 3065 691 3129 meluit
713 3063 828 3128 dicere.

340 3154 427 3231 Quid
449 3158 510 3222 sibi
532 3178 622 3223 mens
643 3160 840 3223 necessarius
867 3157 980 3223 Caetra
1000 3158 1123 3222 voluit?

341 3250 428 3326 Quid
449 3271 526 3315 vero
548 3253 731 3316 Decianus?
1596 3263 1626 3311 ¹⁰

340 3344 464 3408 Utinam
487 3353 571 3410 esset
591 3348 720 3431 proprie
742 3347 831 3410 meel
865 3347 1000 3411 Senatus
1022 3347 1118 3430 igitur
1140 3362 1254 3429 magne
1275 3365 1316 3409 ex
1337 3352 1428 3429 purte
1451 3343 1501 3380 Μ
1516 3344 1535 3380 *

340 3438 394 3516 Di,
416 3439 566 3524 inquom,
587 3440 799 3505 immortales!
833 3441 1004 3505 Lentulum
1027 3439 1046 3474 *
1059 3439 1078 3474 '⁸
1092 3438 1112 3474 ³*

674 3582 894 3647 Fnsounurvu
917 3601 1168 3647 usnronsnsnsn.

346 3703 363 3738 ³*
378 3701 396 3739 *
411 3701 430 3738 ³*
452 3711 619 3769 externum
641 3725 713 3770 cum
735 3706 909 3770 domestice
924 3707 989 3771 vite
1002 3712 1178 3790 naturaque
1193 3710 1363 3768 constaret.
1398 3705 1510 3789 ltaque
1524 3724 1590 3769 non

254 3798 376 3883 potiar,
399 3800 437 3860 D.
459 3798 566 3873 Laeli,
588 3805 619 3862 to
642 3798 701 3862 tibi
721 3798 783 3862 hcc
804 3819 928 3863 sumere
946 3807 1044 3882 atquc
1059 3798 1141 3862 hauc
1156 3798 1269 3862 ceteris
1283 3798 1317 3862 iu
1331 3806 1511 3881 posterum,
1531 3812 1628 3862 noso

255 3893 361 3957 bisin
383 3910 534 3976 praesens
556 3898 682 3976 tempus
705 3891 808 3976 legem
831 3891 1113 3976 conditionemque
1137 3891 1156 3926 *
1170 3889 1220 3926 *⁴*
1346 3903 1355 3922 ·

343 3985 423 4050 Cum
450 3985 697 4050 adolescentiam
727 3987 864 4063 noteris,
891 4006 966 4050 cum
996 3985 1156 4071 reliquum
1177 3993 1301 4070 tempus
1323 3986 1436 4051 notetis
1457 3987 1592 4073 turpitu-

258 4080 345 4145 dinis
366 4079 498 4143 mnculis
518 4079 756 4162 consperseris,
779 4101 850 4143 cum
871 4079 1063 4164 privatnmm
1085 4099 1192 4144 rerum
1206 4079 1331 4156 mines,
1353 4101 1425 4145 cum
1441 4080 1592 4147 domesti-

256 4193 310 4238 cas
332 4172 436 4248 lebes,
469 4192 540 4236 cum
569 4172 722 4236 urbanam
746 4172 926 4249 infamiam,
960 4194 1031 4237 cum
1053 4173 1241 4259 Hispaniae,
1272 4173 1410 4249 Gallice,
1445 4173 1590 4250 Ciliciae,

258 4266 386 4342 Cretae,
414 4266 530 4350 quibus
557 4266 592 4329 in
623 4267 795 4350 provinciis
817 4287 882 4330 non
905 4268 1040 4332 obscure
1061 4274 1204 4334 versutus
1225 4276 1292 4345 est,
1320 4267 1397 4332 ritis
1419 4275 1451 4332 ct
1471 4268 1629 4352 flagitioso

256 4361 443 4445 protuleris,
471 4367 540 4424 tum
562 4359 718 4444 denique,
749 4361 826 4445 quid
848 4363 1003 4426 Tmolitae
1026 4369 1058 4426 et
1078 4362 1249 4446 Lorymeni
1271 4362 1311 4426 dc
1333 4362 1368 4425 L.
1390 4361 1503 4426 Flacco
1525 4363 1592 4426 exi·

257 4453 403 4530 stiment,
435 4453 609 4518 audiemus.
654 4453 758 4530 Quem
785 4474 862 4518 vero
891 4463 939 4520 tot
968 4463 1033 4520 tem
1061 4475 1238 4540 paresque
1264 4455 1446 4540 provinciae
1468 4458 1591 4521 salvum

258 4568 330 4612 esse
359 4547 501 4634 cupient,
533 4568 629 4633 quem
657 4547 784 4632 plurimi
814 4549 898 4613 cives
925 4555 990 4613 tote
1019 4569 1059 4613 ex
1088 4548 1179 4612 Itulie
1201 4548 1337 4614 devincti
1358 4549 1592 4616 necessitudine

325 4801 351 4853 4.
369 4801 459 4853 meac
474 4800 494 4852 T
512 4826 540 4836 -
559 4799 885 4851 4444444444--4444444444
901 4799 984 4851 hebet
1000 4801 1061 4855 Βι-
1080 4801 1104 4850 2.
1124 4799 1192 4865 44444]
1210 4800 1277 4862 cuod
1292 4800 1341 4851 ΡΑ
1360 4827 1388 4839 -
1407 4802 1432 4855 3.
1449 4804 1591 4858 444ὸί44οά.

258 4875 449 4928 llcmmieuus:
468 4873 537 4926 bonis
553 4875 655 4925 STAF
674 4898 702 4911 -
722 4875 800 4925 4444444
811 4876 830 4925 T
843 4877 870 4926 ct
886 4876 957 4940 prs
976 4901 1004 4910 -
1023 4876 1047 4926 8.
1062 4874 1286 4927 eonooncocese:
1305 4876 1440 4928 4444444444
1455 4881 1547 4934 ceteri.
1562 4907 1589 4919 —

259 4951 300 5000 40.
315 4949 412 5012 cepeto
422 4948 613 5013 Pentegethus:
631 4949 723 5012 repulit
734 4949 752 5000 B
762 4952 782 5000 Α
792 4949 822 5006 F,
841 4949 949 5012 reppulit
960 4950 987 4998 S.
1005 4949 1074 5000 Fert.
1085 4950 1190 5013 pepulit.
1200 4978 1234 4987 -
1245 4949 1379 5016 llcpctitur]
1390 4954 1589 5017 roptcorTA-

258 5024 377 5088 tt.ccpit
393 5024 480 5075 STA:
500 5023 596 5086 4444444
611 5037 659 5074 «ει
677 5037 730 5074 uno
747 5022 944 5074 tantumlibro·
959 5024 1044 5074 ΗΟ.
1064 5024 1246 5088 045404-
1261 5039 1309 5076 cor
1324 5025 1529 5080 soh-wrcen
1543 5029 1594 5081 he·

259 5096 307 5148 444
325 5098 345 5148 Β
367 5123 395 5133 —
418 5096 460 5148 44.
476 5097 554 5147 cece
570 5099 587 5147 s
605 5122 632 5132 —
653 5098 694 5147 44.
713 5098 874 5160 4444444444,
891 5104 979 5149 coeam
995 5103 1049 5149 tom
1063 5092 1373 5152 crummsz'conencmc
1387 5106 1474 5152 44444
1489 5108 1544 5154 coo
1558 5109 1595 5156 44

257 5177 312 5222 tucn
328 5173 359 5231 ες
377 5176 430 5222 teon
446 5176 481 5221 oct
495 5177 582 5223 utnon
598 5176 651 5221 com
668 5173 730 5235 (om
743 5174 900 5237 4444444444)
913 5175 933 5224 Τ
946 5186 1009 5224 cum
1025 5187 1123 5225 novem
1134 5173 1214 5224 codd.
1227 5176 1465 5239 Legomsrsinlenis
1477 5182 1504 5228 44
1515 5181 1594 5242 qust-

258 5251 320 5298 tuor
336 5247 542 5308 oxoniensibus;
564 5253 609 5298 444
631 5252 666 5297 444
687 5252 773 5297 444444
789 5252 843 5298 tom
859 5260 929 5299 unus
946 5249 1029 5299 Oxou.
1049 5251 1076 5299 44
1091 5261 1147 5300 sex.
1166 5250 1291 5312 Legem.;
1312 5251 1475 5302 4444444444·
1495 5259 1595 5304 motus

258 5328 295 5374 444
310 5327 397 5373 utrum
419 5326 472 5372 4444
488 5325 527 5382 Α;
548 5323 715 5373 contendent:
735 5326 822 5372 444444
841 5328 925 5373 tomen
946 5323 993 5373 Fl.
1016 5350 1044 5360 -
1066 5324 1299 5374 ooctrtom.s—
1322 5325 1362 5374 49.
1382 5326 1591 5387 concretius:

259 5397 332 5461 Quod
348 5397 367 5448 B
388 5422 416 5433 -
435 5397 535 5460 044444]
553 5397 664 5448 moereo
681 5394 800 5447 Orellius.
818 5423 853 5433 -
875 5397 915 5448 24.
934 5398 1076 5463 4444444444]
1098 5399 1164 5460 Quid
1179 5398 1281 5448 44444444
1296 5398 1414 5450 4444444444
1429 5401 1595 5453 mosem

258 5476 391 5523 4444444444
407 5483 471 5522 cum
487 5471 581 5522 Botere
598 5472 619 5522 0
636 5497 663 5507 -
687 5471 729 5521 26.
747 5471 968 5536 conculcemus]
990 5471 1182 5524 occiderentur
1198 5471 1324 5524 undecim
1340 5486 1436 5527 versus
1455 5475 1595 5528 duodene-

259 5559 321 5598 rum
343 5546 399 5598 tere
420 5544 581 5605 litterarum
605 5547 818 5609 4444444444444
833 5552 954 5607 44444444,
979 5551 1008 5596 ot
1023 5547 1174 5610 4444444444
1189 5553 1290 5598 scaros
1305 5549 1340 5598 od
1355 5554 1532 5600 4444444444
1547 5564 1595 5602 44-

259 5619 1162 5684 4444444444444444444444,444444444444444444444444444444444,
1181 5623 1594 5687 444444444444444444444-

260 5695 603 5747 dscttcumlteicroo-
626 5696 915 5747 neocorensem
936 5724 964 5734 -
986 5697 1174 5749 444444440-
1198 5697 1595 5761 tiliodium-lm

261 5769 442 5822 llclnrichlus:
463 5771 555 5822 444444
572 5771 605 5830 (33
631 5770 780 5832 Dorylenses
796 5771 987 5823 Mommsenius
1005 5769 1064 5824 coll.
1083 5770 1098 5835 fi
1115 5771 1156 5823 39.
1173 5798 1208 5811 -
1230 5771 1270 5823 ³3.
1288 5773 1465 5824 mecm
1480 5785 1512 5823 44
1526 5778 1596 5825 octu-

261 5850 351 5898 stotcm
362 5847 396 5908 c;
413 5847 598 5898 44444444444444
611 5851 734 5898 4444444444
746 5849 838 5900 Metus.
857 5846 926 5898 «sed
940 5853 1051 5899 44444444
1066 5846 1144 5914 plene
1161 5847 1206 5899 hic
1221 5847 1329 5913 ponitur
1338 5848 1595 5914 promosset-

262 5921 301 5973 444
315 5933 339 5973 4.
355 5922 538 5986 maeotim,
555 5925 586 5975 ut
600 5923 629 5974 tn
645 5921 785 5976 Plencicne
801 5935 825 5976 o.
843 5921 886 5988 444,
903 5921 952 5975 ubi
967 5921 1077 5976 consule
1093 5924 1291 5977 dentouium.»
1307 5924 1354 5976 οι.
