3800 7350
669 1246 742 1313 cn.
764 1245 960 1313 xv-xvr.
986 1241 1033 1329 ss
1054 1240 1202 1309 at-as.
1547 1239 1612 1310 oar

282 1425 381 1485 strata
401 1416 615 1501 respublica,
638 1424 757 1482 utnon
778 1417 906 1481 nuntios
927 1416 1016 1501 pacis
1038 1435 1075 1479 ac
1096 1414 1191 1490 belli,
1213 1434 1279 1477 non
1293 1420 1453 1489 oratores,
1474 1433 1539 1479 non
1560 1414 1610 1478 in·

282 1520 453 1597 terpretes,
475 1532 539 1575 nou
557 1511 662 1575 bellici
677 1512 800 1576 consilii
815 1518 976 1585 auctores,
997 1529 1063 1572 non
1078 1509 1238 1571 ministros
1253 1510 1393 1571 muneris
1406 1507 1610 1592 provincialis

281 1614 410 1672 senatus
437 1625 527 1669 more
556 1606 710 1669 maiorum
732 1604 872 1689 deligere
893 1606 1027 1688 posseti
1070 1599 1122 1666 36.
1143 1602 1315 1685 Eripueras
1337 1602 1460 1667 senatui
1481 1604 1612 1686 provin·

281 1700 350 1763 ciac
381 1699 598 1764 decernendae
631 1706 835 1784 potestatem,
869 1698 1069 1782 imperatoris
1104 1694 1264 1778 deligendi
1297 1696 1465 1773 iudicium,
1497 1696 1610 1761 aerarii

281 1793 571 1877 dispensationem,
593 1814 674 1878 quae
695 1813 867 1877 numquam
888 1792 1026 1877 populus
1048 1792 1087 1854 ab
1108 1790 1221 1854 summi
1238 1790 1363 1853 consilii
1382 1790 1635 1872 gubernationes

281 1888 406 1953 aniene
429 1898 560 1954 conatus
583 1896 640 1953 est.
680 1890 763 1972 Age,
784 1889 901 1953 iactum
924 1895 973 1952 est
994 1888 1107 1951 borum
1129 1885 1250 1969 aliquid
1272 1885 1306 1948 in
1327 1885 1415 1962 aliis3
1444 1907 1531 1963 raro,
1554 1886 1610 1951 sed

282 1992 388 2048 temen
408 1984 527 2048 iactum
549 1991 614 2058 est,
641 1990 676 2046 ut
697 1984 836 2067 populus
859 1983 1013 2065 deligeret
1034 1982 1273 2065 imperatorem:
1306 1980 1379 2063 quis
1401 1980 1522 2064 legatos
1542 2002 1612 2044 um·

283 2097 378 2162 quam
400 2078 522 2142 audivit
543 2079 611 2142 sine
634 2086 762 2141 senatus
784 2077 952 2141 consultot
981 2078 1063 2138 Ante
1084 2084 1117 2138 te
1138 2093 1251 2149 nemo;
1273 2079 1346 2156 post
1367 2078 1517 2140 contiuuo
1535 2076 1613 2139 iecit

281 2170 366 2236 idem
395 2172 429 2235 iu
457 2172 581 2236 duobus
607 2172 759 2256 prodigiis
787 2172 834 2235 rei
861 2171 1006 2254 publicae
1029 2168 1177 2234 Clodiusz
1213 2188 1276 2252 quo
1305 2168 1400 2231 etiam
1428 2171 1548 2234 maiore
1576 2190 1611 2234 es

281 2267 366 2331 malo
395 2267 595 2341 mactandus,
625 2266 711 2351 quod
740 2286 804 2329 non
833 2265 935 2329 solum
963 2264 1046 2327 iacto
1076 2271 1149 2338 tuo,
1179 2264 1234 2327 sed
1257 2262 1352 2326 etiam
1374 2262 1522 2345 exemplo
1542 2283 1648 2333 remeo

280 2360 440 2446 publicam
466 2361 657 2436 vulnerasti,
690 2380 795 2444 neque
825 2366 945 2423 tantum
973 2360 1042 2444 ipse
1067 2377 1100 2421 es
1129 2357 1305 2443 improbus,
1338 2357 1395 2419 sed
1417 2356 1511 2421 etiam
1531 2358 1611 2423 alios

282 2454 399 2519 docere
420 2454 558 2519 voluisti.
592 2454 640 2518 Ob
661 2453 757 2518 hasce
773 2473 882 2517 omnes
897 2472 947 2516 res
963 2454 1086 2516 sciasne
1103 2458 1134 2515 te
1149 2451 1421 2515 severissimorum
1435 2449 1611 2528 bominum,

283 2549 487 2624 Sabinorum,
508 2548 752 2613 fortissimorum
773 2549 929 2624 virorum,
952 2549 1129 2611 Marsorum
1151 2554 1183 2610 et
1207 2547 1428 2629 Paelignorum
1449 2545 1611 2610 tribulium

282 2651 422 2719 tuorum,
444 2643 564 2707 iudicio
586 2650 748 2718 notatum,
769 2662 829 2706 nec
849 2651 923 2727 post
937 2643 1068 2706 Romam
1082 2641 1242 2705 conditam
1264 2648 1390 2724 praeter
1411 2647 1443 2705 te
1462 2640 1611 2706 tribulem

283 2756 476 2822 quemquam
498 2738 615 2801 tribum
638 2737 781 2819 Sergiam
803 2736 1003 2820 perdidisset
1620 2756 1649 2803 rt

366 2828 417 2895 37.
438 2835 542 2915 Atque
572 2830 653 2895 illud
683 2831 778 2894 etiam
799 2829 910 2894 audire
932 2832 972 2894 de
994 2837 1026 2894 te
1048 2829 1157 2914 cupio,
1188 2849 1303 2914 quare,
1331 2850 1405 2894 cum
1426 2850 1486 2915 ego
1508 2832 1611 2915 legem

283 2926 324 2992 de
346 2927 464 2990 ambitu
493 2925 618 2989 tulerim
641 2945 681 2988 ex
707 2924 1022 2999 senatusconsulto,
1050 2924 1175 2988 tulerim
1202 2924 1271 2988 siue
1293 2925 1339 3000 ri,
1368 2926 1495 2991 tulerim
1516 2927 1612 2991 salvis

283 3020 452 3107 auspiciis,
474 3019 602 3083 tulerim
623 3020 710 3083 salva
731 3020 801 3102 lege
815 3020 906 3083 Aelio
919 3026 951 3082 et
964 3019 1070 3093 Fufia,
1092 3024 1127 3082 tu
1143 3037 1212 3081 eam
1228 3039 1298 3082 esse
1312 3019 1415 3103 legem
1430 3041 1495 3084 non
1508 3029 1611 3105 putes,

281 3115 467 3201 praesertim
488 3134 559 3178 cum
582 3133 642 3197 ego
664 3113 788 3196 legibus
802 3115 883 3187 tuis,
907 3113 1148 3197 quoquomodo
1165 3113 1352 3188 lataesunt,
1372 3134 1516 3199 paream:
1539 3136 1611 3179 cum

282 3228 354 3273 mea
375 3208 427 3271 lex
450 3207 589 3272 dilucide
610 3216 695 3270 vetet
720 3208 867 3271 «biennio
890 3228 955 3291 quo
978 3207 1049 3290 quis
1071 3212 1157 3289 petat
1177 3207 1374 3289 petiturusve
1396 3210 1438 3272 sit
1459 3210 1649 3293 gladiato-so

281 3324 333 3368 res
356 3302 447 3378 dare,
470 3302 533 3364 nisi
548 3320 589 3364 ex
603 3308 792 3365 testamento
807 3301 993 3384 praestituta
1008 3301 1096 3363 dier:
1119 3320 1201 3383 quae
1216 3308 1302 3365 tanta
1316 3302 1349 3364 in
1363 3308 1395 3366 te
1409 3304 1451 3366 sit
1465 3305 1611 3378 amentia,

282 3403 319 3462 ut
340 3398 373 3460 in
395 3399 465 3481 ipsa
484 3396 640 3480 petitione
663 3394 854 3478 gladiatores
876 3394 995 3458 audeas
1018 3395 1115 3457 darei
1137 3415 1214 3457 num
1237 3415 1331 3479 quem
1353 3404 1444 3479 putes
1463 3398 1549 3461 illius
1564 3400 1611 3461 tui

283 3491 450 3555 certissimi
472 3489 654 3573 gladiatoris
676 3489 813 3552 similem
832 3489 993 3552 tribunum
1008 3488 1052 3571 pl.
1068 3508 1163 3572 posse
1179 3489 1322 3571 reperiri,
1345 3491 1401 3574 qui
1424 3511 1457 3554 se
1472 3493 1612 3575 interpo-

283 3593 338 3649 nat
354 3605 419 3670 quo
443 3585 546 3648 minus
568 3603 641 3647 reus
663 3603 734 3646 mea
755 3584 826 3667 lege
846 3583 926 3646 fias‘i
954 3584 1037 3646 xvi.
1052 3578 1104 3644 38.
1119 3585 1165 3645 Ac
1179 3583 1206 3645 si
1220 3581 1299 3646 baec
1315 3584 1423 3648 omnia
1437 3587 1611 3651 contemnis

283 3702 321 3746 ao
344 3679 500 3765 despicis,
523 3677 610 3761 quod
631 3680 674 3742 ita
695 3679 753 3741 tibi
776 3677 988 3763 persuaseris,
1010 3684 1045 3741 ut
1065 3677 1171 3761 palam
1194 3678 1334 3754 dictitas,
1355 3686 1387 3744 44
1405 3678 1455 3743 dis
1474 3681 1649 3751 homini-ss

284 3776 407 3859 busque
436 3774 543 3837 invitis
570 3792 675 3836 amore
703 3772 735 3835 in
762 3781 794 3835 te
815 3771 993 3836 incredibili
1016 3772 1155 3856 quodam
1177 3772 1211 3835 C.
1234 3772 1377 3837 Caesaris
1399 3776 1505 3838 omnia
1528 3795 1611 3860 quae

284 3869 364 3933 velis
386 3874 645 3930 consecuturum:
668 3866 784 3949 ecquid
805 3866 959 3939 audieris,
982 3867 1167 3950 ecquisnam
1189 3866 1247 3929 tibi
1264 3866 1381 3930 dixerit
1396 3868 1430 3932 G.
1446 3869 1612 3934 Caesarem

284 3982 387 4048 nuper
407 3961 588 4046 Aquileiae,
618 3981 689 4025 cum
711 3963 751 4024 de
774 3961 964 4045 quibusdam
986 3967 1071 4024 esset
1091 3961 1212 4024 mentio
1231 3959 1329 4036 iacta,
1358 3960 1479 4027 dixisse
1503 3962 1535 4026 C.
1557 3962 1611 4025 Al-

348 4226 373 4275 4.
390 4228 419 4275 ot
433 4236 484 4273 444
495 4247 532 4260 --
543 4222 687 4286 interpretes
703 4221 786 4273 babet
801 4224 823 4273 A
842 4248 869 4259 -
888 4227 1002 4273 oratores
1017 4223 1053 4283 A,
1078 4222 1108 4272 ut
1123 4218 1277 4272 Gulielmius
1293 4218 1427 4272 voluerat:
1445 4226 1575 4274 4444444444
1591 4225 1611 4276 Ρ

284 4300 333 4352 440
350 4325 378 4337 -
396 4300 422 4349 4.
439 4297 548 4348 miniari
565 4294 596 4363 G¹
615 4324 641 4334 -
661 4296 858 4360 prootnrtcttsl’
878 4323 904 4333 -
917 4296 949 4348 ·3,
967 4297 1090 4347 4444444444
1105 4292 1176 4347 1³¹-
1194 4295 1297 4362 ditipere
1313 4297 1345 4355 1²3
1363 4296 1425 4347 hinc
1441 4296 1534 4349 Lamb.
1552 4299 1612 4350 dite·

282 4387 340 4441 pere
353 4401 381 4410 -
395 4377 479 4437 posset
495 4371 571 4424 edd:
586 4372 664 4435 possit
680 4371 759 4423 codd.
772 4373 841 4432 noti,
859 4371 918 4422 iort.
932 4374 1016 4431 recte,
1034 4372 1057 4421 si
1073 4373 1174 4423 44444444
1189 4373 1310 4436 tempore
1321 4374 1456 4436 praesenti
1467 4373 1566 4426 acerbe
1577 4376 1612 4426 si·

283 4449 408 4515 gnidcori,
426 4449 529 4500 tristem
545 4444 616 4498 illam
631 4449 740 4498 senatus
751 4446 930 4498 conditionem
941 4446 1045 4495 Vatinio
1056 4448 1136 4497 etiam
1147 4459 1218 4497 nunc
1229 4445 1313 4497 videri
1325 4458 1444 4499 monere.
1460 4476 1488 4486 -
1502 4450 1611 4511 prosis-

283 4527 399 4577 4444)-
412 4521 437 4574 4.
450 4517 577 4573 4444444)1
591 4547 617 4559 -
632 4523 657 4572 d.
670 4535 736 4585 quoe
751 4520 938 4584 4444444444
955 4521 1612 4586 emmicoeeitiipsbmsctioseoetemconotusest

283 4600 390 4665 scripsi:
408 4611 474 4660 qaae
489 4610 620 4660 nusquam
635 4601 682 4647 444
697 4598 788 4647 4444444
803 4596 890 4647 consili
907 4595 1011 4658 (consiiii
1021 4598 1101 4660 corr.)
1117 4593 1298 4662 4444444444ηὸ
1310 4597 1413 4660 cotem
1422 4605 1526 4650 44444444
1535 4606 1570 4651 est
1580 4603 1609 4663 P,

284 4673 333 4727 sed
349 4677 410 4740 post
425 4686 556 4736 4444444444
572 4685 610 4724 m.
628 4673 652 4722 4.
671 4673 820 4723 recentiore
838 4673 1048 4736 superscriptum
1066 4674 1124 4724 est:
1141 4674 1188 4723 sibi
1201 4674 1382 4737 proppetioit
1399 4673 1442 4736 qai
1456 4687 1609 4737 meipsum

283 4763 348 4814 quoe
367 4762 505 4812 4444444444
526 4748 572 4800 sibi
591 4749 698 4812 popolus
717 4750 746 4800 li.
764 4749 883 4811 appetivit
899 4749 943 4810 qai
965 4760 1103 4810 4444444444
1119 4754 1165 4798 cut
1179 4749 1270 4799 4444444
1290 4749 1387 4800 44444444
1406 4748 1612 4814 matinen

283 4831 328 4877 444
342 4825 409 4889 terre
424 4830 528 4875 4444444
543 4829 579 4874 est
595 4825 630 4885 G;
655 4837 719 4886 quoe
738 4836 868 4887 conquam
883 4822 929 4873 sibi
952 4837 1011 4886 pop.
1029 4824 1058 4873 li.
1077 4824 1209 4886 appetivit,
1233 4821 1246 4851 s
1261 4824 1305 4886 qai
1319 4836 1449 4885 44444444
1465 4837 1484 4873 4
1497 4837 1527 4874 re
1539 4823 1610 4887 publ.

282 4901 373 4951 44444444
388 4899 483 4949 cocali
498 4899 703 4964 pubemotioam
719 4899 772 4962 aas.
791 4912 846 4948 con.
863 4899 930 4948 estO
947 4898 1002 4962 (qui
1017 4912 1164 4961 amnqaosn,
1181 4903 1210 4948 44
1220 4904 1260 4960 ta,
1278 4899 1369 4949 sesami
1379 4897 1542 4962 444444444υὸ.
1555 4899 1611 4961 oss.

281 4989 336 5027 coa.
354 4980 389 5026 est
404 4973 482 5025 Orelli
498 4976 524 5056 4ἵ
542 4973 614 5038 quod
631 4975 733 5039 recepit
748 4972 883 5034 dicitius.)
899 4971 1071 5036 Reliquorum
1087 4974 1224 5025 hominum
1242 4973 1407 5025 eruditorum
1423 4974 1568 5024 tentamina
1584 4988 1610 5025 v.

282 5053 309 5102 in
326 5049 371 5102 ed.
388 5062 450 5101 mea
466 5051 535 5115 Lips.
555 5064 582 5114 p.
596 5051 652 5100 444.
673 5076 700 5086 -
719 5049 744 5099 8.
762 5050 815 5100 4444
832 5049 909 5099 .S.c.
927 5050 989 5098 P-
1005 5052 1061 5111 post
1076 5049 1142 5099 444444
1156 5050 1216 5112 {ecit
1230 5051 1258 5098 ic
1274 5050 1368 5099 (444444
1379 5050 1503 5114 prodipiis
1514 5050 1613 5102 Clodios

282 5124 365 5176 babet
379 5126 401 5174 A
419 5150 447 5159 -
473 5125 514 5174 to.
533 5137 582 5186 qao
599 5121 641 5186 (³¹,
663 5125 730 5184 qaod
747 5117 777 5173 (³²
796 5149 822 5159 -
847 5123 887 5173 44.
906 5123 999 5185 ipsese
1015 5123 1221 5185 4444444444
1245 5137 1271 5173 es
1287 5125 1362 5187 44444.
1379 5124 1431 5186 ipse
1447 5124 1526 5177 codd.
1544 5125 1610 5177 dett.

281 5201 310 5250 et
325 5198 358 5257 0;
382 5197 416 5248 ct.
434 5197 521 5247 lladv.
539 5211 567 5261 p.
585 5196 641 5247 443.
671 5224 698 5233 -
726 5197 766 5247 44.
786 5195 821 5246 04
842 5196 914 5246 boae
935 5208 976 5246 ree
987 5223 1001 5233 -
1013 5223 1027 5234 -
1038 5198 1153 5261 Sergiam
1171 5198 1307 5260 perdidisse
1331 5210 1385 5248 om.
1403 5199 1431 5249 in
1441 5199 1526 5250 codd.
1544 5199 1610 5252 dett.

280 5273 399 5325 Primum
416 5272 585 5323 inveniuntur
601 5273 626 5322 in
638 5270 682 5322 ed.
696 5272 767 5322 Crat.
780 5272 853 5331 4448,
872 5269 920 5322 sed
937 5273 999 5334 post
1014 5271 1066 5335 ispe
1080 5274 1130 5336 ptos
1146 5285 1171 5321 v.
1182 5271 1214 5322 44
1226 5270 1361 5323 collocata.
1379 5273 1480 5325 Vemm
1490 5273 1611 5326 ordinem

281 5361 315 5399 ex
326 5345 404 5398 codd.
414 5347 516 5411 primus
528 5346 619 5398 bamb.
631 5347 753 5398 restituit.
762 5371 789 5382 -
803 5345 882 5395 omnia
892 5345 971 5395 PG—
986 5344 1025 5395 43.
1038 5346 1196 5410 Peiipeortsm
1207 5346 1269 5405 C03
1288 5345 1323 5396 ci.
1337 5360 1364 5412 p.
1375 5347 1463 5399 999.-
1477 5348 1517 5399 ib.
1527 5361 1612 5410 444444-

281 5425 368 5488 qaom]
385 5437 458 5486 queen
468 5425 515 5475 PG
527 5448 555 5459 -
569 5424 610 5473 46.
622 5424 700 5473 etiam
714 5423 777 5472 iliud
793 5420 852 5472 cod.
867 5418 960 5471 Lamo.
974 5447 1002 5457 -
1020 5422 1109 5470 4444444
1126 5422 1156 5471 de
1171 5425 1194 5470 te
1205 5419 1283 5471 Orelli
1296 5421 1328 5484 (4)
1339 5436 1345 5470 :
1363 5424 1393 5473 de
1409 5427 1433 5473 te
1449 5424 1538 5475 cades
1548 5425 1609 5477 eod.

283 5501 375 5552 Frisa
391 5512 436 5550 me
453 5496 577 5558 collatus,
595 5500 685 5550 oadire
701 5504 724 5549 te
739 5497 812 5559 PG¹;
830 5498 890 5547 cod.
909 5510 942 5546 ecc
959 5501 982 5545 te
999 5498 1019 5546 G
1035 5508 1104 5547 corr.
1122 5507 1159 5546 m.
1177 5496 1203 5557 4,
1221 5498 1251 5545 ui
1268 5495 1360 5547 lamb.
1380 5499 1408 5548 et
1423 5496 1536 5562 iladvig.
1548 5512 1612 5551 eon·

280 5577 416 5637 iecerunt,
434 5577 494 5626 aad.
512 5579 553 5624 444
569 5574 589 5625 0
608 5601 635 5610 -
654 5575 694 5625 tr.
713 5587 746 5625 44
763 5574 800 5624 ,8.
818 5573 845 5625 c.
863 5573 883 5622 Ρ
902 5598 929 5608 -
947 5571 1025 5621 colob
1042 5570 1118 5622 edd:
1137 5571 1227 5622 4444444
1242 5573 1293 5622 PG
1311 5599 1339 5609 -
1361 5572 1401 5623 48.
1419 5573 1527 5636 despuis
1542 5576 1562 5625 P
1580 5600 1608 5611 -

281 5651 381 5704 44444444
396 5650 470 5701 scias
485 5650 549 5701 PG:
570 5648 670 5699 44444444
687 5660 740 5701 om.
759 5649 779 5699 0
796 5659 901 5707 erroro,
919 5659 946 5696 v.
965 5646 1050 5697 iladv.
1068 5660 1095 5712 p.
1113 5645 1172 5699 4444.
1193 5674 1220 5684 -
1239 5647 1317 5712 444444
1333 5661 1382 5699 esse
1398 5648 1420 5698 G
1438 5674 1464 5684 -
1485 5648 1525 5699 ta.
1543 5648 1611 5701 lotoe

280 5727 331 5777 siet
351 5727 397 5776 sl.
416 5751 444 5763 -
466 5723 508 5774 44.
525 5735 586 5772 assa
602 5719 644 5773 G²z
667 5736 734 5772 4444
748 5719 808 5773 PG¹
827 5745 854 5759 -·
876 5720 918 5772 43.
932 5734 1006 5784 posse
1020 5722 1127 5785 repersi
1143 5721 1221 5773 edd:
1239 5735 1290 5774 esse
1305 5723 1413 5786 reperii
1428 5723 1524 5784 codd.;
1548 5725 1608 5776 tort.

281 5799 388 5863 reperiri
405 5797 578 5862 (44444)-
591 5795 860 5863 ii.flasl.embinus:
876 5798 923 5862 4444
938 5799 983 5848 PG
997 5823 1024 5834 -
1037 5797 1188 5860 msteespeis
1203 5800 1289 5850 PG·
1307 5798 1400 5850 4444444
1414 5800 1473 5850 PG:
1491 5800 1607 5851 444440-

281 5874 469 5927 sedeo-
487 5873 741 5935 caosttsoocorr.
759 5875 786 5925 in
802 5885 867 5938 quoe
883 5874 1026 5936 petieris-
1044 5874 1086 5925 44.
1103 5874 1241 5937 ecquidl’:
1258 5874 1385 5938 lioecqui
1401 5876 1465 5925 G·
1482 5876 1609 5940 Adsequit-

282 5961 344 6000 m
359 5949 400 6001 444
416 5949 476 6016 (per
491 5949 590 6017 comp.)
607 5949 701 6002 diesis
716 5951 737 6002 G
755 5977 783 5988 -
802 5949 829 6004 d.
842 5948 1115 6003 Coesorem--toiisse
1130 5946 1213 6000 habet
1228 5951 1250 6001 A
1268 5975 1296 5986 -
1314 5948 1356 6000 48.
1374 5961 1524 6015 saperem
1542 5951 1573 6004 A.
