3800 7350
318 1164 382 1231 906
696 1168 750 1235 DE
771 1169 1030 1236 mavsrlcuu
1050 1169 1268 1237 RESPONSlS

319 1343 351 1400 et
379 1359 450 1401 cum
480 1338 566 1402 illius
596 1340 755 1403 Pisoniani
783 1340 934 1423 temporis
960 1340 1191 1425 Gabinianique
1214 1340 1397 1404 terroribus.
1442 1341 1544 1417 Quem
1567 1364 1639 1407 cum

318 1432 531 1513 egredientem
560 1433 686 1516 insequi
715 1434 907 1516 coepissem,
935 1436 1006 1516 cepi
1028 1432 1174 1517 equidem
1195 1432 1331 1496 fructum
1353 1435 1523 1498 maximum
1546 1442 1641 1499 etex

320 1525 575 1590 consurrectione
598 1527 738 1589 omnium
760 1534 898 1590 vestrum
921 1535 954 1590 et
975 1548 1015 1590 ex
1036 1529 1185 1590 comitatu
1207 1527 1457 1609 publicanorum.
1489 1529 1552 1593 Sed
1567 1549 1641 1593 rae·

282 1637 389 1692 cors
416 1626 546 1700 repente
575 1620 644 1683 sine
672 1641 730 1683 suo
759 1620 865 1695 vultu,
896 1620 965 1685 sine
994 1622 1116 1695 colore,
1148 1621 1215 1683 sine
1237 1640 1315 1683 voce
1338 1622 1494 1685 constitit:
1525 1622 1641 1686 deinde

294 1712 457 1819 arespexit
486 1719 518 1774 et
546 1713 639 1776 simul
668 1720 766 1797 atque
796 1714 851 1777 Cn.
873 1714 1044 1778 Lentulum
1074 1714 1235 1777 consulem
1258 1713 1417 1822 adspexit,
1446 1715 1615 1778 concidit
1605 1736 1641 1778 ιιι

317 1805 423 1867 curiae
445 1825 546 1887 paene
567 1806 693 1881 limine,
721 1807 956 1882 recordatione,
986 1806 1099 1881 credo,
1130 1807 1252 1871 Gabinii
1276 1807 1324 1869 sui
1347 1807 1569 1891 desiderioque
1590 1809 1642 1871 Pi-

316 1899 414 1961 sonis.
450 1899 546 1963 Cuius
575 1920 634 1982 ego
660 1900 699 1963 de
722 1902 873 1964 effrenato
896 1909 929 1965 et
956 1900 1120 1984 praecipiti
1146 1898 1253 1963 furore
1275 1899 1351 1984 quid
1374 1900 1499 1964 dicam?
1534 1902 1643 1964 Potest

316 1992 511 2073 gravioribus
537 2013 556 2056 a
583 2012 634 2055 me
656 1993 760 2057 verbis
782 1995 940 2058 vulnerari
964 2015 1057 2078 quam
1084 2003 1132 2058 est
1153 1994 1257 2057 statim
1279 1994 1312 2055 in
1333 1992 1416 2057 iacto
1438 1994 1509 2076 ipso
1531 2013 1551 2056 a
1572 2014 1641 2076 gra·
1746 2024 1751 2038 ·

316 2084 444 2149 sissimo
465 2085 553 2161 viro,
574 2088 608 2149 P.
631 2088 780 2163 Servilio,
803 2088 964 2152 coniectus
986 2108 1024 2152 ac
1045 2087 1242 2152 trucidatus?
1275 2088 1365 2152 cuius
1386 2089 1413 2151 si
1436 2088 1499 2150 iam
1521 2088 1586 2151 rim
1608 2095 1641 2152 et

279 2190 307 2238 so
317 2180 500 2260 gravitatem
527 2180 614 2246 illam
642 2182 835 2265 singularem
856 2203 894 2246 ao
915 2203 1019 2264 paene
1042 2183 1180 2246 divinam
1208 2181 1336 2265 assequi
1358 2201 1503 2268 possem,
1533 2188 1639 2244 tamen

316 2290 381 2334 non
403 2270 513 2336 dubito
536 2275 615 2357 quin
638 2294 675 2338 ea
697 2275 777 2351 tela,
800 2296 881 2360 quae
903 2275 1076 2339 coniecerit
1095 2275 1257 2348 inimicus,
1280 2294 1375 2357 quam
1397 2294 1445 2349 ea,
1468 2294 1551 2358 quae
1573 2276 1639 2339 col·

316 2363 387 2448 lega
407 2369 505 2449 patris
527 2367 647 2442 emisit,
669 2368 787 2432 leviora
808 2377 904 2452 atque
925 2368 1089 2432 hebetiora
1111 2387 1181 2431 esse
1203 2367 1378 2431 rideantur.

401 2459 440 2521 ll.
462 2456 492 2521 3.
524 2460 586 2525 Sed
614 2469 720 2525 tamen
749 2462 812 2526 mei
839 2462 915 2525 iacti
943 2463 1098 2526 rationem
1120 2481 1281 2544 exponere
1303 2461 1365 2524 illis
1386 2461 1477 2536 volo,
1507 2462 1563 2546 qui
1584 2461 1640 2525 be-

316 2559 424 2617 sterno
447 2553 499 2617 die
521 2554 629 2617 dolore
651 2574 701 2618 me
725 2556 842 2619 elatum
865 2564 897 2619 et
916 2555 1082 2619 iracundia
1103 2554 1229 2637 longius
1250 2574 1348 2638 prope
1369 2574 1572 2637 progressum
1590 2574 1639 2617 ar·

280 2646 528 2722 sobitrabantur,
551 2668 646 2731 quam
668 2649 821 2731 sapientis
842 2649 979 2712 bominis
994 2650 1131 2731 coplata
1144 2648 1225 2710 ratio
1247 2647 1474 2755 postulasset
1471 2647 1556 2711 Nihil
1576 2647 1638 2711 ieci

315 2741 428 2816 iratus,
449 2743 530 2817 nihil
552 2742 717 2850 impotenti
740 2744 865 2818 animo,
888 2742 969 2808 nihil
991 2762 1057 2806 non
1080 2742 1134 2805 diu
1157 2740 1389 2804 consideratum
1403 2761 1440 2805 ac
1455 2718 1553 2805 multo
1567 2749 1639 2804 ante

315 2835 508 2900 meditatum.
536 2836 605 2920 Ego
628 2835 711 2898 enim
734 2854 802 2909 me,
824 2843 930 2920 patres
953 2835 1142 2917 conscripti,
1163 2834 1325 2897 inimicum
1348 2854 1471 2919 semper
1485 2855 1555 2898 esse
1569 2855 1640 2919 pro-

315 2927 418 2993 fessus
441 2951 510 2993 sum
533 2928 675 3003 duobus,
698 2931 753 3013 qui
767 2949 834 3003 me,
858 2930 912 3014 qui
928 2949 996 2992 rem
1010 2928 1185 3013 publicam,
1208 2947 1279 2991 cum
1294 2926 1464 2992 defendere
1479 2928 1640 3002 deberent,

316 3041 440 3086 servare
462 3030 608 3105 possent,
631 3043 766 3106 cumque
790 3024 829 3086 ad
851 3021 1015 3086 consulare
1038 3021 1178 3085 officium
1199 3022 1277 3105 ipsis
1291 3022 1469 3105 insignibus
1482 3022 1568 3086 illius
1582 3023 1641 3085 im-

279 3116 411 3199 aoperii,
433 3115 474 3179 ad
496 3136 599 3180 meam
612 3115 745 3180 salutem
762 3136 827 3179 non
843 3116 945 3179 solum
960 3116 1163 3189 auctoritate,
1185 3115 1242 3178 sed
1257 3116 1352 3179 etiam
1366 3115 1514 3198 precibus
1528 3114 1640 3178 vestris

316 3217 518 3286 vocarentur,
547 3211 649 3293 primo
671 3210 884 3293 reliquerunt,
914 3209 1030 3273 deinde
1051 3211 1275 3292 prodiderunt,
1297 3218 1457 3292 postremo
1480 3227 1641 3292 oppugna·

316 3312 392 3367 runt
413 3305 626 3387 praemiisque
649 3301 786 3366 nefariae
807 3304 963 3387 pactionis
983 3301 1124 3366 funditus
1146 3324 1210 3367 una
1232 3325 1303 3367 cum
1320 3323 1354 3365 re
1369 3303 1497 3386 publica
1510 3322 1640 3387 oppres-

316 3417 386 3461 sum
416 3398 672 3481 exstinctumque
701 3397 886 3475 voluerunt,
917 3396 973 3480 qui
995 3416 1076 3479 quae
1099 3417 1158 3459 suo
1180 3398 1277 3459 ductu
1300 3402 1332 3461 et
1352 3396 1485 3481 imperio
1508 3404 1639 3461 cruento

315 3489 371 3553 illo
394 3496 490 3573 atque
511 3489 639 3554 funesto
662 3490 818 3574 supplicia
838 3509 943 3574 neque
964 3510 984 3554 a
1005 3490 1159 3555 sociorum
1174 3492 1340 3555 moenibus
1353 3490 1521 3575 probibere
1535 3509 1640 3573 neque

277 3583 454 3647 robostium
475 3584 607 3647 urbibus
628 3582 744 3647 inferre
774 3591 963 3667 potuerunt,
992 3584 1199 3658 excisionem,
1227 3584 1523 3657 inflammationem,
1552 3602 1640 3648 ever-

315 3677 450 3751 sionem,
473 3678 770 3762 depopulationem,
797 3679 991 3753 vastitatem,
1024 3697 1061 3741 ea
1083 3697 1140 3741 sua
1161 3698 1232 3741 cum
1254 3678 1372 3764 praeda
1393 3679 1472 3742 meis
1494 3678 1639 3743 omnibus

315 3771 405 3834 tectis
434 3779 528 3855 atque
562 3773 645 3855 agris
675 3773 857 3835 intulerunt.
901 3767 931 3834 l.
956 3772 1034 3836 Cum
1063 3771 1113 3834 his
1141 3770 1231 3835 iuriis
1261 3781 1292 3836 et
1315 3772 1454 3849 lacibus,
1485 3793 1557 3837 cum
1578 3773 1640 3849 bis,

315 3865 461 3948 inquam,
483 3866 628 3929 exitiosis
650 3866 803 3948 prodigiis
826 3885 862 3929 ac
884 3886 987 3948 paene
1009 3865 1106 3928 huius
1127 3865 1251 3950 imperii
1272 3865 1414 3954 pestibus
1427 3866 1548 3930 bellum
1562 3866 1640 3931 mihi

314 3957 509 4040 inexpiabile
532 3958 602 4022 dico
625 3979 695 4023 esse
718 3968 915 4042 susceptum,
944 3980 1050 4043 neque
1071 3959 1105 4021 id
1128 3968 1232 4023 mmen
1254 3961 1355 4043 ipsum
1377 3967 1514 4034 tantum,
1539 3981 1640 4044 quan·

276 4059 380 4114 actum
402 4071 492 4115 meus
514 4072 550 4115 ac
572 4073 730 4128 meorum,
759 4052 815 4116 sed
837 4059 976 4126 tantum,
1006 4063 1157 4136 quantum
1178 4061 1282 4117 vester
1303 4061 1399 4136 atque
1421 4054 1562 4116 omnium
1583 4053 1640 4117 bo·

314 4164 427 4208 norum
449 4144 540 4208 dolor
560 4145 740 4229 postulavit
783 4146 838 4208 lll.
861 4147 896 4208 ln
919 4146 1066 4210 Clodium
1088 4168 1163 4210 vero
1186 4168 1249 4210 non
1272 4141 1321 4210 es't
1341 4147 1435 4209 hodie
1455 4167 1560 4210 meum
1576 4166 1640 4209 ma·

313 4239 364 4302 ius
385 4239 509 4314 odium,
531 4259 627 4323 quam
647 4240 704 4303 illo
728 4239 780 4302 die
800 4238 876 4314 fuit,
900 4260 971 4303 cum
994 4240 1084 4302 illum
1099 4241 1277 4303 ambustum
1299 4239 1544 4322 religiosissimis
1558 4239 1640 4327 igniff

315 4333 374 4396 bus
396 4334 529 4415 cognovi
552 4333 698 4396 muliebri
720 4341 832 4398 ornatu
854 4353 895 4396 ex
914 4334 1037 4396 incesto
1060 4341 1170 4415 stupro
1193 4341 1288 4416 atque
1311 4352 1351 4395 ox
1366 4332 1460 4397 domo
1482 4329 1640 4415 pontilicis

285 4488 290 4501 ,
315 4427 443 4489 maximi
474 4425 634 4489 emissum.
678 4427 776 4501 Tum,
808 4427 965 4510 inquam,
988 4433 1055 4490 tum
1083 4427 1148 4489 vidi
1179 4446 1216 4488 ac
1245 4427 1343 4490 multo
1371 4434 1446 4489 ante
1473 4426 1639 4509 prospexi,

277 4528 435 4606 asquantu
465 4527 635 4602 tempestas
664 4521 872 4596 excitaretur,
902 4525 1021 4603 quanta
1043 4520 1240 4604 impenderet
1258 4519 1398 4604 procella
1418 4520 1465 4583 rai
1485 4519 1639 4604 publicae.

376 4886 401 4937 2.
419 4884 571 4947 capisam
590 4912 617 4922 -
642 4889 666 4933 st
687 4885 748 4935 ante
769 4896 812 4934 vv.
833 4896 867 4934 se
887 4885 1086 4935 commaticus
1108 4897 1162 4935 om.
1184 4884 1234 4936 GE
1255 4910 1282 4919 —
1301 4883 1326 4934 3.
1347 4896 1451 4934 uescms
1467 4896 1534 4934 nos:
1555 4897 1641 4934 osam

314 4959 372 5011 CO.
396 4958 470 5010 Conl.
488 4971 515 5024 p.
533 4959 596 5021 902,
613 4957 655 5009 23.
674 4958 732 5021 342,
749 4957 774 5009 4.
792 4985 826 4995 -
842 4956 867 5009 l.
884 4959 955 5009 uoto
975 4961 1025 5009 PG
1044 4985 1071 4995 -
1089 4961 1114 5010 3.
1132 4959 1206 5010 about
1222 4963 1297 5021 mque
1314 4971 1376 5009 nos:
1395 4959 1469 5011 dmtsl
1484 4959 1520 5008 cd
1536 4959 1638 5018 PEbl3

312 5034 416 5084 ιίιιιιιὶαο
433 5033 483 5084 GO
501 5059 528 5068 -
547 5032 602 5097 Ca]
621 5032 657 5084 .G.
676 5034 708 5082 N.
727 5034 746 5083 P
765 5058 792 5068 ·-
811 5034 910 5095 csend
926 5035 1009 5085 PGbl
1027 5060 1054 5068 —
1075 5034 1098 5084 6.
1117 5034 1200 5084 limine
1217 5046 1276 5099 sup.
1295 5032 1339 5084 lin.
1358 5046 1399 5098 pr.
1413 5045 1450 5083 m.
1468 5035 1488 5084 P
1505 5059 1539 5071 -
1555 5034 1580 5083 Ἰ.
1598 5045 1640 5082 sc-

311 5111 411 5174 trsooto
427 5110 515 5158 PG—
533 5108 725 5159 dicebamP1-
740 5110 863 5170 potsstP:
881 5114 926 5159 aut
939 5108 1120 5171 procreem
1139 5109 1214 5159 Haud
1227 5109 1379 5170 potestO-
1397 5109 1422 5159 8.
1434 5108 1564 5159 wlucrors'
1580 5110 1636 5159 P-

314 5184 353 5235 40.
372 5183 474 5246 aneas
490 5185 554 5233 P—
570 5184 610 5234 42.
629 5183 711 5246 uolut
725 5184 761 5232 G:
779 5183 863 5232 canuc
880 5186 965 5235 PEM
982 5210 1009 5220 -
1028 5184 1157 5235 amarem
1174 5186 1203 5235 P¹
1222 5212 1249 5221 —
1269 5185 1308 5236 43.
1325 5184 1392 5234 {diso
1408 5181 1437 5234 Ρι
1454 5209 1481 5219 -
1501 5182 1542 5235 tl.
1561 5183 1640 5233 dobaa'

313 5260 361 5309 PE
377 5285 411 5295 -
424 5272 503 5321 prope
519 5260 554 5309 C:
574 5270 627 5308 om.
646 5257 666 5307 0
684 5283 711 5292 -
731 5258 867 5321 digrmnsm
883 5261 908 5309 ll
927 5285 955 5295 -
980 5261 1019 5309 lt.
1036 5260 1182 5322 postulasset
1199 5261 1295 5309 PGbl:
1318 5259 1480 5321 postratossem
1497 5259 1531 5316 Ε;
1552 5263 1640 5320 postu·

313 5338 377 5389 leret
393 5338 412 5388 0
430 5364 457 5375 —
476 5337 517 5387 46.
534 5336 652 5399 opums
669 5335 758 5385 PE-
777 5336 817 5386 47.
835 5348 875 5386 ms
893 5335 927 5385 .P.
947 5333 975 5386 G.
993 5335 1121 5384 ιιιᾶιιιισιιιιι
1137 5335 1228 5385 PGE:
1244 5339 1332 5397 patres
1347 5333 1493 5395 cosxdptl,
1511 5333 1640 5383 inimicam

312 5412 388 5463 orco
407 5412 569 5475 (maomll)
590 5437 617 5446 -
636 5410 862 5472 campus:
881 5411 1228 5469 resaP;rcmmecmbl-
1247 5404 1486 5472 ⁴9.tmpen'P¹-
1505 5407 1640 5470 loprae-

311 5487 415 5538 eibusP
437 5512 460 5520 -
479 5486 520 5536 24.
535 5489 745 5550 eppoqucaemot
761 5487 822 5535 G-
843 5485 884 5535 22.
901 5485 1018 5547 {octusis
1033 5485 1132 5542 roim
1154 5484 1203 5535 sed
1220 5483 1253 5534 cl.
1271 5483 1372 5548 psas,
1391 5482 1415 5531 4.
1432 5480 1457 5531 6.
1476 5480 1533 5541 898,
1553 5480 1594 5530 43.
1612 5481 1638 5530 in

313 5562 399 5611 Pisoo.
419 5561 434 5624 ἓ
451 5560 491 5611 57.
513 5587 540 5597 -
566 5560 607 5610 23.
626 5562 810 5622 astutumque
826 5561 879 5611 ΡΜ
897 5585 924 5595 -
949 5560 992 5622 qus·
1009 5571 1073 5620 qaas
1090 5561 1121 5608 P:
1140 5559 1231 5621 quique
1247 5558 1360 5611 GEMO
1381 5582 1408 5591 —
1427 5553 1468 5606 24.
1487 5555 1640 5616 rssppls'ttoP

314 5635 999 5692 -essmaasneammoascuaammeasuem
1017 5630 1639 5690 mammaemamaE3aastsuomuuM3

311 5711 454 5761 smmum
471 5709 559 5774 [0an
577 5709 655 5760 saco
670 5736 697 5746 -
714 5710 756 5760 23.
774 5707 1156 5759 οωιιῑιιίοιιοιιιιιιιιιῐιιιιιιι.-
1171 5708 1213 5759 23.
1229 5720 1307 5770 osque
1322 5705 1405 5756 estid
1420 5711 1532 5757 mamea
1549 5704 1639 5755 GE-

313 5789 355 5839 33.
373 5793 495 5849 matun
511 5792 546 5837 σεε
562 5791 618 5836 arat
633 5798 697 5848 quse
715 5786 792 5850 (corr.
810 5786 837 5835 in
854 5785 909 5847 qus)
926 5785 1037 5834 omnim
1054 5786 1072 5834 P
1091 5809 1118 5818 -
1138 5783 1179 5834 34.
1197 5795 1256 5834 cere
1273 5793 1327 5833 om.
1345 5783 1410 5832 G-
1428 5780 1469 5834 33.
1486 5778 1642 5832 iocundi}

316 5889 343 5898 -
366 5867 453 5930 stupro
474 5862 685 5932 superscriptum
702 5860 730 5912 in
745 5863 766 5912 G
783 5886 811 5898 -
836 5859 877 5914 33.
895 5860 1038 5924 operm
1054 5860 1083 5910 P.
