3800 7350
647 1262 1215 1349 cir.xvl—xv11.s§36-to.
1512 1264 1594 1332 4444

275 1456 392 1503 meae.»
438 1432 488 1497 38.
511 1434 592 1498 Huic
614 1435 694 1499 tristi
716 1454 752 1499 ac
772 1434 899 1499 derecto
921 1436 989 1498 seni
1011 1435 1219 1517 responderet
1242 1436 1367 1502 Caelius
1389 1457 1423 1501 sa
1437 1437 1524 1501 nulla
1539 1459 1595 1503 cu·

273 1529 407 1613 piditate
428 1529 592 1593 inductum
613 1531 653 1593 de
675 1531 725 1593 via
747 1530 931 1593 decessisse.
973 1529 1058 1605 Quid
1080 1528 1187 1611 sigui?
1216 1530 1296 1593 nulli
1318 1538 1477 1615 sumptus,
1506 1533 1593 1595 nulla

273 1625 410 1698 iactura,
432 1623 520 1687 nulla
542 1642 678 1687 versura.
712 1624 753 1687 nt
771 1622 831 1686 fuit
851 1622 942 1687 iama.
978 1623 1102 1699 Quotus
1118 1625 1253 1708 quisque
1268 1632 1317 1688 est
1332 1627 1387 1708 qui
1410 1627 1501 1690 istam
1516 1628 1595 1691 eliu·

273 1737 349 1802 gere
369 1716 470 1800 possit
489 1717 522 1779 in
543 1724 606 1781 tam
629 1716 782 1780 maledica
801 1717 952 1781 civitate?
973 1718 1119 1781 Vicinum
1134 1718 1204 1781 eius
1219 1718 1361 1782 mulieris
1376 1722 1497 1785 miraris
1512 1722 1595 1786 male

272 1812 415 1884 audisse,
438 1811 528 1874 cuius
548 1810 644 1874 irater
665 1830 832 1893 germanus
853 1830 1015 1874 sermones
1037 1813 1217 1896 iniquorum
1235 1813 1372 1895 elingere
1387 1834 1450 1878 non
1469 1815 1619 1897 potuitio

273 1905 350 1969 Leni
373 1924 448 1969 vero
471 1911 503 1967 et
524 1904 671 1968 clementi
693 1905 792 1986 patri,
815 1905 904 1968 cuius
926 1904 1010 1968 modi
1032 1905 1087 1968 ille
1109 1914 1176 1969 est:

591 1999 706 2061 «Fores
728 1999 866 2079 eliregit,
888 2000 1108 2062 restituentur:
1130 1998 1257 2063 discidit

609 2101 747 2164 vestem,
768 2092 992 2166 resarciatur„

271 2189 327 2256 lilii
348 2194 514 2253 causaest
536 2185 783 2269 expeditissima.
816 2184 903 2261 Quid
925 2187 1009 2247 enim
1032 2194 1132 2260 esset,
1154 2186 1187 2249 io
1211 2207 1275 2272 quo
1298 2207 1333 2252 se
1354 2206 1419 2251 non
1432 2185 1526 2251 facila
1541 2188 1597 2253 de-

272 2283 438 2349 fenderet?
459 2280 545 2344 Nihil
567 2281 628 2343 iam
650 2280 683 2342 in
704 2279 796 2342 iatam
821 2278 983 2342 mulierem
1007 2280 1096 2343 dico:
1122 2281 1195 2355 sed,
1218 2282 1245 2344 si
1267 2289 1351 2345 esset
1373 2282 1480 2364 aliqua
1504 2282 1596 2346 dissi·
1606 2298 1634 2344 44

272 2377 357 2444 milis
377 2376 487 2450 istius,
510 2393 592 2458 quae
614 2394 648 2437 se
671 2372 817 2436 omuibus
837 2373 1054 2457 pervulgaret,
1076 2394 1158 2457 quae
1174 2375 1304 2439 haberet
1317 2376 1420 2460 palam
1435 2377 1597 2440 decretum

273 2490 399 2554 semper
425 2468 581 2552 aliquem,
613 2466 703 2531 cuius
733 2466 766 2529 in
802 2466 930 2542 hortos,
966 2468 1108 2542 domum,
1140 2470 1233 2533 Baias
1262 2470 1332 2533 iure
1361 2491 1425 2534 suo
1448 2469 1597 2534 libidines

271 2565 414 2630 omnium
446 2570 675 2635 commearent,
709 2581 791 2644 quae
823 2563 916 2625 etiam
945 2562 1046 2625 aleret
1074 2561 1292 2627 adolescentes
1314 2570 1346 2626 et
1373 2565 1596 2648 parsimoniam

273 2668 397 2745 patrum
420 2657 485 2720 suis
506 2656 682 2741 sumptibus
704 2664 914 2731 sustentaret;
935 2657 962 2719 si
985 2657 1080 2719 vidua
1102 2656 1218 2731 libere,
1240 2665 1387 2741 proterva
1409 2657 1597 2742 petulanter,

275 2756 363 2819 dives
384 2752 500 2826 eliuse,
521 2749 693 2813 libidinosa
715 2751 890 2813 meretricio
910 2770 997 2813 more
1010 2752 1148 2824 viveret,
1170 2751 1346 2816 adulterum
1362 2773 1421 2836 eqo
1443 2760 1634 2837 putaremus

274 2849 302 2913 si
323 2845 398 2932 quis
419 2846 501 2909 banc
522 2844 620 2927 paulo
642 2843 774 2906 liberius
795 2843 986 2906 salutasset?

358 2939 458 3002 xvii.
479 2936 531 3002 39.
552 2939 643 3001 Dicet
664 2938 800 3021 aliquis:
826 2936 930 3001 illaec
952 2946 1001 3002 est
1022 2938 1117 3021 igitur
1137 2947 1191 3003 tua
1212 2940 1404 3025 disciplina?
1426 2944 1471 3006 sic
1493 2951 1528 3005 tu
1550 2943 1599 3005 in·

275 3036 378 3101 stituis
400 3032 640 3097 adolescentes?
662 3032 703 3095 oh
723 3032 805 3094 hanc
827 3051 953 3095 causam
975 3032 1033 3096 tibi
1053 3031 1137 3094 bunc
1158 3053 1291 3115 puemm
1309 3054 1424 3116 pareus
1439 3055 1599 3099 commen·

275 3130 362 3194 davit
383 3135 415 3191 et
436 3127 584 3201 tradidit,
606 3132 641 3188 ut
662 3125 695 3187 in
717 3145 822 3189 amore
843 3134 938 3209 atque
961 3127 994 3189 iu
1009 3127 1223 3209 voluptatibus
1244 3127 1493 3192 adolescentiam
1509 3149 1598 3192 suam

275 3223 446 3289 collocaret
466 3228 498 3284 et
519 3227 555 3283 ut
575 3218 657 3282 hanc
678 3226 713 3282 tu
734 3219 830 3282 vitam
853 3227 949 3302 atque
971 3220 1049 3283 baec
1071 3219 1174 3283 studia
1195 3220 1435 3284 defenderes‘i»
1464 3224 1549 3305 Ego,
1572 3223 1636 3286 sito

275 3318 350 3404 qui,
371 3316 510 3389 iudices,
531 3313 594 3377 hoc
615 3312 728 3376 robore
750 3312 846 3374 animi
868 3319 963 3394 atque
984 3313 1044 3376 bac
1063 3311 1171 3376 indole
1185 3314 1309 3376 virtutis
1323 3322 1419 3399 atque
1434 3316 1600 3379 contineu-

275 3414 338 3477 tiae
368 3409 446 3485 iuit,
474 3416 511 3471 ut
535 3412 701 3489 respueret
722 3425 832 3468 omnes
853 3404 1031 3488 voluptates
1054 3425 1244 3489 omnemque
1267 3407 1351 3470 vitae
1375 3427 1450 3471 suae
1472 3427 1599 3472 cursum

274 3509 308 3570 iu
330 3504 438 3570 labore
453 3500 596 3586 corporis
610 3508 706 3582 atque
721 3499 754 3561 iu
770 3499 867 3561 animi
885 3501 1086 3562 contentione
1100 3496 1285 3576 conficeret;
1307 3522 1403 3585 quem
1418 3521 1483 3564 nou
1498 3502 1599 3584 quiea,

275 3620 340 3664 non
361 3598 523 3672 remissio,
544 3615 610 3659 uon
631 3593 812 3678 aequalium
828 3592 941 3667 studia,
963 3613 1028 3656 non
1042 3593 1127 3665 ludi,
1149 3613 1214 3656 uon
1230 3594 1376 3658 convivia
1391 3594 1599 3670 delectarent3

275 3693 353 3756 nihil
382 3692 416 3754 io
444 3693 509 3755 viia
538 3690 752 3774 expetendum
780 3694 920 3772 putaret,
953 3688 1015 3752 nisi
1044 3690 1129 3771 quod
1160 3696 1243 3753 esset
1264 3710 1337 3754 cum
1358 3689 1452 3754 laude
1474 3697 1507 3752 et
1528 3709 1638 3757 cumas

276 3786 429 3870 dignitate
457 3785 677 3848 coniunctum:
706 3783 790 3846 huuc
817 3800 887 3844 mea
909 3782 1066 3846 sententia
1086 3782 1202 3846 divinis
1225 3783 1415 3867 quibusdam
1436 3782 1530 3847 bouis
1552 3783 1601 3847 iu-

275 3886 429 3944 structum
460 3886 556 3962 atque
586 3872 730 3940 ordatum
751 3883 840 3960 puto.
880 3876 929 3939 Ex
952 3878 1013 3939 hoc
1035 3894 1150 3959 gauere
1172 3875 1244 3940 illos
1264 3875 1364 3941 fuisse
1385 3877 1521 3940 arbitror
1542 3877 1602 3941 Ca·

276 3974 399 4048 millos,
419 3971 596 4046 Fabricios,
619 3971 730 4034 Curios
752 3989 927 4053 omnesque
948 3989 1020 4043 eos,
1046 3969 1101 4052 qui
1124 3969 1204 4035 haec
1226 3988 1267 4033 ex
1288 3970 1426 4033 minimis
1447 3977 1533 4034 unta
1554 3969 1601 4033 ie·

276 4073 395 4132 cenant.
439 4061 491 4128 l0.
513 4067 630 4128 Verum
651 4064 730 4126 haec
752 4082 867 4146 genera
888 4064 1036 4126 virtutum
1059 4082 1123 4126 nou
1145 4064 1248 4127 solum
1269 4067 1302 4126 in
1318 4062 1457 4127 moribus
1472 4064 1600 4137 nostris,

276 4160 333 4225 sed
355 4159 411 4222 vix
431 4161 494 4223 iam
515 4160 549 4221 in
572 4159 659 4221 libris
682 4157 891 4240 reperiuntur.
922 4157 1055 4219 Chartae
1079 4176 1219 4240 quoque,
1241 4176 1321 4241 quae
1335 4157 1421 4219 illam
1436 4157 1637 4238 pristinamao

276 4254 476 4320 severitatem
498 4252 718 4325 continebant,
740 4251 980 4325 obsoleverunt3
1003 4271 1106 4335 neque
1129 4251 1231 4313 solum
1251 4251 1334 4333 apud
1351 4270 1426 4323 uos,
1449 4251 1504 4333 qui
1519 4251 1600 4314 banc

276 4357 394 4414 44444444
417 4349 634 4430 rationemque
655 4347 737 4409 vitae
761 4365 795 4407 re
817 4345 916 4428 magis
938 4365 1034 4428 quam
1053 4344 1158 4408 serbis
1173 4344 1270 4408 secuti
1286 4364 1412 4418 sumus,
1434 4343 1489 4407 aad
1507 4346 1600 4408 etiam

343 4693 367 4742 4.
386 4693 482 4742 derecto
499 4692 532 4742 P:
558 4691 651 4740 44444444
672 4689 759 4740 EGO.
789 4688 827 4740 ci.
847 4700 873 4753 p.
893 4687 970 4749 4044,
989 4690 1021 4739 40
1039 4690 1066 4741 44
1088 4688 1249 4740 hachmauni
1266 4689 1399 4739 0444444444.
1416 4690 1602 4742 intuentiam

277 4781 303 4833 p.
321 4765 380 4818 440.
400 4791 428 4802 -
452 4766 543 4815 44444444·
559 4766 610 4815 EG
636 4791 661 4801 -
684 4779 709 4814 44
724 4765 880 4814 4444444--444
896 4770 949 4814 tum
967 4766 1000 4825 (ν.
1019 4763 1042 4826 l)
1061 4764 1088 4816 P¹
1106 4779 1159 4815 om.
1179 4766 1204 4815 in
1226 4763 1333 4824 lacuna,
1352 4777 1422 4828 quae
1439 4764 1542 4830 expleta
1560 4768 1602 4818 444

278 4857 360 4896 manu
375 4843 401 4902 4,
419 4841 468 4892 sed
486 4855 538 4891 non
555 4841 638 4892 multo
655 4843 741 4892 aetate
759 4842 891 4892 interiore.
912 4867 938 4875 -
958 4839 982 4888 3.
1001 4840 1102 4888 iactura
1117 4846 1140 4889 44
1156 4841 1227 4888 cutm
1243 4840 1287 4889 EG
1307 4864 1334 4875 -
1353 4840 1603 4901 quisqoa--curum

277 4922 315 4971 444
331 4933 357 4984 p.
371 4916 445 4978 4044,
457 4918 489 4967 44
506 4915 587 4966 babet
603 4918 663 4966 Τ-
682 4923 716 4967 est
733 4919 776 4979 qui
791 4918 865 4966 istum
881 4916 914 4964 T:
933 4915 1007 4964 4444444
1023 4915 1080 4964 P²E
1090 4919 1119 4964 G.
1138 4913 1265 4965 Wesenb.
1281 4927 1307 4978 p.
1320 4914 1352 4963 35
1363 4912 1504 4966 lectionem
1521 4916 1600 4967 codd.

277 4993 425 5059 vulgarium
440 4989 565 5056 praefert,
584 4991 655 5054 quod
667 4993 760 5042 Cicero
777 5003 829 5041 non
847 4989 945 5054 ubique
965 4989 1111 5053 periphrasi
1129 4991 1189 5052 post
1205 4989 1406 5051 quotusquisque
1422 4992 1522 5049 44444444,
1540 4989 1600 5041 coll.

277 5083 304 5135 p.
317 5068 406 5120 Plauc.
425 5066 440 5130 S
457 5066 498 5116 03.
517 5079 543 5130 4.
558 5066 611 5128 hig.
630 5066 645 5129 4
662 5067 702 5117 40.
723 5066 756 5116 de
773 5067 831 5116 Nat.
844 5067 875 5115 D.
889 5067 911 5123 1,
930 5066 945 5128 5
963 5064 1004 5114 48.
1018 5064 1052 5113 (44
1064 5064 1148 5114 Diviu.
1162 5065 1198 5121 ll,
1216 5062 1285 5126 sta.
1303 5065 1336 5114 At
1353 5064 1497 5115 tenendum
1515 5068 1556 5116 est
1572 5066 1599 5115 44.

277 5144 294 5195 Ι.
313 5142 442 5208 ignorari,
461 5154 530 5205 quae
547 5139 625 5191 lectio
642 5141 668 5191 in
686 5140 746 5192 cod.
760 5140 884 5204 primario
902 5140 1019 5190 Piderit.
1035 5166 1062 5177 -
1081 5137 1106 5189 4.
1121 5140 1199 5201 possit
1215 5151 1279 5188 nos:
1296 5139 1405 5200 potestc
1419 5140 1541 5198 (etiamne
1553 5141 1600 5203 Ti)

278 5247 307 5257 -
324 5217 433 5269 4444444444
448 5217 478 5268 T¹
492 5244 519 5252 -
538 5216 560 5266 4.
579 5216 681 5279 astrepit
696 5215 734 5276 P¹‚
753 5218 782 5266 ut
797 5216 910 5266 videtur.
924 5240 952 5250 -
972 5215 996 5264 9.
1013 5215 1050 5277 4444
1066 5228 1144 5264 causo
1160 5216 1194 5273 44
1211 5214 1305 5277 attin
1316 5213 1517 5275 4444444444444.
1531 5217 1598 5265 (3¹-

276 5309 302 5346 44
317 5292 516 5354 44444--444444
535 5292 628 5342 cunii
653 5318 681 5329 -
708 5293 748 5342 44.
763 5293 924 5356 4444444444
940 5293 960 5341 Ρ
978 5317 1006 5328 -
1025 5289 1144 5338 4444444444
1161 5289 1290 5339 (ismioni.
1313 5315 1338 5325 -
1360 5288 1401 5338 44.
1418 5289 1504 5338 hortas
1523 5291 1552 5340 P¹
1567 5317 1601 5327 —

277 5372 318 5422 44.
336 5372 506 5420 mmmm
521 5368 540 5418 P
554 5393 581 5403 -
600 5366 762 5416 4444444444
778 5368 826 5418 Pu
840 5392 866 5403 -
886 5366 926 5415 40.
945 5369 981 5415 444
996 5364 1074 5428 icitur
1090 5365 1123 5413 T:
1141 5365 1220 5428 444444
1235 5369 1270 5413 est
1286 5363 1404 5414 PEG—
1424 5365 1465 5414 49.
1484 5369 1559 5427 utque
1574 5364 1602 5415 444

276 5447 370 5509 4444444.
388 5443 506 5496 PEGS:
528 5447 551 5492 44
566 5442 659 5504 ootupt.
678 5441 766 5502 Tl‘ilo
785 5469 811 5478 -
837 5442 877 5491 40.
895 5441 1036 5491 conlocaret
1052 5441 1071 5489 P
1089 5464 1117 5475 -
1142 5443 1165 5488 44
1180 5443 1207 5486 ut
1223 5438 1288 5488 444444
1304 5444 1332 5488 ta
1348 5439 1381 5487 T:
1404 5443 1426 5488 44
1441 5430 1506 5487 bubo
1522 5443 1549 5487 444
1565 5441 1599 5498 P;

277 5526 301 5572 44
315 5521 380 5570 bunc
397 5519 459 5577 [ἰὼ
482 5521 505 5567 ct
520 5517 585 5566 tanc
601 5521 628 5565 444
643 5516 908 5580 vitumndcseodea?
924 5516 1004 5566 Bake.
1024 5543 1052 5552 -
1070 5515 1092 5562 si
1109 5515 1152 5575 qui
1168 5514 1229 5565 PE:
1252 5514 1345 5576 siquis
1361 5517 1396 5570 G;
1420 5514 1552 5576 aiquidl'
1571 5539 1598 5549 -

276 5597 319 5647 44.
337 5599 412 5656 utque
427 5595 455 5642 444
470 5593 518 5642 huc
534 5593 554 5641 T
571 5618 598 5627 -
618 5597 693 5654 utque
709 5605 769 5642 nos:
788 5593 823 5641 444
838 5594 858 5642 Τ
875 5593 916 5653 (ex
934 5591 1018 5653 adim
1037 5604 1068 5639 oc
1085 5590 1203 5649 PEG03
1222 5593 1245 5639 44
1262 5586 1317 5639 Col.
1331 5615 1358 5624 —
1378 5589 1420 5638 44.
1438 5589 1517 5638 44444444
1531 5587 1602 5636 444444-

273 5670 353 5732 pictis
368 5670 388 5718 P
406 5693 433 5704 ·-
452 5668 546 5718 44444444
562 5669 581 5718 P
600 5693 627 5702 —
645 5666 686 5717 44.
705 5667 848 5716 emnildam
863 5668 892 5716 T.
915 5667 947 5716 At
965 5669 1022 5716 tum
1038 5665 1190 5729 scripsisset
1201 5665 1255 5715 cic.
1269 5664 1295 5714 in
1312 5663 1444 5727 anaphora
1462 5663 1600 5722 detectoret,

278 5748 308 5796 ut
322 5745 398 5794 recte
414 5743 516 5794 monuit
531 5741 659 5794 Wesenb.
678 5755 704 5806 p.
723 5741 763 5792 34.
779 5768 805 5778 -
824 5743 865 5792 td.
884 5740 943 5792 tort.
963 5741 1006 5802 qui
1021 5739 1083 5788 4444444
1099 5765 1126 5774 -
1144 5739 1311 5800 4444444444
1327 5740 1346 5788 P
1364 5763 1392 5772 -
1410 5737 1451 5787 40.
1468 5737 1602 5786 4444444444

278 5820 345 5870 T-
363 5819 420 5869 444444
438 5817 645 5881 {mocimus
662 5817 1000 5867 arbitrorcomittoscoitoa
1017 5816 1037 5864 Τ
1057 5839 1085 5851 -
1106 5808 1262 5862 neudum*
1279 5838 1307 5849 -
1334 5812 1375 5863 48.
1396 5811 1600 5873 conopoeum

278 5894 497 5956 444444444ωο-
516 5893 557 5946 40.
568 5893 746 5956 repperiuntur
762 5894 781 5941 P
798 5918 825 5929 -
842 5892 947 5941 ctartm
957 5916 994 5928 --
1004 5888 1171 5937 4444444444
1186 5887 1264 5938 40444
1279 5887 1428 5938 Priscianus
1444 5888 1486 5948 11,
1506 5888 1546 5947 40,
1558 5885 1600 5939 bl.

281 5995 309 6010 ..
327 5968 432 6024 4444444
446 5968 504 6037 TP,
521 5974 610 6023 cortus
625 5967 675 6026 EG
689 5994 717 6005 -
735 5966 776 6023 34.
793 5967 847 6019 otto
861 5971 885 6016 44
899 5977 928 6016 44
941 5964 1023 6029 4444444
1039 5965 1108 6016 Bake
1125 5961 1184 6015 coli.
1202 5964 1256 6016 Cic.
1274 5962 1309 6015 de
1326 5964 1399 6017 Pina.
1417 5964 1441 6026 1,
1459 5963 1475 6030 4
1492 5963 1533 6015 aa.
