3800 7350
324 1175 408 1244 ⁴268
752 1176 904 1241 ORATIO
925 1177 1152 1245 PHILIPPICA
1173 1178 1213 1242 II.

326 1351 436 1416 civitas
457 1366 521 1413 non
543 1346 604 1410 iam
627 1343 825 1429 singillatim,
847 1346 903 1411 sed
926 1348 1097 1431 provinciis
1119 1350 1194 1412 totis
1215 1348 1357 1412 dabatur.
1393 1349 1505 1432 ltaque
1524 1348 1551 1413 si
1568 1346 1657 1413 haec

326 1451 470 1519 manent,
493 1459 574 1525 quae
597 1446 698 1503 stante
720 1460 754 1503 re
776 1441 904 1523 publica
925 1462 1052 1505 manare
1074 1462 1139 1506 non
1160 1450 1309 1527 possunt,
1330 1444 1506 1525 provincias
1521 1442 1657 1507 univer-

326 1561 394 1615 sas,
423 1545 528 1621 patres
554 1533 741 1618 conscripti,
772 1534 972 1617 perdidistis,
1001 1556 1105 1620 neque
1134 1536 1299 1619 vectigalia
1324 1536 1444 1611 solum,
1473 1536 1656 1601 sedetiam

326 1631 492 1715 imperium
525 1628 636 1712 populi
667 1628 799 1691 Romani
830 1628 925 1692 huius
959 1630 1139 1694 domesticis
1174 1630 1326 1694 nundinis
1359 1631 1556 1695 deminutum
1591 1637 1655 1693 est.

301 1726 487 1789 sxxxvn.
509 1720 559 1785 93.
582 1722 640 1786 Ubi
662 1728 711 1786 est
732 1722 872 1805 septiens
894 1722 1034 1798 miliens,
1064 1723 1151 1807 quod
1179 1732 1227 1788 est
1253 1725 1285 1787 iu
1307 1723 1440 1799 tabulis,
1469 1743 1552 1808 qnae
1575 1730 1656 1800 sunt

326 1820 366 1882 ad
389 1819 486 1904 Opist
508 1818 652 1881 funestae
673 1816 759 1880 illius
782 1815 910 1900 quidem
933 1818 1101 1901 pecuniae,
1123 1817 1178 1881 sed
1201 1826 1322 1893 tamem
1345 1836 1427 1901 quae
1448 1838 1524 1893 nos,
1547 1818 1576 1882 si
1600 1817 1654 1891 iis,

325 1932 460 1998 quorum
482 1919 563 1985 erat,
591 1929 657 1973 non
683 1908 881 1986 redderetur,
910 1931 929 1974 a
958 1910 1082 1975 tributis
1110 1919 1219 1996 posset
1247 1910 1419 1976 vindicare.
1460 1912 1510 1974 Tu
1540 1916 1653 1974 autem

324 2005 603 2092 quadringentiens
625 2002 817 2078 sestertium,
840 2003 927 2088 quod
948 2004 1056 2069 Idibus
1078 2006 1199 2069 Martiis
1220 2005 1374 2080 debuisti,
1397 2023 1536 2089 quomm
1550 2003 1652 2067 modo

322 2109 397 2165 ante
424 2097 584 2163 Kalendas
609 2097 734 2181 Apriles
756 2096 870 2160 debere
892 2098 1027 2161 desistit
1066 2099 1147 2162 Sunt
1174 2118 1213 2163 ea
1235 2098 1362 2183 quidem
1391 2096 1651 2172 innumerabilia,

286 2211 404 2277 ecquae
432 2213 452 2257 a
479 2194 542 2258 tuis
571 2191 757 2257 emebantur
781 2210 846 2254 non
875 2191 1029 2255 insciente
1052 2200 1099 2267 te,
1130 2192 1307 2257 sedunum
1329 2194 1486 2277 egregium
1509 2192 1548 2255 de
1570 2210 1650 2273 rege

321 2288 485 2363 Deiotaro,
514 2285 625 2370 populi
647 2284 778 2349 Romani
799 2284 1008 2360 amicissimo,
1031 2284 1188 2350 decretum
1209 2286 1243 2349 in
1266 2286 1419 2370 Capitolio
1440 2283 1552 2349 tirum:
1582 2305 1649 2368 qno

322 2382 486 2465 proposito
508 2400 601 2444 nemo
623 2386 708 2453 erat,
730 2378 835 2461 qui'in
849 2378 919 2461 ipso
934 2378 1043 2443 dolore
1058 2380 1156 2442 risum
1171 2388 1278 2462 posset
1291 2380 1464 2444 continere.
1495 2375 1547 2442 94.
1564 2378 1649 2455 Quis

322 2477 408 2540 enim
429 2476 576 2559 cuiquam
598 2472 755 2536 inimicior
776 2492 871 2556 quam
888 2473 1036 2536 Deiotaro
1052 2472 1188 2536 Caesari
1210 2493 1311 2557 aeque
1325 2481 1421 2558 atque
1439 2473 1514 2537 buic
1528 2471 1648 2546 ordini,

321 2577 357 2634 ut
379 2570 534 2654 equestri,
556 2575 593 2633 ut
612 2566 879 2641 Massiliensibus,
901 2574 936 2630 ut
958 2567 1123 2642 omnibus,
1146 2567 1261 2652 quibus
1275 2587 1341 2632 rem
1359 2567 1516 2650 publicam
1531 2564 1647 2649 populi

285 2682 313 2729 44
322 2665 455 2728 Romani
485 2680 587 2726 caram
614 2681 684 2724 esse
716 2659 882 2724 sentiebat.
922 2661 1021 2743 Igitur
1041 2682 1060 2725 a
1082 2681 1146 2745 qno
1167 2662 1240 2724 vivo
1261 2680 1319 2724 uec
1340 2679 1488 2745 praesens
1509 2679 1569 2723 nec
1590 2659 1649 2722 ab·

322 2777 395 2823 sens
416 2778 475 2821 rex
488 2756 653 2819 Deiotarus
667 2752 841 2837 quidquam
858 2753 952 2838 aequi
967 2754 1043 2817 boni
1058 2755 1250 2839 impetravit,
1272 2755 1355 2839 apud
1369 2761 1526 2816 mortuum
1540 2751 1647 2815 factus

322 2857 372 2914 est
397 2850 562 2933 gratiosus.
602 2846 811 2929 compellarat
843 2846 998 2929 hospitem
1034 2868 1202 2932 praesens,
1234 2853 1446 2930 computarat,
1479 2846 1646 2929 pecuniam

319 2943 520 3030 impetrarat,
542 2942 576 3004 in
597 2940 664 3004 eius
685 2939 854 3003 tetrarchia
874 2960 972 3002 unum
995 2960 1036 3004 ex
1051 2941 1178 3005 Graecis
1200 2940 1367 3005 comitibus
1383 2941 1448 3003 suis
1462 2939 1645 3013 collocarat,

319 3036 501 3101 Armeniam
529 3033 699 3098 abstulerat
723 3052 743 3095 a
765 3038 876 3096 senatu
898 3034 1013 3096 damna.
1048 3034 1134 3099 Ilaec
1156 3035 1244 3097 vivus
1267 3033 1403 3117 eripuit:
1434 3032 1539 3097 reddit
1560 3052 1646 3096 mor·

283 3138 403 3201 sotuus.
446 3126 497 3191 95.
518 3126 694 3211 atquibus
715 3125 843 3189 verbist
871 3126 965 3191 modo
992 3147 1131 3212 aequum
1154 3128 1214 3192 sibi
1235 3128 1351 3203 rideri,
1378 3128 1472 3192 modo
1495 3148 1559 3192 non
1581 3126 1646 3191 ini·

319 3244 428 3308 quum.
470 3220 550 3285 Mira
579 3218 746 3282 verborum
775 3219 971 3303 complexio!
1002 3223 1044 3284 at
1070 3222 1124 3285 ille
1153 3242 1326 3306 numquam
1347 3255 1389 3270 -
1410 3242 1536 3306 semper
1558 3224 1644 3286 enim

319 3317 442 3381 absenti
462 3314 547 3378 adfui
568 3313 717 3377 Deiotaro
732 3345 773 3360 —
788 3314 962 3396 quidquam
977 3314 1052 3389 sibi,
1075 3316 1161 3399 quod
1175 3336 1234 3379 nos
1252 3335 1311 3399 pro
1327 3316 1382 3380 illo
1397 3317 1642 3400 postularemus,

319 3429 457 3495 aequum
486 3407 569 3473 dixit
594 3405 705 3470 videri.
749 3405 933 3488 Syagrapb'a
962 3409 1098 3471 sestertii
1128 3410 1270 3472 centiens
1298 3429 1356 3492 per
1384 3410 1522 3493 legatos,
1554 3412 1643 3474 viros

318 3503 435 3579 bonos,
457 3500 513 3565 sed
535 3498 661 3565 timidos
684 3506 716 3562 et
737 3498 916 3581 imperitos,
939 3500 1007 3563 sine
1029 3508 1152 3577 nostra,
1174 3502 1243 3565 sine
1265 3502 1461 3586 reliquorum
1478 3504 1642 3588 hospitum

282 3597 401 3682 pasegu
430 3593 588 3660 sententia
615 3592 699 3657 facta
726 3592 759 3655 in
790 3592 942 3677 gynaecio
964 3602 1028 3670 est,
1050 3614 1115 3679 quo
1138 3596 1171 3659 in
1193 3596 1264 3661 loco
1286 3597 1439 3681 plurimae
1459 3618 1511 3664 res
1532 3601 1643 3665 venie·

317 3924 395 3976 codd.
412 3937 467 3975 non
482 3922 589 3974 videtur
604 3924 721 3983 entare,
745 3919 859 3973 Plinii.
878 3921 909 3972 ll.
928 3922 975 3984 IX,
994 3923 1040 3984 39,
1059 3921 1104 3984 63,
1127 3922 1216 3986 stoc.
1241 3923 1345 3984 Quintil.
1363 3927 1410 3988 Vl,
1428 3926 1457 3989 3,
1475 3928 1531 3991 bil:
1553 3930 1642 3982 44444-

315 4001 375 4052 44444
390 4000 452 4051 VD.
481 3999 520 4051 ct.
538 3999 641 4063 Zumpt.
660 3997 694 4047 ad
711 3997 787 4047 Verr.
805 4009 831 4061 p.
850 3997 911 4056 434,
934 4010 950 4047 4
971 3999 1046 4048 cuius
1063 3997 1159 4048 iudicio
1176 3997 1290 4051 discedit
1305 4001 1392 4052 Haase
1409 4002 1444 4053 ad
1461 4003 1531 4057 licis.
1549 4003 1639 4056 schot.

314 4077 344 4129 L.
356 4077 385 4127 L.
399 4089 427 4142 p.
439 4074 497 4126 446.
515 4074 549 4123 at
564 4075 594 4122 ut
609 4073 765 4137 saepissime
782 4072 808 4121 tn
821 4070 898 4122 codd.
911 4071 1024 4123 formam
1040 4073 1170 4123 4444444444
1187 4073 1212 4123 in
1229 4081 1349 4126 mouet
1365 4080 1519 4143 corruptam
1535 4079 1642 4132 inveni-

314 4163 390 4214 mus,
409 4150 448 4201 sic
464 4147 536 4199 idem
553 4148 579 4197 in
595 4146 711 4197 44444444
726 4160 776 4198 usn
787 4145 894 4197 venisse
912 4145 1050 4210 probabile
1067 4149 1117 4198 est.
1138 4148 1195 4198 Non
1213 4151 1297 4213 magis
1314 4149 1455 4203 terendum
1471 4157 1513 4206 est
1529 4157 1641 4206 4444444-

313 4226 370 4289 bae,
389 4224 461 4290 quod
477 4222 560 4274 babet
576 4220 635 4272 cod.
649 4219 707 4271 Vat.
721 4221 746 4270 iu
764 4233 803 4272 or.
817 4221 904 4273 Pison.
917 4220 931 4285 5
943 4223 985 4283 st,
1003 4235 1071 4286 quae
1088 4220 1166 4272 lectio
1184 4236 1216 4273 ex
1234 4226 1396 4277 4444444444
1412 4230 1469 4279 orta
1485 4229 1641 4281 videtur.-

314 4302 409 4352 iemae.
428 4311 510 4362 ag·
527 4296 627 4359 populis
642 4295 832 4345 4444444444
848 4295 911 4344 41-
931 4297 955 4346 4.
974 4301 1026 4346 tam
1043 4296 1107 4348 abt
1126 4324 1154 4336 -
1172 4299 1349 4361 4444444444)
1369 4328 1396 4339 -
1415 4303 1439 4353 3.
1457 4305 1640 4370 oocupatmv

313 4402 346 4413 —
357 4375 382 4426 4.
400 4375 523 4437 lopertum
539 4385 555 4421 4
568 4397 595 4407 -
614 4371 728 4443 44444444
742 4370 803 4418 V-
823 4370 972 4420 diminutam
988 4370 1056 4435 abg
1069 4398 1096 4408 -
1116 4374 1141 4423 4,
1153 4376 1257 4436 44444444
1272 4375 1368 4425 44444444
1384 4376 1441 4426 Vt:
1459 4380 1546 4442 septies
1560 4381 1641 4432 mitta

313 4449 347 4510 b;
365 4451 452 4512 septies
464 4447 544 4497 4444444
559 4446 695 4495 4444444444
712 4456 765 4507 ag:
783 4445 870 4507 septies
884 4445 973 4495 millies
989 4446 1009 4496 0
1023 4473 1050 4482 -
1069 4446 1150 4496 eetV:
1171 4461 1225 4500 om.
1238 4450 1289 4500 D0
1303 4478 1330 4486 -
1349 4451 1373 4500 6.
1389 4451 1496 4515 OptaV:
1515 4455 1640 4519 θρεψα-

313 4525 379 4577 tedat
394 4524 487 4575 DO-
499 4533 617 4585 4444444
629 4521 649 4571 0
661 4522 721 4585 post
735 4517 1031 4589 rccaererorhabent.-
1049 4519 1087 4569 iis
1103 4533 1118 4570 a
1126 4533 1144 4585 g
1158 4547 1186 4558 -
1199 4522 1225 4572 8.
1238 4524 1457 4589 44444444444444
1473 4530 1498 4579 t:
1517 4532 1641 4592 4444444-

313 4596 615 4668 peutiesVoteestertiam
626 4595 719 4658 quadr.
732 4595 764 4655 D)
775 4619 802 4632 -
814 4595 904 4645 martis
914 4593 1060 4644 4444444-
1080 4595 1104 4646 9.
1118 4596 1189 4646 ateV
1202 4624 1228 4635 -
1248 4599 1405 4650 44444444-
1418 4601 1482 4652 Sient
1497 4607 1640 4668 ecquidem

313 4678 419 4724 --aeta
434 4670 585 4735 4444444444
596 4681 627 4733 p.
646 4669 718 4729 ttae,
732 4668 763 4719 40
780 4668 877 4719 desunt
893 4671 919 4719 in
936 4671 972 4729 ὓς
990 4669 1028 4720 Vi
1046 4672 1107 4720 ante
1118 4671 1182 4721 Suet
1196 4685 1228 4723 ea
1243 4673 1311 4726 haec
1328 4674 1445 4727 habent:
1464 4679 1530 4740 0444
1544 4693 1590 4745 apo
1608 4682 1639 4734 aa

312 4747 486 4800 conmentario
501 4745 610 4796 44444444
626 4743 728 4808 infiatis
743 4743 804 4806 qaid
820 4744 849 4793 de
864 4743 1085 4795 cromatium
1101 4746 1218 4810 [44444444
1233 4750 1324 4811 quiden
1339 4754 1575 4820 amaeam)
1592 4771 1639 4819 cp.

311 4822 445 4888 roprapbie
460 4821 570 4871 caesaris
585 4815 694 4882 loquar?
716 4830 785 4880 quae
801 4816 871 4868 male
888 4818 940 4869 huc
957 4818 1026 4871 litata
1043 4822 1154 4872 suntor
1171 4822 1229 4875 loco
1246 4824 1370 4878 interiore
1386 4841 1444 4893 cap.
1463 4830 1496 4881 38
1512 4831 1549 4882 in.
1567 4831 1639 4883 Naa-

312 4896 466 4962 gelsbaehio
487 4909 529 4945 vv.
553 4893 597 4944 Ubi
618 4897 652 4944 eet
671 4892 775 4955 septiens
795 4893 1035 4946 milissendem
1056 4896 1160 4948 deeuti?
1181 4902 1242 4965 post
1261 4906 1321 4952 4444
1342 4902 1493 4966 &serdices
1514 4919 1543 4972 p.
1562 4907 1637 4970 ttae,

313 4973 346 5023 to
367 4969 564 5035 transponenda
585 4969 717 5020 videntur.
737 4994 764 5003 —
790 4968 829 5018 to.
848 4981 866 5016 a
887 4968 936 5018 tais
958 4970 1087 5022 Faernus:
1106 4973 1228 5035 adsim
1251 4990 1269 5026 a
1289 4977 1394 5029 diuersis
1409 4980 1446 5030 40
1469 5010 1497 5021 -
1520 4983 1639 5034 44444444-
1748 4981 1755 4990 ”

312 5053 347 5100 tes
363 5048 424 5098 teV
443 5074 469 5083 -
494 5047 534 5097 44.
550 5046 638 5109 pepecit
656 5045 762 5095 44444444
776 5043 800 5094 V
816 5042 901 5115 plenis
924 5040 1031 5096 litteris:
1055 5049 1148 5111 populo
1170 5051 1198 5101 a.
1218 5049 1319 5116 aliquot
1337 5053 1399 5105 edd.
1416 5082 1450 5092 —
1471 5056 1511 5107 44.
1526 5057 1638 5121 poreeV

315 5149 343 5159 -
362 5120 402 5172 44.
420 5135 474 5171 rem
490 5121 561 5185 publi
581 5122 648 5170 V-
673 5122 713 5171 44.
731 5120 811 5184 Igitur
831 5117 876 5168 V¹:
899 5120 924 5169 Is
943 5121 1060 5184 igitarV
1080 5136 1117 5173 m.
1135 5125 1151 5175 2
1168 5126 1196 5174 et
1212 5126 1236 5186 i;
1263 5126 1638 5194 Sed1igitur]o.1.ecttonem

311 5197 428 5262 isipitar
444 5197 523 5247 etiem
541 5197 567 5248 iu
584 5195 645 5259 Teg.
664 5196 692 5245 44
708 5194 826 5244 Gudtsno
843 5195 948 5245 exstare
971 5197 1008 5245 444
1024 5197 1221 5251 Wernsdorflus
1238 5199 1335 5253 oblitus
1352 5203 1420 5254 hano
1436 5208 1519 5260 totam
1535 5209 1637 5260 oratio-

312 5274 353 5324 nis
369 5274 473 5336 partem
490 5270 523 5321 ab
541 5271 572 5321 iis
588 5268 693 5321 abesse.
706 5295 739 5305 -
756 5269 796 5320 46.
814 5281 863 5319 rea
878 5269 1013 5320 Deiotarus
1028 5270 1064 5320 V:
1083 5285 1137 5323 om.
1156 5274 1193 5325 40
1208 5301 1233 5310 -
1253 5276 1388 5340 inperauit
1403 5285 1465 5342 apest
1480 5281 1550 5332 v-
1564 5279 1636 5347 [acti

312 5348 336 5397 V
347 5373 375 5383 ·-
395 5347 435 5397 47.
452 5347 578 5412 presuras
594 5342 749 5397 Ubaldinus:
773 5349 862 5409 pratea
872 5344 928 5403 vi;
947 5344 1007 5397 tort.
1024 5349 1122 5400 rectius
1137 5351 1283 5415 4444444444
1296 5379 1324 5391 -
1341 5355 1498 5417 conpetant
1512 5358 1548 5418 V;
1565 5371 1637 5408 amp.

308 5423 410 5486 pubrat
427 5422 435 5470 4
452 5447 481 5459 -
499 5423 650 5482 conputaret
665 5418 688 5467 V
705 5443 732 5454 —
753 5418 793 5469 48,
811 5418 953 5480 inpetrarat
968 5420 1004 5470 V:
1022 5422 1162 5485 inperaret
1178 5426 1215 5477 40
1234 5455 1261 5464 -
1285 5429 1478 5482 utreebiaesen
1493 5445 1526 5484 44
1542 5433 1579 5494 V;
1597 5439 1637 5485 te-

311 5496 451 5547 trarchiam
466 5509 500 5546 44
516 5497 541 5555 4;
567 5493 728 5543 tetrarchiam
743 5506 821 5542 auum
838 5506 871 5543 44
887 5493 907 5543 0
925 5506 1016 5544 errore
1034 5510 1186 5562 operarum.
1206 5526 1233 5536 —
1253 5501 1293 5552 ta.
1312 5515 1329 5551 a
1345 5509 1398 5554 ectu
1412 5504 1436 5553 V
1450 5532 1484 5544 -
1499 5507 1580 5558 reddit
1596 5509 1633 5560 V:

311 5571 418 5622 reddidit
435 5571 443 5619 4
462 5596 489 5607 -
510 5568 552 5619 20.
571 5566 658 5629 quibus
673 5566 771 5616 4444444
788 5567 822 5628 V,
846 5566 905 5617 tort.
924 5581 958 5618 ex
979 5582 1003 5632 q.
1021 5572 1140 5624 44444444.
1160 5600 1188 5610 -
1212 5588 1299 5626 eccum
1316 5576 1372 5641 (pm
1388 5582 1482 5645 amm)
1499 5582 1548 5632 ,put
1563 5582 1587 5633 v
1605 5610 1634 5620 -

310 5646 405 5695 iolcum
420 5645 443 5693 V
461 5670 488 5679 -
507 5644 548 5693 2⁴.
566 5639 661 5705 cipleat
677 5641 718 5692 ilie
733 5641 756 5689 V
773 5667 802 5678 -
820 5656 950 5706 uunquam
967 5645 989 5705 i;
1006 5660 1127 5709 umquam
1143 5649 1205 5699 V-
1223 5650 1266 5702 23.
1283 5655 1454 5715 44444444-
1470 5655 1636 5720 4444944440

314 5747 342 5757 -
360 5721 449 5771 certos
465 5719 485 5770 0
504 5746 532 5756 -
548 5712 625 5781 44444]
642 5721 713 5767 artos
728 5715 751 5764 V
769 5743 797 5754 -
815 5717 856 5769 at.
873 5719 981 5769 simetro
996 5720 1030 5779 V;
1054 5724 1106 5773 siae
1121 5737 1169 5774 sua
1184 5725 1210 5785 13
1232 5726 1284 5777 eice
1299 5726 1371 5778 84444
1393 5727 1441 5791 (sc.
1458 5730 1583 5794 Pompei3
1606 5743 1633 5781 v.

313 5809 356 5861 ep.
374 5795 409 5846 ad
424 5797 476 5846 444.
494 5792 562 5856 XVI,
581 5792 606 5855 3,
624 5793 647 5855 4)
671 5791 817 5844 Ferrarius.
837 5794 928 5846 -44,
946 5797 1066 5848 antestio
1082 5799 1103 5847 V
1127 5799 1152 5849 in
1173 5813 1225 5852 ras.
1243 5813 1280 5853 m.
1297 5802 1314 5853 2
1331 5800 1422 5856 babet.
1442 5831 1470 5847 -·
1490 5806 1636 5875 4444444444

313 5883 376 5922 nos:
393 5869 513 5935 44444444
529 5872 553 5920 44
568 5867 605 5930 V;
622 5879 746 5932 44444444
763 5867 808 5918 40.
