3800 7350
300 1188 384 1265 *Μ
722 1217 876 1285 osarm
895 1220 938 1283 ns
960 1220 996 1283 1.
1015 1220 1193 1286 nsum

298 1382 415 1455 uin,
447 1404 582 1468 φυη-
615 1385 694 1449 uait
724 1398 791 1461 est,
822 1388 908 1472 qnod
937 1409 1003 1451 non
1035 1390 1077 1451 rit
1106 1390 1176 1470 lega
1208 1390 1287 1452 lalia
1319 1388 1380 1473 [ne
1408 1387 1477 1453 beri
1510 1387 1623 1472 liceat]

170 1509 186 1550 ,·
298 1476 455 1540 undu·
483 1478 661 1561 diligenter.
710 1477 763 1542 91.
797 1482 971 1552 Aetoliam,
999 1502 1083 1564 qnae
1115 1483 1223 1565 proeal
1250 1504 1271 1544 a
1297 1484 1441 1547 barbaris
1462 1485 1625 1547 disiuncta

298 1569 1625 1659 gutibuinsinnparispositanedioieretiraeeiargreniocontiuetur,

297 1679 320 1723 o
341 1662 444 1726 Poena
473 1676 506 1729 et
534 1669 627 1731 Faria
655 1671 832 1732 sociorum!
865 1669 1025 1733 decedens
1052 1671 1198 1733 miseram
1226 1670 1404 1752 perdidisti
1446 1672 1625 1743 Arsinoen,
1723 1739 1726 1743 Δ

274 1754 456 1832 ttoaun,
477 1761 692 1844 lianpactsm,
722 1773 756 1824 nt
778 1763 872 1825 modo
893 1772 961 1825 tnte
982 1763 1146 1834 indicasti,
1174 1764 1298 1825 nobiles
1319 1763 1415 1825 urbes
1436 1772 1533 1847 atque
1556 1765 1626 1847 ple·

299 1868 373 1923 nas,
404 1852 513 1917 lateris
541 1855 583 1917 ab
610 1856 752 1918 bostrbns
773 1876 844 1918 esse
865 1867 984 1939 captas,
1025 1855 1151 1931 Quibns
1171 1865 1277 1918 ante·
1297 1856 1466 1919 bsfflbnst
1501 1859 1625 1940 Nempe

299 1941 356 2016 iis,
385 1966 467 2029 qnos
489 1956 539 2022 tu,
567 1949 753 2012 Ambraciae
774 1949 910 2022 sedens,
939 1951 1042 2031 prino
1063 1960 1120 2011 tao
1141 1949 1278 2012 adrentus
1300 1970 1343 2012 ex
1364 1950 1492 2033 oppidis
1513 1952 1626 2033 Agria-

299 2053 375 2097 num
407 2046 503 2123 atque
531 2041 688 2125 Dolopum
717 2043 893 2124 demigrare
922 2052 956 2104 ct
984 2062 1054 2105 aras
1083 2051 1115 2103 et
1146 2042 1234 2104 locos
1264 2044 1446 2127 relinquere
1480 2045 1625 2127 coegisti.

300 2124 367 2191 llos
388 2138 421 2192 tu
442 2133 475 2195 is
497 2136 603 2208 exitu,
634 2136 794 2218 praeclare
815 2137 1000 2219 imperator,
1028 2157 1100 2197 cum
1129 2136 1186 2197 tibi
1207 2134 1247 2197 ad
1270 2138 1420 2218 pristinas
1441 2137 1550 2201 clades
1571 2158 1625 2200 ac·

262 2223 402 2285 “cessio
422 2223 535 2291 luisset
554 2228 698 2291 Aetoliae
718 2230 904 2311 repentinus
932 2229 1094 2300 interitus,
1126 2230 1301 2292 exercitum
1323 2229 1488 2303 dimisisti,
1518 2251 1624 2315 neque

299 2312 396 2378 nllssn
411 2338 562 2402 poenam,
583 2341 667 2405 qnae
689 2330 776 2384 tanto
796 2322 929 2385 facinori
951 2321 1133 2393 deberetur,
1154 2343 1217 2385 aon
1239 2324 1377 2385 uniet
1398 2324 1506 2386 subire
1526 2344 1623 2407 qnam

300 2425 463 2476 nummum
486 2423 613 2477 tuorum
635 2415 769 2478 militnm
790 2416 1006 2499 reliquiasqne
1026 2436 1226 2497 cognoscem.

384 2506 559 2571 xxxvtst
589 2506 641 2572 94.
675 2513 778 2593 Atque
805 2518 840 2572 ut
868 2511 1001 2573 duorum
1023 2510 1250 2592 Epicureorum
1271 2511 1510 2576 similitudinem
1532 2514 1566 2573 in
1588 2532 1624 2576 re

300 2596 427 2662 militari
454 2600 654 2687 imperioque
675 2604 826 2677 rideatis,
858 2603 1026 2676 Albucius,
1057 2623 1129 2665 cum
1158 2604 1191 2664 iu
1214 2604 1361 2666 Sardinia
1388 2606 1623 2688 triumphasset,

263 2690 416 2757 “lionae
438 2693 604 2759 damnans
625 2706 693 2761 est:
715 2697 767 2759 bic
789 2717 859 2759 cum
881 2697 1017 2760 similem
1038 2699 1158 2759 exitum
1180 2707 1394 2780 exspectaret,
1420 2700 1454 2761 in
1475 2697 1624 2760 liacedo-

300 2785 353 2847 nia
367 2794 496 2871 tropaea
509 2791 633 2873 posuit;
655 2811 775 2875 eaque,
797 2809 879 2873 qnae
893 2790 1027 2853 bellicae
1042 2789 1142 2853 laudis
1157 2792 1372 2873 victoriaeque
1386 2811 1498 2854 omnes
1511 2799 1624 2873 gentes

299 2876 437 2961 insignia
458 2890 490 2944 et
510 2892 711 2947 monumenta
732 2904 803 2947 esse
825 2883 1010 2956 voluerunt,
1041 2893 1151 2946 noster
1170 2884 1221 2945 bic
1241 2891 1467 2966 praeposterus
1488 2886 1624 2967 impera·

299 2978 349 3033 tor
369 2974 554 3040 amissorum
575 2979 786 3061 oppidorum,
813 2997 975 3039 caesarum
998 2976 1177 3058 legionum,
1204 2978 1388 3058 provinciae
1409 2977 1569 3060 praesidio
1592 2986 1625 3039 et

299 3063 432 3149 reliquis
453 3069 604 3134 militibus
625 3072 753 3134 orbatae
773 3070 814 3134 ad
837 3071 1064 3153 sempiternum
1086 3069 1223 3132 dedems
1244 3072 1293 3132 sui
1316 3072 1443 3152 generis
1464 3078 1498 3133 et
1518 3072 1622 3134 nomi·

262 3158 350 3222 ttnis
369 3159 495 3225 iuuenta
516 3164 635 3228 indicia
656 3165 835 3228 constitnit:
862 3163 1030 3247 idemque,
1057 3171 1093 3226 ut
1114 3173 1198 3225 esset
1222 3164 1308 3246 quod
1330 3165 1364 3226 in
1385 3165 1454 3227 basi
1475 3174 1624 3247 tropaeo-

299 3272 368 3316 rum
389 3255 517 3319 inscribi
537 3259 698 3342 incidique
720 3267 848 3341 posset,
881 3256 1084 3341 Dyrrachium
1107 3265 1142 3319 ut
1162 3257 1249 3318 venit
1269 3257 1444 3329 decedens,
1473 3258 1623 3321 obsessus

299 3348 408 3410 catab
429 3349 470 3412 iis
491 3350 571 3434 ipsis
592 3352 760 3426 militibus,
795 3371 876 3435 quos
897 3351 994 3433 paulo
1014 3359 1087 3412 aute
1108 3353 1269 3433 Torquato
1291 3350 1458 3433 respondit
1477 3348 1623 3414 beneficii

300 3460 395 3504 causa
416 3461 434 3505 a
456 3464 491 3507 se
512 3464 584 3509 esse
606 3446 763 3510 dimissos.
807 3443 859 3507 93.
896 3444 1112 3521 Quibuscum
1135 3445 1256 3507 iuratus
1275 3441 1461 3508 affirmasset
1482 3466 1516 3507 se
1538 3464 1622 3528 quae

299 3533 490 3600 deberentur
515 3548 644 3621 postero
672 3540 725 3603 die
755 3539 1006 3622 persoluturum,
1041 3538 1171 3600 domum
1199 3557 1234 3599 se
1261 3537 1398 3612 abdidit;
1431 3538 1506 3600 inde
1528 3545 1623 3601 nocte

262 3626 488 3714 §intempesta
521 3633 699 3718 crepidatus
734 3642 821 3697 reste
854 3631 961 3696 corvili
995 3652 1107 3695 navem
1139 3631 1324 3695 conscendit
1354 3630 1623 3715 Brundisiumque

299 3723 410 3787 vitarit
437 3735 470 3788 et
497 3727 624 3792 ultiman
652 3727 805 3791 Hadriani
833 3727 929 3790 maris
950 3746 1023 3788 oras
1045 3726 1176 3809 petivit:
1212 3747 1283 3789 cum
1310 3727 1437 3789 interim
1457 3725 1622 3809 Dyrrachii

300 3816 414 3882 milites
444 3819 589 3895 domum,
620 3821 653 3883 iu
682 3843 747 3905 qua
774 3823 869 3885 istum
896 3839 967 3883 esse
995 3819 1236 3892 arbitrarentur,
1266 3819 1413 3882 obsidere
1440 3826 1623 3901 coeperunt,

300 3918 348 3986 el,
380 3934 450 3977 curn
481 3915 579 3979 latere
606 3915 763 3980 bominem
791 3922 953 4000 putarent,
985 3914 1074 3996 ignes
1103 3913 1386 3976 circumdederunt.
1441 3910 1514 3987 Quo
1536 3918 1624 3974 metu

301 4006 447 4071 commoti
475 4007 658 4092 Dyrrachini
689 4009 865 4092 profugisse
897 4017 991 4070 noctu
1021 4007 1217 4089 crepidatum
1248 4008 1469 4089 imperatorem
1501 4004 1624 4069 iudica·

263 4109 422 4163 esserunt
466 4102 514 4164 llli
535 4110 642 4166 autem
671 4111 805 4166 statuam
834 4103 923 4165 istius
953 4101 1163 4184 persimilem,
1192 4120 1286 4183 quam
1307 4108 1392 4164 stare
1414 4101 1623 4166 celeberrimo

301 4191 334 4254 in
356 4193 427 4258 loco
450 4195 606 4269 vuluerat,
629 4217 668 4259 ne
691 4196 868 4260 suavissimi
890 4194 1028 4257 hominis
1050 4195 1201 4257 memoria
1223 4201 1414 4268 moreretur,
1442 4192 1622 4263 deturbant,

300 4285 459 4370 aliliqunt,
481 4292 716 4364 comminuunt,
738 4290 900 4373 dissipant
945 4291 996 4351 Sic
1017 4289 1146 4361 odium,
1169 4288 1254 4371 quod
1277 4289 1309 4350 in
1324 4289 1427 4373 ipsum
1442 4285 1622 4356 attulerant,

300 4383 331 4446 id
360 4383 394 4446 in
422 4385 490 4446 eius
518 4384 685 4467 imaginem
714 4405 751 4447 ao
785 4383 986 4447 simulacrum
1015 4382 1230 4466 profuderunt
1274 4377 1325 4442 94.
1358 4383 1447 4458 Quae
1476 4401 1548 4444 eum
1578 4381 1622 4442 ita

300 4476 425 4541 sint-
447 4496 512 4540 non
534 4479 616 4540 enim
639 4478 750 4541 dubito
780 4478 874 4560 quin,
906 4497 975 4540 cum
1003 4478 1096 4547 baec,
1131 4496 1214 4559 quae
1244 4476 1416 4548 excellunt,
1449 4495 1499 4538 me
1526 4495 1623 4538 nosse

263 4568 424 4646 arrideas,
460 4589 524 4633 non
547 4572 708 4635 existimes
730 4571 866 4634 mediam
888 4571 974 4633 illam
997 4579 1117 4654 partem
1141 4576 1173 4632 et
1194 4570 1316 4633 turbam
1339 4568 1529 4652 flagitiorum
1550 4577 1623 4630 tuo-

302 4684 370 4730 rum
400 4662 476 4729 mibi
505 4684 575 4729 esse
603 4665 776 4728 inauditam
796 4697 854 4738 -,
889 4663 967 4728 nibil
999 4672 1047 4726 est
1078 4663 1163 4746 quod
1193 4683 1243 4725 me
1271 4663 1413 4736 hortere,
1448 4663 1527 4726 nibil
1549 4657 1622 4748 [est]

368 4936 390 4985 4.
408 4934 482 4985 ttceot
498 4935 544 4985 EF
555 4937 588 4984 G:
609 4934 686 4996 possit
707 4934 773 4993 bls;
798 4947 840 4983 vv.
863 4947 893 4984 ne
914 4935 970 4998 fleri
987 4935 1058 4983 licem
1075 4933 1171 4996 (possit)
1188 4931 1319 4996 glossema
1337 4933 1472 4991 videntum
1497 4949 1559 4986 nam
1582 4940 1624 4989 est

301 5011 423 5060 nocturn
440 5009 466 5059 h.
480 5008 497 5059 l.
511 5011 629 5060 nostrum
648 5013 794 5070 ereptum
814 5009 847 5060 cl.
860 5010 895 5059 de
907 5010 981 5060 Ollio.
994 5011 1036 5067 144,
1055 5009 1122 5073 364.
1138 5035 1164 5044 -
1184 5011 1209 5058 4.
1221 5010 1343 5058 samson
1359 5008 1502 5059 Diomedes
1519 5023 1545 5074 p.
1559 5011 1621 5064 368:

301 5089 414 5135 noctem
428 5086 447 5135 C
462 5110 487 5121 -
507 5084 631 5134 dbtoacto
647 5083 690 5133 ed,
703 5084 768 5134 Ven.
784 5083 863 5136 tttt:
883 5084 1006 5134 distorrcto
1021 5091 1056 5133 est
1072 5086 1101 5143 C,
1120 5082 1192 5147 quod
1210 5084 1232 5134 si
1249 5082 1361 5146 probes,
1380 5081 1473 5146 copula
1491 5089 1551 5147 post
1565 5099 1624 5153 perr-

301 5159 365 5209 ttbos
380 5158 501 5209 addendo
519 5161 570 5209 est.
585 5185 611 5196 ·-
630 5157 655 5210 4.
674 5163 697 5209 st
713 5158 792 5222 Fortu
809 5159 924 5209 EFPS:
943 5159 1048 5208 offerto
1061 5161 1080 5207 G
1091 5159 1140 5208 440
1154 5184 1181 5195 -
1195 5159 1324 5217 Arsinoen,
1343 5159 1457 5207 Stratum
1468 5160 1621 5213 Turnebus:

301 5235 421 5286 orrtnooo
438 5236 575 5296 (ornacum
592 5235 617 5296 t)
635 5235 749 5284 tiroctsm
766 5236 785 5284 C
805 5260 831 5270 -
852 5237 877 5285 s.
893 5238 1041 5296 neuportum
1056 5235 1107 5284 MS
1122 5261 1148 5270 -
1168 5235 1192 5282 7.
1210 5233 1350 5296 Apriosserr
1363 5233 1515 5284 Turnebus:
1534 5239 1623 5300 apprr-

302 5311 424 5360 nsrrrmt'
440 5316 466 5346 -'-
486 5310 526 5359 44.
544 5309 685 5359 44444140-
706 5309 745 5358 44.
759 5308 885 5371 reliquisse
900 5321 971 5371 copis.
985 5309 1004 5358 E
1017 5311 1077 5370 (non
1090 5310 1118 5369 G)
1133 5334 1159 5343 -
1179 5321 1351 5370 recopnoscere
1362 5306 1460 5358 malim.
1475 5333 1501 5343 -
1522 5310 1561 5358 43.
1572 5314 1624 5374 ept-

301 5385 430 5435 arerem
447 5385 464 5435 4
483 5410 508 5420 -
530 5383 570 5435 44.
588 5383 697 5432 obtestor
712 5384 733 5434 E
749 5385 811 5444 (nou
829 5385 859 5445 0)
879 5407 905 5420 -
926 5385 966 5433 45,
984 5387 1137 5445 exspectaret
1154 5383 1164 5430 4
1182 5382 1241 5431 oud.
1256 5383 1345 5432 Fuerui
1357 5385 1384 5431 et
1394 5385 1410 5432 4
1421 5384 1522 5433 Oroun.
1535 5387 1565 5447 (C
1575 5387 1620 5448 lll:

301 5465 421 5523 spectaret
438 5461 457 5511 C
477 5459 532 5523 (sed
550 5462 585 5508 o:
608 5460 711 5509 slrnllem
726 5460 785 5509 oodt
800 5460 827 5508 ts
842 5470 871 5508 rc
886 5458 1015 5522 spectaret)
1035 5484 1061 5494 ·-
1082 5459 1120 5506 46.
1140 5463 1227 5519 tropeo
1244 5460 1274 5512 P:
1300 5458 1401 5519 tropteo
1417 5459 1523 5509 Erus
1540 5464 1567 5511 et
1583 5462 1623 5511 sic

304 5536 377 5589 luiso.
398 5563 422 5573 -·
443 5548 522 5600 coquas
538 5547 602 5598 quos
619 5535 661 5585 ed.
681 5537 765 5585 Crat:
784 5547 863 5597 eoque
879 5532 919 5584 vel
937 5546 972 5588 eo,
984 5547 1049 5596 quoe
1066 5535 1084 5582 C
1105 5561 1131 5570 —
1152 5534 1273 5582 remoue
1288 5546 1352 5595 osas
1368 5534 1416 5583 Et>
1435 5557 1462 5569 -
1482 5535 1521 5582 47.
1539 5535 1622 5584 emet

303 5615 386 5662 merito
402 5613 461 5660 0-
481 5612 522 5661 40.
536 5612 634 5673 {necno
651 5611 768 5662 El'GP:
788 5623 840 5660 om.
853 5609 904 5659 tls
919 5635 945 5646 ·-
964 5607 1051 5657 imbuti
1069 5609 1128 5657 E-
1148 5609 1188 5657 44.
1202 5608 1278 5656 incidi
1293 5607 1476 5668 bwtbtqustl
1491 5635 1517 5646 -
1536 5611 1576 5659 44.
1589 5609 1622 5658 ob

302 5685 361 5749 ipsis
377 5685 451 5748 busti
465 5712 492 5723 -
510 5685 551 5737 43.
564 5698 582 5735 o
597 5686 741 5736 sesses:
760 5689 805 5733 oct
820 5684 887 5741 scF3
906 5682 938 5732 ob
955 5696 979 5732 ss
991 5684 1040 5732 440
1056 5710 1079 5718 -
1095 5685 1136 5733 rt.
1149 5683 1364 5741 amatoresque
1375 5683 1499 5732 Futts-
1518 5685 1559 5733 46.
1571 5685 1621 5733 lto·

303 5759 388 5809 drtord
408 5759 493 5811 EPS:
516 5759 619 5810 adrium
638 5759 718 5809 pqqq
737 5783 763 5794 —
788 5759 828 5808 47.
847 5758 1034 5808 arbitrarentur
1050 5760 1078 5807 S:
1106 5758 1264 5807 arbitrentur
1285 5757 1407 5815 stum
1431 5757 1622 5808 orbitrobm

305 5832 367 5883 edd.
384 5861 408 5871 -
427 5834 468 5884 rt.
485 5835 592 5886 coerrotl
603 5837 623 5884 G
635 5859 662 5871 -
681 5837 756 5884 scoto
769 5833 908 5897 prorupisse
925 5838 985 5885 0-
1005 5833 1044 5884 tt.
1064 5834 1090 5882 tn
1107 5847 1159 5883 om.
1173 5834 1222 5883 EG
1236 5859 1262 5868 -
1281 5832 1321 5883 3l.
1334 5833 1452 5882 werbert
1463 5834 1497 5889 C:
1517 5833 1550 5884 ol.
1563 5847 1619 5885 var.

306 5907 366 5961 lect.
385 5923 412 5976 ρ.
425 5909 497 5975 4047,
510 5910 551 5965 47.
565 5935 592 5947 -
611 5911 652 5964 db.
669 5908 699 5977 ct]
716 5915 745 5960 ot
762 5912 782 5960 G
795 5935 822 5945 -
843 5909 884 5961 36.
902 5910 964 5960 nibil
978 5914 1013 5960 est
1029 5909 1095 5974 quod
1111 5909 1197 5959 invites
1212 5908 1317 5959 EFGS:
1335 5912 1370 5959 est
1386 5920 1440 5957 om.
1453 5906 1469 5958 4
1480 5909 1544 5959 011.
1556 5909 1618 5959 440.
