<?xml version="1.0" encoding="UTF-8"?>
<!DOCTYPE html PUBLIC "-//W3C//DTD XHTML 1.0 Transitional//EN"
    "http://www.w3.org/TR/xhtml1/DTD/xhtml1-transitional.dtd">
<html xmlns="http://www.w3.org/1999/xhtml" xml:lang="en" lang="en">
 <head>
  <title>
</title>
<meta http-equiv="Content-Type" content="text/html;charset=utf-8" />
  <meta name='ocr-system' content='tesseract 3.04.00' />
  <meta name='ocr-capabilities' content='ocr_page ocr_carea ocr_par ocr_line ocrx_word'/>
</head>
<body>
  <div class='ocr_page' id='page_1' title='image "./operaquaesupers08halmgoog_0641.png"; bbox 0 0 3800 7350; ppageno 0'>
   <div class='ocr_carea' id='block_1_1' title="bbox 695 1187 1595 1279">
    <p class='ocr_par' dir='ltr' id='par_1_1' title="bbox 695 1187 1595 1279">
     <span class='ocr_line' id='line_1_1' title="bbox 695 1187 1595 1279; baseline -0.002 -18"><span class='ocrx_word' id='word_1_1' title='bbox 695 1196 768 1261; x_wconf 79' lang='lat' dir='ltr'><strong>Car.</strong></span> <span class='ocrx_word' id='word_1_2' title='bbox 789 1195 946 1260; x_wconf 76' lang='lat' dir='ltr'><strong>lit-xi.</strong></span> <span class='ocrx_word' id='word_1_3' title='bbox 973 1189 1020 1279; x_wconf 70' lang='lat'><strong>§§</strong></span> <span class='ocrx_word' id='word_1_4' title='bbox 1040 1187 1186 1260; x_wconf 75' lang='lat' dir='ltr'><strong>2l-26.</strong></span> <span class='ocrx_word' id='word_1_5' title='bbox 1514 1191 1595 1259; x_wconf 71' lang='lat'><strong>4363</strong></span> 
     </span>
    </p>
   </div>
   <div class='ocr_carea' id='block_1_2' title="bbox 232 1359 1642 3695">
    <p class='ocr_par' dir='ltr' id='par_1_2' title="bbox 232 1359 1642 3695">
     <span class='ocr_line' id='line_1_2' title="bbox 284 1359 1597 1455; baseline 0 -24"><span class='ocrx_word' id='word_1_6' title='bbox 284 1386 420 1455; x_wconf 89' lang='lat' dir='ltr'><strong>quaeso,</strong></span> <span class='ocrx_word' id='word_1_7' title='bbox 448 1385 505 1452; x_wconf 91' lang='lat' dir='ltr'><strong>pro</strong></span> <span class='ocrx_word' id='word_1_8' title='bbox 532 1374 586 1430; x_wconf 89' lang='lat' dir='ltr'><strong>tua</strong></span> <span class='ocrx_word' id='word_1_9' title='bbox 607 1366 756 1449; x_wconf 80' lang='lat' dir='ltr'>singulari</span> <span class='ocrx_word' id='word_1_10' title='bbox 778 1367 935 1450; x_wconf 76' lang='lat' dir='ltr'><strong>sapientia</strong></span> <span class='ocrx_word' id='word_1_11' title='bbox 955 1364 1090 1448; x_wconf 85' lang='lat' dir='ltr'><strong>reprime</strong></span> <span class='ocrx_word' id='word_1_12' title='bbox 1110 1364 1225 1427; x_wconf 80' lang='lat' dir='ltr'><strong>lamam</strong></span> <span class='ocrx_word' id='word_1_13' title='bbox 1246 1370 1341 1447; x_wconf 91' lang='lat' dir='ltr'><strong>atque</strong></span> <span class='ocrx_word' id='word_1_14' title='bbox 1363 1359 1465 1440; x_wconf 86' lang='lat' dir='ltr'><strong>effice,</strong></span> <span class='ocrx_word' id='word_1_15' title='bbox 1491 1388 1532 1431; x_wconf 90' lang='lat' dir='ltr'><strong>ne</strong></span> <span class='ocrx_word' id='word_1_16' title='bbox 1553 1368 1597 1443; x_wconf 93' lang='lat' dir='ltr'><strong>id,</strong></span> 
     </span>
     <span class='ocr_line' id='line_1_3' title="bbox 281 1456 1596 1546; baseline -0.002 -21"><span class='ocrx_word' id='word_1_17' title='bbox 281 1462 368 1546; x_wconf 93' lang='lat' dir='ltr'><strong>quod</strong></span> <span class='ocrx_word' id='word_1_18' title='bbox 390 1477 453 1524; x_wconf 87' lang='lat' dir='ltr'><strong>uon</strong></span> <span class='ocrx_word' id='word_1_19' title='bbox 476 1477 580 1534; x_wconf 87' lang='lat' dir='ltr'><strong>curas,</strong></span> <span class='ocrx_word' id='word_1_20' title='bbox 602 1479 717 1545; x_wconf 90' lang='lat' dir='ltr'><strong>cupere</strong></span> <span class='ocrx_word' id='word_1_21' title='bbox 739 1461 874 1524; x_wconf 83' lang='lat' dir='ltr'><strong>videare.</strong></span> <span class='ocrx_word' id='word_1_22' title='bbox 917 1456 969 1520; x_wconf 62' lang='lat' dir='ltr'><strong>bl.</strong></span> <span class='ocrx_word' id='word_1_23' title='bbox 992 1458 1084 1534; x_wconf 89' lang='lat' dir='ltr'><strong>Quod</strong></span> <span class='ocrx_word' id='word_1_24' title='bbox 1107 1457 1234 1541; x_wconf 89' lang='lat' dir='ltr'><strong>quidem</strong></span> <span class='ocrx_word' id='word_1_25' title='bbox 1256 1475 1294 1519; x_wconf 91' lang='lat' dir='ltr'><strong>eo</strong></span> <span class='ocrx_word' id='word_1_26' title='bbox 1309 1457 1524 1523; x_wconf 86' lang='lat' dir='ltr'><strong>vehementius</strong></span> <span class='ocrx_word' id='word_1_27' title='bbox 1540 1462 1596 1525; x_wconf 92' lang='lat' dir='ltr'><strong>tibi</strong></span> 
     </span>
     <span class='ocr_line' id='line_1_4' title="bbox 281 1550 1597 1638; baseline 0 -21"><span class='ocrx_word' id='word_1_28' title='bbox 281 1552 487 1617; x_wconf 89' lang='lat' dir='ltr'><strong>laborandum</strong></span> <span class='ocrx_word' id='word_1_29' title='bbox 509 1558 572 1628; x_wconf 90' lang='lat' dir='ltr'><strong>est,</strong></span> <span class='ocrx_word' id='word_1_30' title='bbox 594 1556 667 1638; x_wconf 92' lang='lat' dir='ltr'><strong>quia</strong></span> <span class='ocrx_word' id='word_1_31' title='bbox 690 1555 723 1617; x_wconf 95' lang='lat' dir='ltr'><strong>in</strong></span> <span class='ocrx_word' id='word_1_32' title='bbox 744 1554 876 1619; x_wconf 92' lang='lat' dir='ltr'><strong>eandem</strong></span> <span class='ocrx_word' id='word_1_33' title='bbox 898 1552 1010 1617; x_wconf 91' lang='lat' dir='ltr'><strong>cadere</strong></span> <span class='ocrx_word' id='word_1_34' title='bbox 1032 1551 1242 1633; x_wconf 84' lang='lat' dir='ltr'><strong>suspicionem</strong></span> <span class='ocrx_word' id='word_1_35' title='bbox 1262 1550 1399 1634; x_wconf 78' lang='lat' dir='ltr'><strong>collega,</strong></span> <span class='ocrx_word' id='word_1_36' title='bbox 1420 1553 1470 1615; x_wconf 83' lang='lat' dir='ltr'><strong>vir</strong></span> <span class='ocrx_word' id='word_1_37' title='bbox 1490 1553 1597 1617; x_wconf 87' lang='lat' dir='ltr'><strong>claris·</strong></span> 
     </span>
     <span class='ocr_line' id='line_1_5' title="bbox 281 1644 1597 1730; baseline 0.001 -19"><span class='ocrx_word' id='word_1_38' title='bbox 281 1650 395 1721; x_wconf 86' lang='lat' dir='ltr'><strong>simus,</strong></span> <span class='ocrx_word' id='word_1_39' title='bbox 417 1666 481 1709; x_wconf 94' lang='lat' dir='ltr'><strong>non</strong></span> <span class='ocrx_word' id='word_1_40' title='bbox 502 1656 614 1730; x_wconf 88' lang='lat' dir='ltr'><strong>potest.</strong></span> <span class='ocrx_word' id='word_1_41' title='bbox 649 1648 735 1711; x_wconf 87' lang='lat' dir='ltr'><strong>Nibil</strong></span> <span class='ocrx_word' id='word_1_42' title='bbox 756 1649 868 1711; x_wconf 91' lang='lat' dir='ltr'><strong>borum</strong></span> <span class='ocrx_word' id='word_1_43' title='bbox 891 1648 967 1721; x_wconf 87' lang='lat' dir='ltr'><strong>scit,</strong></span> <span class='ocrx_word' id='word_1_44' title='bbox 989 1645 1068 1709; x_wconf 91' lang='lat' dir='ltr'><strong>nibil</strong></span> <span class='ocrx_word' id='word_1_45' title='bbox 1091 1644 1286 1727; x_wconf 76' lang='lat' dir='ltr'><strong>suspicatur:</strong></span> <span class='ocrx_word' id='word_1_46' title='bbox 1308 1645 1427 1709; x_wconf 88' lang='lat' dir='ltr'><strong>bellum</strong></span> <span class='ocrx_word' id='word_1_47' title='bbox 1444 1647 1542 1729; x_wconf 91' lang='lat' dir='ltr'><strong>gerit,</strong></span> <span class='ocrx_word' id='word_1_48' title='bbox 1564 1650 1597 1712; x_wconf 93' lang='lat' dir='ltr'><strong>in</strong></span> 
     </span>
     <span class='ocr_line' id='line_1_6' title="bbox 281 1739 1622 1825; baseline 0.001 -18"><span class='ocrx_word' id='word_1_49' title='bbox 281 1744 349 1807; x_wconf 90' lang='lat' dir='ltr'><strong>acie</strong></span> <span class='ocrx_word' id='word_1_50' title='bbox 371 1748 447 1815; x_wconf 89' lang='lat' dir='ltr'><strong>stat,</strong></span> <span class='ocrx_word' id='word_1_51' title='bbox 478 1742 517 1804; x_wconf 93' lang='lat' dir='ltr'><strong>dc</strong></span> <span class='ocrx_word' id='word_1_52' title='bbox 539 1742 691 1825; x_wconf 88' lang='lat' dir='ltr'><strong>sanguine</strong></span> <span class='ocrx_word' id='word_1_53' title='bbox 714 1742 805 1805; x_wconf 92' lang='lat' dir='ltr'><strong>etde</strong></span> <span class='ocrx_word' id='word_1_54' title='bbox 833 1743 944 1825; x_wconf 86' lang='lat' dir='ltr'><strong>spiritu</strong></span> <span class='ocrx_word' id='word_1_55' title='bbox 968 1741 1124 1802; x_wconf 82' lang='lat' dir='ltr'><strong>decertat:</strong></span> <span class='ocrx_word' id='word_1_56' title='bbox 1153 1746 1224 1802; x_wconf 92' lang='lat' dir='ltr'><strong>ante</strong></span> <span class='ocrx_word' id='word_1_57' title='bbox 1247 1739 1441 1823; x_wconf 82' lang='lat' dir='ltr'><strong>provinciam</strong></span> <span class='ocrx_word' id='word_1_58' title='bbox 1462 1741 1522 1807; x_wconf 79' lang='lat' dir='ltr'><strong>sabi</strong></span> <span class='ocrx_word' id='word_1_59' title='bbox 1544 1742 1622 1808; x_wconf 80' lang='lat' dir='ltr'><strong>deo</strong></span> 
     </span>
     <span class='ocr_line' id='line_1_7' title="bbox 282 1832 1598 1919; baseline -0.001 -19"><span class='ocrx_word' id='word_1_60' title='bbox 282 1844 398 1900; x_wconf 87' lang='lat' dir='ltr'><strong>cretam</strong></span> <span class='ocrx_word' id='word_1_61' title='bbox 419 1833 527 1898; x_wconf 91' lang='lat' dir='ltr'><strong>audiet</strong></span> <span class='ocrx_word' id='word_1_62' title='bbox 548 1854 640 1918; x_wconf 91' lang='lat' dir='ltr'><strong>quam</strong></span> <span class='ocrx_word' id='word_1_63' title='bbox 663 1836 802 1919; x_wconf 86' lang='lat' dir='ltr'><strong>potuerit</strong></span> <span class='ocrx_word' id='word_1_64' title='bbox 822 1843 945 1917; x_wconf 91' lang='lat' dir='ltr'><strong>tempus</strong></span> <span class='ocrx_word' id='word_1_65' title='bbox 968 1834 997 1896; x_wconf 89' lang='lat' dir='ltr'><strong>ei</strong></span> <span class='ocrx_word' id='word_1_66' title='bbox 1020 1834 1065 1897; x_wconf 93' lang='lat' dir='ltr'><strong>rei</strong></span> <span class='ocrx_word' id='word_1_67' title='bbox 1087 1832 1194 1895; x_wconf 91' lang='lat' dir='ltr'><strong>datum</strong></span> <span class='ocrx_word' id='word_1_68' title='bbox 1216 1833 1378 1916; x_wconf 88' lang='lat' dir='ltr'><strong>suspicari.</strong></span> <span class='ocrx_word' id='word_1_69' title='bbox 1419 1834 1537 1898; x_wconf 82' lang='lat' dir='ltr'><strong>Vereor</strong></span> <span class='ocrx_word' id='word_1_70' title='bbox 1557 1855 1598 1899; x_wconf 90' lang='lat' dir='ltr'><strong>ue</strong></span> 
     </span>
     <span class='ocr_line' id='line_1_8' title="bbox 282 1926 1600 2013; baseline 0 -20"><span class='ocrx_word' id='word_1_71' title='bbox 282 1929 439 1995; x_wconf 86' lang='lat' dir='ltr'><strong>exercitus</strong></span> <span class='ocrx_word' id='word_1_72' title='bbox 468 1947 597 2012; x_wconf 91' lang='lat' dir='ltr'><strong>quoque</strong></span> <span class='ocrx_word' id='word_1_73' title='bbox 627 1930 742 2004; x_wconf 84' lang='lat' dir='ltr'><strong>nostri,</strong></span> <span class='ocrx_word' id='word_1_74' title='bbox 772 1930 827 2013; x_wconf 93' lang='lat' dir='ltr'><strong>qui</strong></span> <span class='ocrx_word' id='word_1_75' title='bbox 856 1948 921 1991; x_wconf 91' lang='lat' dir='ltr'><strong>non</strong></span> <span class='ocrx_word' id='word_1_76' title='bbox 951 1926 1084 1990; x_wconf 92' lang='lat' dir='ltr'><strong>dilectus</strong></span> <span class='ocrx_word' id='word_1_77' title='bbox 1105 1927 1309 2002; x_wconf 88' lang='lat' dir='ltr'><strong>necessitate,</strong></span> <span class='ocrx_word' id='word_1_78' title='bbox 1337 1927 1392 1991; x_wconf 89' lang='lat' dir='ltr'><strong>sed</strong></span> <span class='ocrx_word' id='word_1_79' title='bbox 1414 1928 1600 1993; x_wconf 83' lang='lat' dir='ltr'><strong>voluntariis</strong></span> 
     </span>
     <span class='ocr_line' id='line_1_9' title="bbox 281 2019 1599 2106; baseline -0.001 -19"><span class='ocrx_word' id='word_1_80' title='bbox 281 2022 394 2087; x_wconf 90' lang='lat' dir='ltr'><strong>studiis</strong></span> <span class='ocrx_word' id='word_1_81' title='bbox 417 2040 451 2084; x_wconf 90' lang='lat' dir='ltr'><strong>se</strong></span> <span class='ocrx_word' id='word_1_82' title='bbox 473 2020 599 2084; x_wconf 86' lang='lat' dir='ltr'><strong>adrem</strong></span> <span class='ocrx_word' id='word_1_83' title='bbox 622 2021 778 2105; x_wconf 80' lang='lat' dir='ltr'><strong>publicam</strong></span> <span class='ocrx_word' id='word_1_84' title='bbox 800 2022 1017 2094; x_wconf 90' lang='lat' dir='ltr'><strong>contulerunt,</strong></span> <span class='ocrx_word' id='word_1_85' title='bbox 1040 2019 1203 2083; x_wconf 91' lang='lat' dir='ltr'><strong>tardentur</strong></span> <span class='ocrx_word' id='word_1_86' title='bbox 1224 2020 1354 2096; x_wconf 90' lang='lat' dir='ltr'><strong>animis,</strong></span> <span class='ocrx_word' id='word_1_87' title='bbox 1375 2021 1403 2084; x_wconf 91' lang='lat' dir='ltr'><strong>si</strong></span> <span class='ocrx_word' id='word_1_88' title='bbox 1425 2021 1599 2106; x_wconf 83' lang='lat' dir='ltr'><strong>quidquam</strong></span> 
     </span>
     <span class='ocr_line' id='line_1_10' title="bbox 281 2114 1600 2200; baseline 0.002 -21"><span class='ocrx_word' id='word_1_89' title='bbox 281 2116 368 2180; x_wconf 90' lang='lat' dir='ltr'><strong>aliud</strong></span> <span class='ocrx_word' id='word_1_90' title='bbox 397 2134 416 2177; x_wconf 91' lang='lat' dir='ltr'><strong>a</strong></span> <span class='ocrx_word' id='word_1_91' title='bbox 443 2115 536 2178; x_wconf 90' lang='lat' dir='ltr'><strong>nobis</strong></span> <span class='ocrx_word' id='word_1_92' title='bbox 564 2114 625 2178; x_wconf 90' lang='lat' dir='ltr'><strong>uisi</strong></span> <span class='ocrx_word' id='word_1_93' title='bbox 648 2115 688 2177; x_wconf 93' lang='lat' dir='ltr'><strong>de</strong></span> <span class='ocrx_word' id='word_1_94' title='bbox 715 2116 843 2178; x_wconf 87' lang='lat' dir='ltr'><strong>instanti</strong></span> <span class='ocrx_word' id='word_1_95' title='bbox 864 2115 948 2179; x_wconf 86' lang='lat' dir='ltr'><strong>bello</strong></span> <span class='ocrx_word' id='word_1_96' title='bbox 972 2115 1139 2196; x_wconf 89' lang='lat' dir='ltr'><strong>cogitatum</strong></span> <span class='ocrx_word' id='word_1_97' title='bbox 1160 2114 1325 2197; x_wconf 85' lang='lat' dir='ltr'><strong>putabunt.</strong></span> <span class='ocrx_word' id='word_1_98' title='bbox 1362 2114 1456 2190; x_wconf 86' lang='lat' dir='ltr'><strong>Quod</strong></span> <span class='ocrx_word' id='word_1_99' title='bbox 1479 2115 1506 2178; x_wconf 89' lang='lat' dir='ltr'><strong>si</strong></span> <span class='ocrx_word' id='word_1_100' title='bbox 1527 2137 1600 2200; x_wconf 91' lang='lat' dir='ltr'><strong>pro·</strong></span> 
     </span>
     <span class='ocr_line' id='line_1_11' title="bbox 281 2208 1638 2291; baseline 0.001 -17"><span class='ocrx_word' id='word_1_101' title='bbox 281 2211 404 2275; x_wconf 82' lang='lat' dir='ltr'><strong>vinciae</strong></span> <span class='ocrx_word' id='word_1_102' title='bbox 426 2208 609 2272; x_wconf 89' lang='lat' dir='ltr'><strong>consulibus</strong></span> <span class='ocrx_word' id='word_1_103' title='bbox 630 2208 827 2291; x_wconf 86' lang='lat' dir='ltr'><strong>expetendae</strong></span> <span class='ocrx_word' id='word_1_104' title='bbox 848 2208 1011 2282; x_wconf 82' lang='lat' dir='ltr'><strong>videntur,</strong></span> <span class='ocrx_word' id='word_1_105' title='bbox 1035 2209 1116 2271; x_wconf 91' lang='lat' dir='ltr'><strong>sicut</strong></span> <span class='ocrx_word' id='word_1_106' title='bbox 1137 2226 1232 2291; x_wconf 87' lang='lat' dir='ltr'><strong>saepe</strong></span> <span class='ocrx_word' id='word_1_107' title='bbox 1254 2228 1273 2271; x_wconf 93' lang='lat' dir='ltr'><strong>a</strong></span> <span class='ocrx_word' id='word_1_108' title='bbox 1290 2208 1398 2271; x_wconf 90' lang='lat' dir='ltr'><strong>multis</strong></span> <span class='ocrx_word' id='word_1_109' title='bbox 1419 2209 1600 2275; x_wconf 88' lang='lat' dir='ltr'><strong>clarissimis</strong></span> <span class='ocrx_word' id='word_1_110' title='bbox 1610 2229 1638 2275; x_wconf 82' lang='lat' dir='ltr'><strong>ro</strong></span> 
     </span>
     <span class='ocr_line' id='line_1_12' title="bbox 282 2301 1601 2386; baseline -0.002 -18"><span class='ocrx_word' id='word_1_111' title='bbox 282 2305 358 2368; x_wconf 83' lang='lat' dir='ltr'><strong>viris</strong></span> <span class='ocrx_word' id='word_1_112' title='bbox 380 2303 536 2386; x_wconf 83' lang='lat' dir='ltr'><strong>expetitae</strong></span> <span class='ocrx_word' id='word_1_113' title='bbox 558 2310 648 2375; x_wconf 92' lang='lat' dir='ltr'><strong>sunt,</strong></span> <span class='ocrx_word' id='word_1_114' title='bbox 675 2301 799 2365; x_wconf 91' lang='lat' dir='ltr'><strong>reddite</strong></span> <span class='ocrx_word' id='word_1_115' title='bbox 829 2302 914 2384; x_wconf 90' lang='lat' dir='ltr'><strong>prius</strong></span> <span class='ocrx_word' id='word_1_116' title='bbox 937 2302 1030 2366; x_wconf 87' lang='lat' dir='ltr'><strong>nobis</strong></span> <span class='ocrx_word' id='word_1_117' title='bbox 1051 2303 1198 2377; x_wconf 84' lang='lat' dir='ltr'><strong>Brutum,</strong></span> <span class='ocrx_word' id='word_1_118' title='bbox 1225 2301 1333 2365; x_wconf 93' lang='lat' dir='ltr'><strong>lumen</strong></span> <span class='ocrx_word' id='word_1_119' title='bbox 1355 2308 1387 2364; x_wconf 92' lang='lat' dir='ltr'><strong>et</strong></span> <span class='ocrx_word' id='word_1_120' title='bbox 1408 2301 1504 2366; x_wconf 88' lang='lat' dir='ltr'><strong>decus</strong></span> <span class='ocrx_word' id='word_1_121' title='bbox 1526 2304 1601 2367; x_wconf 69' lang='lat' dir='ltr'><strong>civi-</strong></span> 
     </span>
     <span class='ocr_line' id='line_1_13' title="bbox 282 2393 1602 2481; baseline -0.001 -19"><span class='ocrx_word' id='word_1_122' title='bbox 282 2399 371 2462; x_wconf 82' lang='lat' dir='ltr'><strong>tatis:</strong></span> <span class='ocrx_word' id='word_1_123' title='bbox 401 2399 456 2481; x_wconf 96' lang='lat' dir='ltr'><strong>qui</strong></span> <span class='ocrx_word' id='word_1_124' title='bbox 484 2396 527 2458; x_wconf 94' lang='lat' dir='ltr'><strong>ita</strong></span> <span class='ocrx_word' id='word_1_125' title='bbox 554 2395 788 2458; x_wconf 83' lang='lat' dir='ltr'><strong>conservandus</strong></span> <span class='ocrx_word' id='word_1_126' title='bbox 810 2404 875 2470; x_wconf 93' lang='lat' dir='ltr'><strong>est,</strong></span> <span class='ocrx_word' id='word_1_127' title='bbox 902 2401 938 2458; x_wconf 93' lang='lat' dir='ltr'><strong>ut</strong></span> <span class='ocrx_word' id='word_1_128' title='bbox 960 2396 1038 2458; x_wconf 92' lang='lat' dir='ltr'><strong>illud</strong></span> <span class='ocrx_word' id='word_1_129' title='bbox 1060 2395 1201 2477; x_wconf 87' lang='lat' dir='ltr'><strong>signum,</strong></span> <span class='ocrx_word' id='word_1_130' title='bbox 1234 2393 1323 2479; x_wconf 95' lang='lat' dir='ltr'><strong>quod</strong></span> <span class='ocrx_word' id='word_1_131' title='bbox 1345 2395 1384 2458; x_wconf 91' lang='lat' dir='ltr'><strong>de</strong></span> <span class='ocrx_word' id='word_1_132' title='bbox 1406 2395 1494 2459; x_wconf 93' lang='lat' dir='ltr'><strong>caelo</strong></span> <span class='ocrx_word' id='word_1_133' title='bbox 1517 2396 1602 2461; x_wconf 92' lang='lat' dir='ltr'><strong>dela·</strong></span> 
     </span>
     <span class='ocr_line' id='line_1_14' title="bbox 281 2487 1602 2576; baseline -0.002 -20"><span class='ocrx_word' id='word_1_134' title='bbox 281 2513 372 2576; x_wconf 89' lang='lat' dir='ltr'><strong>psum</strong></span> <span class='ocrx_word' id='word_1_135' title='bbox 403 2495 518 2556; x_wconf 91' lang='lat' dir='ltr'><strong>Vestae</strong></span> <span class='ocrx_word' id='word_1_136' title='bbox 547 2489 697 2552; x_wconf 89' lang='lat' dir='ltr'><strong>custodiis</strong></span> <span class='ocrx_word' id='word_1_137' title='bbox 720 2489 912 2552; x_wconf 88' lang='lat' dir='ltr'><strong>continetur:</strong></span> <span class='ocrx_word' id='word_1_138' title='bbox 943 2510 1007 2572; x_wconf 96' lang='lat' dir='ltr'><strong>quo</strong></span> <span class='ocrx_word' id='word_1_139' title='bbox 1030 2490 1117 2553; x_wconf 91' lang='lat' dir='ltr'><strong>salvo</strong></span> <span class='ocrx_word' id='word_1_140' title='bbox 1140 2490 1219 2553; x_wconf 81' lang='lat' dir='ltr'><strong>salvi</strong></span> <span class='ocrx_word' id='word_1_141' title='bbox 1240 2509 1349 2552; x_wconf 86' lang='lat' dir='ltr'><strong>sumus</strong></span> <span class='ocrx_word' id='word_1_142' title='bbox 1369 2487 1477 2552; x_wconf 83' lang='lat' dir='ltr'><strong>futuri.</strong></span> <span class='ocrx_word' id='word_1_143' title='bbox 1513 2490 1602 2553; x_wconf 85' lang='lat' dir='ltr'><strong>&#39;lunc</strong></span> 
     </span>
     <span class='ocr_line' id='line_1_15' title="bbox 232 2578 1602 2666; baseline -0.001 -17"><span class='ocrx_word' id='word_1_144' title='bbox 232 2587 235 2594; x_wconf 88' lang='lat'>&#39;</span> <span class='ocrx_word' id='word_1_145' title='bbox 282 2585 332 2649; x_wconf 86' lang='lat' dir='ltr'><strong>rel</strong></span> <span class='ocrx_word' id='word_1_146' title='bbox 355 2586 389 2649; x_wconf 90' lang='lat' dir='ltr'><strong>in</strong></span> <span class='ocrx_word' id='word_1_147' title='bbox 410 2582 531 2648; x_wconf 88' lang='lat' dir='ltr'><strong>caelum</strong></span> <span class='ocrx_word' id='word_1_148' title='bbox 552 2602 625 2656; x_wconf 80' lang='lat' dir='ltr'><strong>vos,</strong></span> <span class='ocrx_word' id='word_1_149' title='bbox 651 2583 678 2644; x_wconf 91' lang='lat' dir='ltr'><strong>si</strong></span> <span class='ocrx_word' id='word_1_150' title='bbox 700 2578 766 2645; x_wconf 88' lang='lat' dir='ltr'><strong>fieri</strong></span> <span class='ocrx_word' id='word_1_151' title='bbox 788 2582 940 2665; x_wconf 88' lang='lat' dir='ltr'><strong>potuerit,</strong></span> <span class='ocrx_word' id='word_1_152' title='bbox 962 2583 1079 2647; x_wconf 86' lang='lat' dir='ltr'><strong>umeris</strong></span> <span class='ocrx_word' id='word_1_153' title='bbox 1101 2583 1218 2646; x_wconf 90' lang='lat' dir='ltr'><strong>nostris</strong></span> <span class='ocrx_word' id='word_1_154' title='bbox 1239 2583 1401 2657; x_wconf 87' lang='lat' dir='ltr'><strong>tollemus,</strong></span> <span class='ocrx_word' id='word_1_155' title='bbox 1422 2583 1602 2666; x_wconf 84' lang='lat' dir='ltr'><strong>provincias</strong></span> 
     </span>
     <span class='ocr_line' id='line_1_16' title="bbox 283 2674 1640 2761; baseline -0.002 -18"><span class='ocrx_word' id='word_1_156' title='bbox 283 2686 367 2743; x_wconf 90' lang='lat' dir='ltr'><strong>certe</strong></span> <span class='ocrx_word' id='word_1_157' title='bbox 395 2676 596 2760; x_wconf 86' lang='lat' dir='ltr'><strong>dignissimas</strong></span> <span class='ocrx_word' id='word_1_158' title='bbox 621 2676 711 2738; x_wconf 87' lang='lat' dir='ltr'><strong>vobis</strong></span> <span class='ocrx_word' id='word_1_159' title='bbox 741 2674 930 2758; x_wconf 77' lang='lat' dir='ltr'><strong>deligemus:</strong></span> <span class='ocrx_word' id='word_1_160' title='bbox 961 2696 1046 2739; x_wconf 93' lang='lat' dir='ltr'><strong>nuno</strong></span> <span class='ocrx_word' id='word_1_161' title='bbox 1076 2677 1162 2761; x_wconf 91' lang='lat' dir='ltr'><strong>quod</strong></span> <span class='ocrx_word' id='word_1_162' title='bbox 1185 2678 1287 2759; x_wconf 90' lang='lat' dir='ltr'><strong>agitur</strong></span> <span class='ocrx_word' id='word_1_163' title='bbox 1308 2697 1449 2760; x_wconf 77' lang='lat' dir='ltr'><strong>agamus.</strong></span> <span class='ocrx_word' id='word_1_164' title='bbox 1491 2678 1640 2760; x_wconf 75' lang='lat' dir='ltr'><strong>Agiturtt</strong></span> 
     </span>
     <span class='ocr_line' id='line_1_17' title="bbox 282 2769 1603 2853; baseline -0.001 -18"><span class='ocrx_word' id='word_1_165' title='bbox 282 2779 403 2845; x_wconf 91' lang='lat' dir='ltr'><strong>autem,</strong></span> <span class='ocrx_word' id='word_1_166' title='bbox 426 2770 559 2833; x_wconf 89' lang='lat' dir='ltr'><strong>liberine</strong></span> <span class='ocrx_word' id='word_1_167' title='bbox 583 2770 723 2832; x_wconf 84' lang='lat' dir='ltr'><strong>vivamus</strong></span> <span class='ocrx_word' id='word_1_168' title='bbox 744 2788 784 2833; x_wconf 89' lang='lat' dir='ltr'><strong>an</strong></span> <span class='ocrx_word' id='word_1_169' title='bbox 807 2777 938 2833; x_wconf 89' lang='lat' dir='ltr'><strong>mortem</strong></span> <span class='ocrx_word' id='word_1_170' title='bbox 960 2771 1125 2833; x_wconf 89' lang='lat' dir='ltr'><strong>obeamus:</strong></span> <span class='ocrx_word' id='word_1_171' title='bbox 1148 2788 1228 2853; x_wconf 88' lang='lat' dir='ltr'><strong>quae</strong></span> <span class='ocrx_word' id='word_1_172' title='bbox 1243 2775 1328 2833; x_wconf 90' lang='lat' dir='ltr'><strong>certe</strong></span> <span class='ocrx_word' id='word_1_173' title='bbox 1350 2769 1493 2833; x_wconf 80' lang='lat' dir='ltr'><strong>servituti</strong></span> <span class='ocrx_word' id='word_1_174' title='bbox 1515 2780 1603 2834; x_wconf 92' lang='lat' dir='ltr'><strong>ante·</strong></span> 
     </span>
     <span class='ocr_line' id='line_1_18' title="bbox 283 2860 1603 2947; baseline 0.001 -20"><span class='ocrx_word' id='word_1_175' title='bbox 283 2863 431 2947; x_wconf 85' lang='lat' dir='ltr'><strong>ponenda</strong></span> <span class='ocrx_word' id='word_1_176' title='bbox 451 2870 509 2926; x_wconf 86' lang='lat' dir='ltr'><strong>est.</strong></span> <span class='ocrx_word' id='word_1_177' title='bbox 551 2860 602 2925; x_wconf 74' lang='lat'><strong>25.</strong></span> <span class='ocrx_word' id='word_1_178' title='bbox 625 2863 731 2939; x_wconf 85' lang='lat' dir='ltr'><strong>Quidt</strong></span> <span class='ocrx_word' id='word_1_179' title='bbox 754 2866 779 2926; x_wconf 93' lang='lat' dir='ltr'><strong>si</strong></span> <span class='ocrx_word' id='word_1_180' title='bbox 802 2865 896 2927; x_wconf 90' lang='lat' dir='ltr'><strong>etiam</strong></span> <span class='ocrx_word' id='word_1_181' title='bbox 919 2864 1097 2927; x_wconf 84' lang='lat' dir='ltr'><strong>tarditatem</strong></span> <span class='ocrx_word' id='word_1_182' title='bbox 1119 2865 1211 2927; x_wconf 78' lang='lat' dir='ltr'><strong>affert</strong></span> <span class='ocrx_word' id='word_1_183' title='bbox 1232 2864 1290 2927; x_wconf 88' lang='lat' dir='ltr'><strong>ista</strong></span> <span class='ocrx_word' id='word_1_184' title='bbox 1313 2864 1469 2928; x_wconf 89' lang='lat' dir='ltr'><strong>sententia</strong></span> <span class='ocrx_word' id='word_1_185' title='bbox 1486 2864 1525 2928; x_wconf 91' lang='lat' dir='ltr'><strong>ad</strong></span> <span class='ocrx_word' id='word_1_186' title='bbox 1539 2866 1603 2928; x_wconf 90' lang='lat' dir='ltr'><strong>Do·</strong></span> 
     </span>
     <span class='ocr_line' id='line_1_19' title="bbox 283 2957 1602 3043; baseline 0.001 -24"><span class='ocrx_word' id='word_1_187' title='bbox 283 2957 428 3021; x_wconf 91' lang='lat' dir='ltr'><strong>labellam</strong></span> <span class='ocrx_word' id='word_1_188' title='bbox 449 2957 726 3040; x_wconf 71' lang='lat' dir='ltr'><strong>persequendum?</strong></span> <span class='ocrx_word' id='word_1_189' title='bbox 750 2957 878 3041; x_wconf 93' lang='lat' dir='ltr'><strong>quando</strong></span> <span class='ocrx_word' id='word_1_190' title='bbox 894 2959 976 3020; x_wconf 87' lang='lat' dir='ltr'><strong>enim</strong></span> <span class='ocrx_word' id='word_1_191' title='bbox 992 2957 1097 3021; x_wconf 87' lang='lat' dir='ltr'><strong>veniet</strong></span> <span class='ocrx_word' id='word_1_192' title='bbox 1109 2957 1247 3022; x_wconf 85' lang='lat' dir='ltr'><strong>consult</strong></span> <span class='ocrx_word' id='word_1_193' title='bbox 1269 2978 1309 3022; x_wconf 89' lang='lat' dir='ltr'><strong>an</strong></span> <span class='ocrx_word' id='word_1_194' title='bbox 1324 2957 1357 3020; x_wconf 91' lang='lat' dir='ltr'><strong>id</strong></span> <span class='ocrx_word' id='word_1_195' title='bbox 1373 2966 1602 3043; x_wconf 81' lang='lat' dir='ltr'><strong>exspectamus,</strong></span> 
     </span>
     <span class='ocr_line' id='line_1_20' title="bbox 283 3050 1602 3136; baseline -0.002 -22"><span class='ocrx_word' id='word_1_196' title='bbox 283 3051 389 3135; x_wconf 90' lang='lat' dir='ltr'><strong>quoad</strong></span> <span class='ocrx_word' id='word_1_197' title='bbox 419 3069 459 3113; x_wconf 92' lang='lat' dir='ltr'><strong>ne</strong></span> <span class='ocrx_word' id='word_1_198' title='bbox 484 3050 652 3133; x_wconf 86' lang='lat' dir='ltr'><strong>vestigium</strong></span> <span class='ocrx_word' id='word_1_199' title='bbox 674 3050 804 3133; x_wconf 88' lang='lat' dir='ltr'><strong>quidem</strong></span> <span class='ocrx_word' id='word_1_200' title='bbox 825 3052 918 3116; x_wconf 77' lang='lat' dir='ltr'><strong>Asiae</strong></span> <span class='ocrx_word' id='word_1_201' title='bbox 940 3053 1097 3115; x_wconf 85' lang='lat' dir='ltr'><strong>civitatum</strong></span> <span class='ocrx_word' id='word_1_202' title='bbox 1119 3059 1215 3136; x_wconf 91' lang='lat' dir='ltr'><strong>atquc</strong></span> <span class='ocrx_word' id='word_1_203' title='bbox 1237 3053 1362 3116; x_wconf 90' lang='lat' dir='ltr'><strong>urbium</strong></span> <span class='ocrx_word' id='word_1_204' title='bbox 1384 3051 1602 3134; x_wconf 73' lang='lat' dir='ltr'><strong>relinquatur?</strong></span> 
     </span>
     <span class='ocr_line' id='line_1_21' title="bbox 282 3142 1640 3230; baseline 0.003 -25"><span class='ocrx_word' id='word_1_205' title='bbox 282 3144 323 3205; x_wconf 83' lang='lat' dir='ltr'><strong>At</strong></span> <span class='ocrx_word' id='word_1_206' title='bbox 350 3142 473 3206; x_wconf 88' lang='lat' dir='ltr'><strong>mittent</strong></span> <span class='ocrx_word' id='word_1_207' title='bbox 500 3144 638 3226; x_wconf 89' lang='lat' dir='ltr'><strong>aliquem</strong></span> <span class='ocrx_word' id='word_1_208' title='bbox 669 3143 709 3206; x_wconf 92' lang='lat' dir='ltr'><strong>de</strong></span> <span class='ocrx_word' id='word_1_209' title='bbox 738 3163 796 3207; x_wconf 88' lang='lat' dir='ltr'><strong>suo</strong></span> <span class='ocrx_word' id='word_1_210' title='bbox 824 3165 965 3208; x_wconf 92' lang='lat' dir='ltr'><strong>numero.</strong></span> <span class='ocrx_word' id='word_1_211' title='bbox 1011 3145 1110 3208; x_wconf 90' lang='lat' dir='ltr'><strong>Valde</strong></span> <span class='ocrx_word' id='word_1_212' title='bbox 1138 3147 1215 3209; x_wconf 91' lang='lat' dir='ltr'><strong>mibi</strong></span> <span class='ocrx_word' id='word_1_213' title='bbox 1243 3148 1369 3230; x_wconf 89' lang='lat' dir='ltr'><strong>probari</strong></span> <span class='ocrx_word' id='word_1_214' title='bbox 1395 3154 1514 3230; x_wconf 89' lang='lat' dir='ltr'><strong>potest,</strong></span> <span class='ocrx_word' id='word_1_215' title='bbox 1547 3145 1640 3227; x_wconf 78' lang='lat' dir='ltr'><strong>quito</strong></span> 
     </span>
     <span class='ocr_line' id='line_1_22' title="bbox 282 3237 1603 3321; baseline 0.002 -22"><span class='ocrx_word' id='word_1_216' title='bbox 282 3237 378 3319; x_wconf 89' lang='lat' dir='ltr'><strong>paulo</strong></span> <span class='ocrx_word' id='word_1_217' title='bbox 411 3244 484 3300; x_wconf 91' lang='lat' dir='ltr'><strong>ante</strong></span> <span class='ocrx_word' id='word_1_218' title='bbox 514 3237 689 3300; x_wconf 86' lang='lat' dir='ltr'><strong>clarissimo</strong></span> <span class='ocrx_word' id='word_1_219' title='bbox 716 3237 785 3300; x_wconf 85' lang='lat' dir='ltr'><strong>viro</strong></span> <span class='ocrx_word' id='word_1_220' title='bbox 813 3239 935 3321; x_wconf 87' lang='lat' dir='ltr'><strong>privato</strong></span> <span class='ocrx_word' id='word_1_221' title='bbox 967 3239 1132 3321; x_wconf 90' lang='lat' dir='ltr'><strong>imperium</strong></span> <span class='ocrx_word' id='word_1_222' title='bbox 1159 3249 1249 3303; x_wconf 81' lang='lat' dir='ltr'><strong>extra</strong></span> <span class='ocrx_word' id='word_1_223' title='bbox 1270 3240 1412 3303; x_wconf 92' lang='lat' dir='ltr'><strong>ordinem</strong></span> <span class='ocrx_word' id='word_1_224' title='bbox 1435 3259 1499 3303; x_wconf 93' lang='lat' dir='ltr'><strong>non</strong></span> <span class='ocrx_word' id='word_1_225' title='bbox 1520 3239 1603 3302; x_wconf 92' lang='lat' dir='ltr'><strong>dedi.</strong></span> 
     </span>
     <span class='ocr_line' id='line_1_23' title="bbox 282 3328 1604 3415; baseline 0.003 -25"><span class='ocrx_word' id='word_1_226' title='bbox 282 3328 501 3393; x_wconf 70' lang='lat' dir='ltr'><strong>binominem</strong></span> <span class='ocrx_word' id='word_1_227' title='bbox 525 3329 654 3411; x_wconf 87' lang='lat' dir='ltr'><strong>dignum</strong></span> <span class='ocrx_word' id='word_1_228' title='bbox 677 3330 810 3393; x_wconf 91' lang='lat' dir='ltr'><strong>mittent.</strong></span> <span class='ocrx_word' id='word_1_229' title='bbox 847 3333 929 3394; x_wconf 89' lang='lat' dir='ltr'><strong>Num</strong></span> <span class='ocrx_word' id='word_1_230' title='bbox 950 3333 984 3393; x_wconf 90' lang='lat' dir='ltr'><strong>P.</strong></span> <span class='ocrx_word' id='word_1_231' title='bbox 1007 3331 1139 3395; x_wconf 85' lang='lat' dir='ltr'><strong>Servilio</strong></span> <span class='ocrx_word' id='word_1_232' title='bbox 1161 3332 1360 3415; x_wconf 71' lang='lat' dir='ltr'><strong>digniorem?</strong></span> <span class='ocrx_word' id='word_1_233' title='bbox 1387 3341 1419 3396; x_wconf 92' lang='lat' dir='ltr'><strong>at</strong></span> <span class='ocrx_word' id='word_1_234' title='bbox 1440 3352 1511 3395; x_wconf 92' lang='lat' dir='ltr'><strong>eum</strong></span> <span class='ocrx_word' id='word_1_235' title='bbox 1534 3332 1604 3415; x_wconf 93' lang='lat' dir='ltr'><strong>qui-</strong></span> 
     </span>
     <span class='ocr_line' id='line_1_24' title="bbox 284 3422 1605 3508; baseline 0.003 -24"><span class='ocrx_word' id='word_1_236' title='bbox 284 3422 355 3485; x_wconf 92' lang='lat' dir='ltr'><strong>dem</strong></span> <span class='ocrx_word' id='word_1_237' title='bbox 385 3423 496 3486; x_wconf 89' lang='lat' dir='ltr'><strong>civitas</strong></span> <span class='ocrx_word' id='word_1_238' title='bbox 525 3442 589 3485; x_wconf 92' lang='lat' dir='ltr'><strong>non</strong></span> <span class='ocrx_word' id='word_1_239' title='bbox 618 3422 722 3485; x_wconf 79' lang='lat' dir='ltr'><strong>babet.</strong></span> <span class='ocrx_word' id='word_1_240' title='bbox 767 3424 861 3499; x_wconf 85' lang='lat' dir='ltr'><strong>Quod</strong></span> <span class='ocrx_word' id='word_1_241' title='bbox 883 3443 958 3505; x_wconf 93' lang='lat' dir='ltr'><strong>ergo</strong></span> <span class='ocrx_word' id='word_1_242' title='bbox 980 3424 1050 3506; x_wconf 90' lang='lat' dir='ltr'><strong>ipse</strong></span> <span class='ocrx_word' id='word_1_243' title='bbox 1071 3426 1189 3487; x_wconf 88' lang='lat' dir='ltr'><strong>nemini</strong></span> <span class='ocrx_word' id='word_1_244' title='bbox 1211 3426 1316 3508; x_wconf 87' lang='lat' dir='ltr'><strong>putavi</strong></span> <span class='ocrx_word' id='word_1_245' title='bbox 1339 3425 1495 3498; x_wconf 93' lang='lat' dir='ltr'><strong>dandum,</strong></span> <span class='ocrx_word' id='word_1_246' title='bbox 1522 3444 1563 3487; x_wconf 91' lang='lat' dir='ltr'><strong>ne</strong></span> <span class='ocrx_word' id='word_1_247' title='bbox 1586 3445 1605 3488; x_wconf 92' lang='lat' dir='ltr'><strong>a</strong></span> 
     </span>
     <span class='ocr_line' id='line_1_25' title="bbox 283 3513 1604 3602; baseline 0.003 -25"><span class='ocrx_word' id='word_1_248' title='bbox 283 3524 393 3580; x_wconf 90' lang='lat' dir='ltr'><strong>senatu</strong></span> <span class='ocrx_word' id='word_1_249' title='bbox 415 3516 559 3601; x_wconf 92' lang='lat' dir='ltr'><strong>quidem,</strong></span> <span class='ocrx_word' id='word_1_250' title='bbox 581 3514 615 3577; x_wconf 88' lang='lat' dir='ltr'><strong>id</strong></span> <span class='ocrx_word' id='word_1_251' title='bbox 638 3535 695 3597; x_wconf 87' lang='lat' dir='ltr'><strong>ego</strong></span> <span class='ocrx_word' id='word_1_252' title='bbox 717 3518 811 3579; x_wconf 91' lang='lat' dir='ltr'><strong>unius</strong></span> <span class='ocrx_word' id='word_1_253' title='bbox 832 3516 949 3579; x_wconf 92' lang='lat' dir='ltr'><strong>iudicio</strong></span> <span class='ocrx_word' id='word_1_254' title='bbox 967 3516 1106 3580; x_wconf 90' lang='lat' dir='ltr'><strong>delatum</strong></span> <span class='ocrx_word' id='word_1_255' title='bbox 1122 3518 1344 3602; x_wconf 77' lang='lat' dir='ltr'><strong>comprobem?</strong></span> <span class='ocrx_word' id='word_1_256' title='bbox 1379 3513 1431 3580; x_wconf 73' lang='lat'><strong>26.</strong></span> <span class='ocrx_word' id='word_1_257' title='bbox 1444 3519 1604 3600; x_wconf 86' lang='lat' dir='ltr'><strong>Expedito</strong></span> 
     </span>
     <span class='ocr_line' id='line_1_26' title="bbox 283 3609 1642 3695; baseline 0.004 -24"><span class='ocrx_word' id='word_1_258' title='bbox 283 3610 375 3674; x_wconf 90' lang='lat' dir='ltr'><strong>nobis</strong></span> <span class='ocrx_word' id='word_1_259' title='bbox 395 3609 524 3673; x_wconf 91' lang='lat' dir='ltr'><strong>bomine</strong></span> <span class='ocrx_word' id='word_1_260' title='bbox 546 3618 577 3672; x_wconf 91' lang='lat' dir='ltr'><strong>et</strong></span> <span class='ocrx_word' id='word_1_261' title='bbox 598 3617 716 3694; x_wconf 89' lang='lat' dir='ltr'><strong>parato,</strong></span> <span class='ocrx_word' id='word_1_262' title='bbox 738 3618 842 3694; x_wconf 86' lang='lat' dir='ltr'><strong>patres</strong></span> <span class='ocrx_word' id='word_1_263' title='bbox 864 3610 1044 3692; x_wconf 89' lang='lat' dir='ltr'><strong>conscripti,</strong></span> <span class='ocrx_word' id='word_1_264' title='bbox 1066 3630 1146 3694; x_wconf 86' lang='lat' dir='ltr'><strong>opus</strong></span> <span class='ocrx_word' id='word_1_265' title='bbox 1169 3618 1218 3674; x_wconf 87' lang='lat' dir='ltr'><strong>est</strong></span> <span class='ocrx_word' id='word_1_266' title='bbox 1239 3618 1272 3693; x_wconf 82' lang='lat' dir='ltr'><strong>et</strong></span> <span class='ocrx_word' id='word_1_267' title='bbox 1292 3631 1340 3686; x_wconf 88' lang='lat' dir='ltr'><strong>eo,</strong></span> <span class='ocrx_word' id='word_1_268' title='bbox 1363 3611 1418 3694; x_wconf 93' lang='lat' dir='ltr'><strong>qui</strong></span> <span class='ocrx_word' id='word_1_269' title='bbox 1438 3612 1642 3695; x_wconf 74' lang='lat' dir='ltr'><strong>imperiumst</strong></span> 
     </span>
    </p>
   </div>
   <div class='ocr_carea' id='block_1_3' title="bbox 171 3703 1604 3789">
    <p class='ocr_par' dir='ltr' id='par_1_3' title="bbox 171 3703 1604 3789">
     <span class='ocr_line' id='line_1_27' title="bbox 171 3703 1604 3789; baseline 0.002 -24"><span class='ocrx_word' id='word_1_270' title='bbox 171 3767 173 3776; x_wconf 39' lang='lat'><strong>,</strong></span> <span class='ocrx_word' id='word_1_271' title='bbox 282 3703 457 3788; x_wconf 84' lang='lat' dir='ltr'><strong>legitimum</strong></span> <span class='ocrx_word' id='word_1_272' title='bbox 477 3704 609 3780; x_wconf 89' lang='lat' dir='ltr'><strong>babeat,</strong></span> <span class='ocrx_word' id='word_1_273' title='bbox 639 3705 694 3788; x_wconf 92' lang='lat' dir='ltr'><strong>qui</strong></span> <span class='ocrx_word' id='word_1_274' title='bbox 716 3713 879 3789; x_wconf 89' lang='lat' dir='ltr'><strong>praeterea</strong></span> <span class='ocrx_word' id='word_1_275' title='bbox 900 3706 1132 3779; x_wconf 88' lang='lat' dir='ltr'><strong>auctoritatem,</strong></span> <span class='ocrx_word' id='word_1_276' title='bbox 1161 3722 1296 3780; x_wconf 90' lang='lat' dir='ltr'><strong>nomen,</strong></span> <span class='ocrx_word' id='word_1_277' title='bbox 1322 3703 1511 3779; x_wconf 87' lang='lat' dir='ltr'><strong>exercitum,</strong></span> <span class='ocrx_word' id='word_1_278' title='bbox 1533 3720 1604 3789; x_wconf 89' lang='lat' dir='ltr'><strong>per·</strong></span> 
     </span>
    </p>
   </div>
   <div class='ocr_carea' id='block_1_4' title="bbox 282 3797 1604 4073">
    <p class='ocr_par' dir='ltr' id='par_1_4' title="bbox 282 3797 1604 4073">
     <span class='ocr_line' id='line_1_28' title="bbox 283 3797 1039 3884; baseline 0.001 -24"><span class='ocrx_word' id='word_1_279' title='bbox 283 3806 424 3882; x_wconf 91' lang='lat' dir='ltr'><strong>spectum</strong></span> <span class='ocrx_word' id='word_1_280' title='bbox 445 3800 585 3863; x_wconf 89' lang='lat' dir='ltr'><strong>animum</strong></span> <span class='ocrx_word' id='word_1_281' title='bbox 606 3801 640 3862; x_wconf 94' lang='lat' dir='ltr'><strong>in</strong></span> <span class='ocrx_word' id='word_1_282' title='bbox 663 3799 845 3884; x_wconf 92' lang='lat' dir='ltr'><strong>republica</strong></span> <span class='ocrx_word' id='word_1_283' title='bbox 866 3797 1039 3862; x_wconf 88' lang='lat' dir='ltr'><strong>liberanda.</strong></span> 
     </span>
     <span class='ocr_line' id='line_1_29' title="bbox 365 3891 1603 3977; baseline 0.002 -23"><span class='ocrx_word' id='word_1_284' title='bbox 365 3891 421 3955; x_wconf 82' lang='lat' dir='ltr'><strong>Xl.</strong></span> <span class='ocrx_word' id='word_1_285' title='bbox 446 3894 526 3969; x_wconf 84' lang='lat' dir='ltr'><strong>Quis</strong></span> <span class='ocrx_word' id='word_1_286' title='bbox 547 3894 642 3977; x_wconf 91' lang='lat' dir='ltr'><strong>igitur</strong></span> <span class='ocrx_word' id='word_1_287' title='bbox 663 3896 691 3957; x_wconf 87' lang='lat' dir='ltr'><strong>is</strong></span> <span class='ocrx_word' id='word_1_288' title='bbox 714 3898 784 3958; x_wconf 80' lang='lat' dir='ltr'><strong>esti</strong></span> <span class='ocrx_word' id='word_1_289' title='bbox 817 3896 881 3957; x_wconf 83' lang='lat' dir='ltr'><strong>Aut</strong></span> <span class='ocrx_word' id='word_1_290' title='bbox 901 3894 943 3957; x_wconf 86' lang='lat' dir='ltr'><strong>bl.</strong></span> <span class='ocrx_word' id='word_1_291' title='bbox 964 3895 1080 3956; x_wconf 88' lang='lat' dir='ltr'><strong>Brutus</strong></span> <span class='ocrx_word' id='word_1_292' title='bbox 1101 3900 1156 3956; x_wconf 88' lang='lat' dir='ltr'><strong>aut</strong></span> <span class='ocrx_word' id='word_1_293' title='bbox 1178 3893 1211 3956; x_wconf 87' lang='lat' dir='ltr'><strong>C.</strong></span> <span class='ocrx_word' id='word_1_294' title='bbox 1235 3891 1361 3956; x_wconf 84' lang='lat' dir='ltr'><strong>Cassius</strong></span> <span class='ocrx_word' id='word_1_295' title='bbox 1383 3901 1437 3958; x_wconf 91' lang='lat' dir='ltr'><strong>aut</strong></span> <span class='ocrx_word' id='word_1_296' title='bbox 1456 3900 1603 3977; x_wconf 87' lang='lat' dir='ltr'><strong>uterque.</strong></span> 
     </span>
     <span class='ocr_line' id='line_1_30' title="bbox 282 3985 1604 4073; baseline 0.002 -26"><span class='ocrx_word' id='word_1_297' title='bbox 282 3985 491 4051; x_wconf 87' lang='lat' dir='ltr'><strong>Decernerem</strong></span> <span class='ocrx_word' id='word_1_298' title='bbox 512 3989 623 4071; x_wconf 89' lang='lat' dir='ltr'><strong>plane,</strong></span> <span class='ocrx_word' id='word_1_299' title='bbox 645 3989 728 4052; x_wconf 89' lang='lat' dir='ltr'><strong>sicut</strong></span> <span class='ocrx_word' id='word_1_300' title='bbox 749 3989 847 4053; x_wconf 92' lang='lat' dir='ltr'><strong>multa</strong></span> <span class='ocrx_word' id='word_1_301' title='bbox 867 3988 901 4050; x_wconf 77' lang='lat' dir='ltr'><strong>io</strong></span> <span class='ocrx_word' id='word_1_302' title='bbox 922 3986 1122 4061; x_wconf 89' lang='lat' dir='ltr'><strong>consulibus,</strong></span> <span class='ocrx_word' id='word_1_303' title='bbox 1143 3987 1277 4051; x_wconf 89' lang='lat' dir='ltr'><strong>alterum</strong></span> <span class='ocrx_word' id='word_1_304' title='bbox 1291 3987 1457 4073; x_wconf 81' lang='lat' dir='ltr'><strong>ambosve,</strong></span> <span class='ocrx_word' id='word_1_305' title='bbox 1479 3988 1512 4050; x_wconf 93' lang='lat' dir='ltr'><strong>ni</strong></span> <span class='ocrx_word' id='word_1_306' title='bbox 1526 3990 1604 4050; x_wconf 92' lang='lat' dir='ltr'><strong>Bru·</strong></span> 
     </span>
    </p>
   </div>
   <div class='ocr_carea' id='block_1_5' title="bbox 282 4301 1608 5940">
    <p class='ocr_par' dir='ltr' id='par_1_5' title="bbox 282 4301 1608 5940">
     <span class='ocr_line' id='line_1_31' title="bbox 321 4301 1605 4377; baseline 0.004 -26"><span class='ocrx_word' id='word_1_307' title='bbox 321 4301 373 4377; x_wconf 76' lang='lat'><strong>.²·</strong></span> <span class='ocrx_word' id='word_1_308' title='bbox 391 4301 623 4352; x_wconf 74' lang='lat' dir='ltr'><strong>oeiemaatirueoi</strong></span> <span class='ocrx_word' id='word_1_309' title='bbox 642 4329 669 4339; x_wconf 97' lang='lat'><em>-</em></span> <span class='ocrx_word' id='word_1_310' title='bbox 688 4303 712 4352; x_wconf 87' lang='grc'><strong>3.</strong></span> <span class='ocrx_word' id='word_1_311' title='bbox 730 4303 1024 4367; x_wconf 78' lang='lat' dir='ltr'><strong>iomdsmcoperet-</strong></span> <span class='ocrx_word' id='word_1_312' title='bbox 1042 4305 1267 4367; x_wconf 74' lang='lat' dir='ltr'><strong>:mpuonms-</strong></span> <span class='ocrx_word' id='word_1_313' title='bbox 1285 4305 1605 4372; x_wconf 67' lang='lat' dir='ltr'><strong>utrctcrimtmrocottcgo</strong></span> 
     </span>
     <span class='ocr_line' id='line_1_32' title="bbox 284 4375 1605 4443; baseline 0.004 -17"><span class='ocrx_word' id='word_1_314' title='bbox 284 4375 349 4426; x_wconf 90' lang='lat' dir='ltr'><strong>b—</strong></span> <span class='ocrx_word' id='word_1_315' title='bbox 369 4379 393 4427; x_wconf 77' lang='lat'><strong>5.</strong></span> <span class='ocrx_word' id='word_1_316' title='bbox 412 4375 720 4439; x_wconf 73' lang='lat' dir='ltr'><strong>dmertcoteprouintiom</strong></span> <span class='ocrx_word' id='word_1_317' title='bbox 737 4378 748 4427; x_wconf 88' lang='lat' dir='ltr'><strong>t</strong></span> <span class='ocrx_word' id='word_1_318' title='bbox 765 4406 793 4419; x_wconf 83' lang='lat'>-</span> <span class='ocrx_word' id='word_1_319' title='bbox 812 4378 836 4428; x_wconf 82' lang='lat'><strong>7.</strong></span> <span class='ocrx_word' id='word_1_320' title='bbox 854 4379 936 4429; x_wconf 74' lang='lat' dir='ltr'><strong>caitus</strong></span> <span class='ocrx_word' id='word_1_321' title='bbox 952 4380 964 4428; x_wconf 93' lang='lat' dir='ltr'><strong>t</strong></span> <span class='ocrx_word' id='word_1_322' title='bbox 980 4404 1008 4414; x_wconf 92' lang='lat'><em>-</em></span> <span class='ocrx_word' id='word_1_323' title='bbox 1028 4379 1132 4430; x_wconf 63' lang='grc' dir='ltr'><strong>ἀσωτίας</strong></span> <span class='ocrx_word' id='word_1_324' title='bbox 1148 4378 1280 4443; x_wconf 87' lang='lat' dir='ltr'><strong>bgio-</strong></span> <span class='ocrx_word' id='word_1_325' title='bbox 1299 4379 1324 4430; x_wconf 86' lang='lat'><strong>8.</strong></span> <span class='ocrx_word' id='word_1_326' title='bbox 1342 4381 1476 4442; x_wconf 70' lang='lat' dir='ltr'><strong>enicem</strong></span> <span class='ocrx_word' id='word_1_327' title='bbox 1492 4383 1557 4442; x_wconf 89' lang='lat' dir='ltr'><strong>mei,</strong></span> <span class='ocrx_word' id='word_1_328' title='bbox 1576 4385 1605 4432; x_wconf 91' lang='lat' dir='ltr'><strong>ut</strong></span> 
     </span>
     <span class='ocr_line' id='line_1_33' title="bbox 283 4451 1601 4519; baseline 0.002 -18"><span class='ocrx_word' id='word_1_329' title='bbox 283 4465 399 4516; x_wconf 89' lang='lat' dir='ltr'><strong>semper.</strong></span> <span class='ocrx_word' id='word_1_330' title='bbox 420 4478 448 4491; x_wconf 94' lang='lat'><em>-</em></span> <span class='ocrx_word' id='word_1_331' title='bbox 472 4451 496 4502; x_wconf 84' lang='grc'><strong>9.</strong></span> <span class='ocrx_word' id='word_1_332' title='bbox 515 4465 533 4502; x_wconf 87' lang='lat' dir='ltr'><strong>o</strong></span> <span class='ocrx_word' id='word_1_333' title='bbox 549 4464 602 4502; x_wconf 90' lang='lat' dir='ltr'><strong>om.</strong></span> <span class='ocrx_word' id='word_1_334' title='bbox 622 4453 628 4501; x_wconf 93' lang='lat' dir='ltr'><strong>i</strong></span> <span class='ocrx_word' id='word_1_335' title='bbox 655 4478 682 4488; x_wconf 91' lang='lat'>-</span> <span class='ocrx_word' id='word_1_336' title='bbox 707 4453 746 4503; x_wconf 84' lang='lat' dir='ltr'><strong>to.</strong></span> <span class='ocrx_word' id='word_1_337' title='bbox 766 4467 784 4502; x_wconf 87' lang='lat' dir='ltr'><strong>o</strong></span> <span class='ocrx_word' id='word_1_338' title='bbox 798 4454 882 4504; x_wconf 81' lang='lat' dir='ltr'><strong>moltis</strong></span> <span class='ocrx_word' id='word_1_339' title='bbox 898 4454 1007 4518; x_wconf 86' lang='lat' dir='ltr'><strong>scripsi:</strong></span> <span class='ocrx_word' id='word_1_340' title='bbox 1034 4469 1052 4503; x_wconf 89' lang='lat' dir='ltr'><strong>o</strong></span> <span class='ocrx_word' id='word_1_341' title='bbox 1067 4468 1120 4505; x_wconf 90' lang='lat' dir='ltr'><strong>om.</strong></span> <span class='ocrx_word' id='word_1_342' title='bbox 1139 4456 1193 4505; x_wconf 88' lang='lat' dir='ltr'><strong>mei</strong></span> <span class='ocrx_word' id='word_1_343' title='bbox 1211 4457 1238 4505; x_wconf 91' lang='lat' dir='ltr'><strong>et</strong></span> <span class='ocrx_word' id='word_1_344' title='bbox 1254 4455 1274 4505; x_wconf 95' lang='lat'>0</span> <span class='ocrx_word' id='word_1_345' title='bbox 1293 4482 1321 4492; x_wconf 92' lang='lat'><em>-</em></span> <span class='ocrx_word' id='word_1_346' title='bbox 1345 4454 1385 4505; x_wconf 91' lang='lat' dir='ltr'><strong>tt.</strong></span> <span class='ocrx_word' id='word_1_347' title='bbox 1402 4456 1555 4519; x_wconf 68' lang='lat' dir='ltr'><strong>expletam</strong></span> <span class='ocrx_word' id='word_1_348' title='bbox 1575 4483 1601 4494; x_wconf 91' lang='lat'><em>-</em></span> 
     </span>
     <span class='ocr_line' id='line_1_34' title="bbox 283 4527 1603 4593; baseline 0.002 -17"><span class='ocrx_word' id='word_1_349' title='bbox 283 4533 340 4576; x_wconf 83' lang='lat' dir='ltr'><strong>suot</strong></span> <span class='ocrx_word' id='word_1_350' title='bbox 355 4539 409 4576; x_wconf 93' lang='lat' dir='ltr'><strong>om.</strong></span> <span class='ocrx_word' id='word_1_351' title='bbox 429 4528 461 4578; x_wconf 92' lang='lat' dir='ltr'><strong>ai</strong></span> <span class='ocrx_word' id='word_1_352' title='bbox 480 4550 507 4564; x_wconf 96' lang='lat'><em>-</em></span> <span class='ocrx_word' id='word_1_353' title='bbox 526 4527 596 4577; x_wconf 79' lang='lat' dir='ltr'><strong>nobis</strong></span> <span class='ocrx_word' id='word_1_354' title='bbox 608 4527 681 4589; x_wconf 81' lang='lat' dir='ltr'><strong>prius</strong></span> <span class='ocrx_word' id='word_1_355' title='bbox 697 4529 708 4576; x_wconf 90' lang='lat' dir='ltr'><strong>t</strong></span> <span class='ocrx_word' id='word_1_356' title='bbox 726 4554 753 4564; x_wconf 93' lang='lat'><em>-</em></span> <span class='ocrx_word' id='word_1_357' title='bbox 772 4529 812 4578; x_wconf 78' lang='lat' dir='ltr'><strong>tt.</strong></span> <span class='ocrx_word' id='word_1_358' title='bbox 830 4528 892 4577; x_wconf 82' lang='lat' dir='ltr'><strong>titud</strong></span> <span class='ocrx_word' id='word_1_359' title='bbox 909 4529 1029 4578; x_wconf 86' lang='lat' dir='ltr'><strong>Ernesti:</strong></span> <span class='ocrx_word' id='word_1_360' title='bbox 1047 4529 1074 4577; x_wconf 86' lang='lat' dir='ltr'><strong>id</strong></span> <span class='ocrx_word' id='word_1_361' title='bbox 1090 4527 1168 4579; x_wconf 92' lang='lat' dir='ltr'><strong>codd.</strong></span> <span class='ocrx_word' id='word_1_362' title='bbox 1187 4531 1215 4578; x_wconf 89' lang='lat' dir='ltr'><strong>et</strong></span> <span class='ocrx_word' id='word_1_363' title='bbox 1230 4529 1291 4577; x_wconf 86' lang='lat'><strong>0-</strong></span> <span class='ocrx_word' id='word_1_364' title='bbox 1310 4529 1341 4578; x_wconf 87' lang='lat' dir='ltr'><strong>de</strong></span> <span class='ocrx_word' id='word_1_365' title='bbox 1355 4530 1425 4579; x_wconf 82' lang='lat' dir='ltr'><strong>caclo</strong></span> <span class='ocrx_word' id='word_1_366' title='bbox 1440 4529 1500 4580; x_wconf 89' lang='lat' dir='ltr'><strong>cod.</strong></span> <span class='ocrx_word' id='word_1_367' title='bbox 1513 4530 1603 4593; x_wconf 77' lang='lat' dir='ltr'><strong>tang:</strong></span> 
     </span>
     <span class='ocr_line' id='line_1_35' title="bbox 284 4601 1604 4668; baseline 0.004 -17"><span class='ocrx_word' id='word_1_368' title='bbox 284 4602 314 4651; x_wconf 82' lang='lat' dir='ltr'><strong>dc</strong></span> <span class='ocrx_word' id='word_1_369' title='bbox 330 4614 383 4651; x_wconf 92' lang='lat' dir='ltr'><strong>om.</strong></span> <span class='ocrx_word' id='word_1_370' title='bbox 402 4601 464 4651; x_wconf 88' lang='lat' dir='ltr'><strong>mei.</strong></span> <span class='ocrx_word' id='word_1_371' title='bbox 485 4628 513 4639; x_wconf 92' lang='lat'><strong>-·</strong></span> <span class='ocrx_word' id='word_1_372' title='bbox 532 4601 572 4653; x_wconf 82' lang='lat' dir='ltr'><strong>te.</strong></span> <span class='ocrx_word' id='word_1_373' title='bbox 591 4607 687 4652; x_wconf 72' lang='lat' dir='ltr'><strong>metor</strong></span> <span class='ocrx_word' id='word_1_374' title='bbox 703 4601 762 4653; x_wconf 92' lang='lat' dir='ltr'><strong>cod.</strong></span> <span class='ocrx_word' id='word_1_375' title='bbox 781 4603 871 4666; x_wconf 71' lang='lat' dir='ltr'><strong>tang,</strong></span> <span class='ocrx_word' id='word_1_376' title='bbox 889 4604 919 4653; x_wconf 89' lang='lat' dir='ltr'><strong>ut</strong></span> <span class='ocrx_word' id='word_1_377' title='bbox 935 4604 1018 4653; x_wconf 88' lang='lat' dir='ltr'><strong>estin</strong></span> <span class='ocrx_word' id='word_1_378' title='bbox 1036 4603 1090 4653; x_wconf 86' lang='lat' dir='ltr'><strong>Liv.</strong></span> <span class='ocrx_word' id='word_1_379' title='bbox 1104 4603 1134 4663; x_wconf 89' lang='lat' dir='ltr'><strong>V,</strong></span> <span class='ocrx_word' id='word_1_380' title='bbox 1147 4603 1188 4663; x_wconf 81' lang='lat' dir='ltr'><strong>sa,</strong></span> <span class='ocrx_word' id='word_1_381' title='bbox 1201 4603 1231 4664; x_wconf 78' lang='lat'><strong>73</strong></span> <span class='ocrx_word' id='word_1_382' title='bbox 1249 4604 1312 4652; x_wconf 80' lang='lat' dir='ltr'><strong>atu.</strong></span> <span class='ocrx_word' id='word_1_383' title='bbox 1326 4616 1366 4654; x_wconf 93' lang='lat' dir='ltr'><strong>or.</strong></span> <span class='ocrx_word' id='word_1_384' title='bbox 1378 4616 1406 4667; x_wconf 90' lang='lat' dir='ltr'><strong>p.</strong></span> <span class='ocrx_word' id='word_1_385' title='bbox 1418 4605 1517 4655; x_wconf 87' lang='lat' dir='ltr'><strong>Scauro</strong></span> <span class='ocrx_word' id='word_1_386' title='bbox 1530 4606 1545 4668; x_wconf 71' lang='lat'>5</span> <span class='ocrx_word' id='word_1_387' title='bbox 1557 4604 1604 4656; x_wconf 76' lang='lat' dir='ltr'><strong>ld:</strong></span> 
     </span>
     <span class='ocr_line' id='line_1_36' title="bbox 283 4675 1602 4739; baseline 0.004 -14"><span class='ocrx_word' id='word_1_388' title='bbox 283 4675 423 4725; x_wconf 68' lang='grc' dir='ltr'><strong>Ραὶὶααὲωι</strong></span> <span class='ocrx_word' id='word_1_389' title='bbox 442 4675 519 4738; x_wconf 84' lang='lat' dir='ltr'><strong>iilud,</strong></span> <span class='ocrx_word' id='word_1_390' title='bbox 542 4677 781 4739; x_wconf 80' lang='lat' dir='ltr'><strong>qaod--custodiis</strong></span> <span class='ocrx_word' id='word_1_391' title='bbox 805 4678 890 4728; x_wconf 82' lang='lat' dir='ltr'><strong>Vestae</strong></span> <span class='ocrx_word' id='word_1_392' title='bbox 910 4679 1057 4729; x_wconf 79' lang='lat' dir='ltr'><strong>conticetur.</strong></span> <span class='ocrx_word' id='word_1_393' title='bbox 1077 4704 1104 4713; x_wconf 94' lang='lat'>-</span> <span class='ocrx_word' id='word_1_394' title='bbox 1125 4677 1207 4739; x_wconf 65' lang='lat' dir='ltr'><strong>[istm</strong></span> <span class='ocrx_word' id='word_1_395' title='bbox 1228 4689 1281 4727; x_wconf 84' lang='lat' dir='ltr'><strong>om.</strong></span> <span class='ocrx_word' id='word_1_396' title='bbox 1300 4679 1310 4727; x_wconf 90' lang='lat' dir='ltr'><strong>t</strong></span> <span class='ocrx_word' id='word_1_397' title='bbox 1328 4703 1355 4713; x_wconf 91' lang='lat'><em>-</em></span> <span class='ocrx_word' id='word_1_398' title='bbox 1380 4683 1439 4730; x_wconf 77' lang='lat' dir='ltr'><strong>tuoe</strong></span> <span class='ocrx_word' id='word_1_399' title='bbox 1455 4680 1602 4730; x_wconf 83' lang='lat' dir='ltr'><strong>Ferrarius:</strong></span> 
     </span>
     <span class='ocr_line' id='line_1_37' title="bbox 283 4750 1604 4818; baseline 0.003 -19"><span class='ocrx_word' id='word_1_400' title='bbox 283 4750 349 4800; x_wconf 76' lang='lat' dir='ltr'><strong>tunc</strong></span> <span class='ocrx_word' id='word_1_401' title='bbox 364 4751 426 4801; x_wconf 88' lang='lat' dir='ltr'><strong>mei.</strong></span> <span class='ocrx_word' id='word_1_402' title='bbox 446 4776 473 4787; x_wconf 95' lang='lat'>-</span> <span class='ocrx_word' id='word_1_403' title='bbox 493 4750 534 4803; x_wconf 82' lang='lat' dir='ltr'><strong>tt.</strong></span> <span class='ocrx_word' id='word_1_404' title='bbox 552 4753 590 4802; x_wconf 82' lang='lat' dir='ltr'><strong>oei</strong></span> <span class='ocrx_word' id='word_1_405' title='bbox 604 4753 679 4802; x_wconf 75' lang='lat' dir='ltr'><strong>bs·-</strong></span> <span class='ocrx_word' id='word_1_406' title='bbox 690 4752 800 4803; x_wconf 79' lang='lat' dir='ltr'><strong>totlemur</strong></span> <span class='ocrx_word' id='word_1_407' title='bbox 816 4753 892 4804; x_wconf 86' lang='lat' dir='ltr'><strong>aiiert</strong></span> <span class='ocrx_word' id='word_1_408' title='bbox 908 4755 1007 4804; x_wconf 83' lang='lat' dir='ltr'><strong>Nonius</strong></span> <span class='ocrx_word' id='word_1_409' title='bbox 1024 4767 1050 4818; x_wconf 90' lang='lat' dir='ltr'><strong>p.</strong></span> <span class='ocrx_word' id='word_1_410' title='bbox 1068 4751 1116 4804; x_wconf 75' lang='lat' dir='ltr'><strong>tot</strong></span> <span class='ocrx_word' id='word_1_411' title='bbox 1133 4752 1167 4803; x_wconf 85' lang='lat' dir='ltr'><strong>u.</strong></span> <span class='ocrx_word' id='word_1_412' title='bbox 1183 4780 1210 4789; x_wconf 95' lang='lat'>-</span> <span class='ocrx_word' id='word_1_413' title='bbox 1228 4766 1274 4802; x_wconf 80' lang='lat' dir='ltr'><strong>uos</strong></span> <span class='ocrx_word' id='word_1_414' title='bbox 1288 4765 1306 4815; x_wconf 81' lang='lat' dir='ltr'><strong>g</strong></span> <span class='ocrx_word' id='word_1_415' title='bbox 1322 4755 1349 4804; x_wconf 89' lang='lat' dir='ltr'><strong>et</strong></span> <span class='ocrx_word' id='word_1_416' title='bbox 1365 4755 1476 4805; x_wconf 88' lang='lat' dir='ltr'><strong>Nonius:</strong></span> <span class='ocrx_word' id='word_1_417' title='bbox 1495 4766 1549 4804; x_wconf 92' lang='lat' dir='ltr'><strong>om.</strong></span> <span class='ocrx_word' id='word_1_418' title='bbox 1562 4752 1604 4803; x_wconf 86' lang='lat' dir='ltr'><strong>sb</strong></span> 
     </span>
     <span class='ocr_line' id='line_1_38' title="bbox 285 4823 1606 4890; baseline 0.002 -16"><span class='ocrx_word' id='word_1_419' title='bbox 285 4826 324 4887; x_wconf 88' lang='lat' dir='ltr'><strong>ti,</strong></span> <span class='ocrx_word' id='word_1_420' title='bbox 342 4824 392 4875; x_wconf 89' lang='lat' dir='ltr'><strong>sed</strong></span> <span class='ocrx_word' id='word_1_421' title='bbox 406 4823 524 4877; x_wconf 86' lang='lat' dir='ltr'><strong>babetb</strong></span> <span class='ocrx_word' id='word_1_422' title='bbox 542 4830 603 4877; x_wconf 88' lang='lat' dir='ltr'><strong>ante</strong></span> <span class='ocrx_word' id='word_1_423' title='bbox 619 4827 770 4878; x_wconf 59' lang='lat' dir='ltr'><strong>lmerb-</strong></span> <span class='ocrx_word' id='word_1_424' title='bbox 783 4830 893 4890; x_wconf 74' lang='lat' dir='ltr'><strong>potuerit</strong></span> <span class='ocrx_word' id='word_1_425' title='bbox 908 4829 1002 4879; x_wconf 79' lang='lat' dir='ltr'><strong>soseri:</strong></span> <span class='ocrx_word' id='word_1_426' title='bbox 1018 4829 1132 4879; x_wconf 85' lang='lat' dir='ltr'><strong>Nonius:</strong></span> <span class='ocrx_word' id='word_1_427' title='bbox 1149 4828 1240 4890; x_wconf 78' lang='lat' dir='ltr'><strong>poterit</strong></span> <span class='ocrx_word' id='word_1_428' title='bbox 1254 4828 1364 4878; x_wconf 66' lang='lat' dir='ltr'><strong>lumem:</strong></span> <span class='ocrx_word' id='word_1_429' title='bbox 1374 4830 1428 4878; x_wconf 91' lang='lat' dir='ltr'><strong>mei</strong></span> <span class='ocrx_word' id='word_1_430' title='bbox 1439 4832 1466 4879; x_wconf 89' lang='lat' dir='ltr'><strong>et</strong></span> <span class='ocrx_word' id='word_1_431' title='bbox 1477 4830 1497 4879; x_wconf 91' lang='lat'>0</span> <span class='ocrx_word' id='word_1_432' title='bbox 1508 4829 1606 4890; x_wconf 77' lang='lat' dir='ltr'><strong>(poterit</strong></span> 
     </span>
     <span class='ocr_line' id='line_1_39' title="bbox 282 4899 1604 4968; baseline 0.002 -19"><span class='ocrx_word' id='word_1_433' title='bbox 282 4899 339 4964; x_wconf 67' lang='lat' dir='ltr'><strong>fleri</strong></span> <span class='ocrx_word' id='word_1_434' title='bbox 354 4900 463 4951; x_wconf 68' lang='lat' dir='ltr'><strong>limeis</strong></span> <span class='ocrx_word' id='word_1_435' title='bbox 478 4899 505 4965; x_wconf 85' lang='lat' dir='ltr'><strong>b)</strong></span> <span class='ocrx_word' id='word_1_436' title='bbox 519 4927 546 4938; x_wconf 99' lang='lat'>-</span> <span class='ocrx_word' id='word_1_437' title='bbox 563 4903 705 4966; x_wconf 81' lang='lat' dir='ltr'><strong>prouiottos</strong></span> <span class='ocrx_word' id='word_1_438' title='bbox 721 4903 746 4963; x_wconf 90' lang='lat' dir='ltr'><strong>t,</strong></span> <span class='ocrx_word' id='word_1_439' title='bbox 763 4904 794 4952; x_wconf 90' lang='lat' dir='ltr'><strong>ut</strong></span> <span class='ocrx_word' id='word_1_440' title='bbox 810 4901 977 4968; x_wconf 89' lang='lat' dir='ltr'><strong>plerumque.</strong></span> <span class='ocrx_word' id='word_1_441' title='bbox 992 4929 1019 4940; x_wconf 89' lang='lat'><strong>-·</strong></span> <span class='ocrx_word' id='word_1_442' title='bbox 1039 4902 1079 4951; x_wconf 81' lang='lat' dir='ltr'><strong>tt.</strong></span> <span class='ocrx_word' id='word_1_443' title='bbox 1095 4900 1164 4950; x_wconf 76' lang='lat' dir='ltr'><strong>cobis</strong></span> <span class='ocrx_word' id='word_1_444' title='bbox 1179 4901 1336 4965; x_wconf 60' lang='lat' dir='ltr'><strong>dimissimus</strong></span> <span class='ocrx_word' id='word_1_445' title='bbox 1352 4903 1359 4951; x_wconf 95' lang='lat' dir='ltr'><strong>i</strong></span> <span class='ocrx_word' id='word_1_446' title='bbox 1378 4929 1406 4940; x_wconf 91' lang='lat'><em>-</em></span> <span class='ocrx_word' id='word_1_447' title='bbox 1425 4903 1465 4953; x_wconf 81' lang='lat' dir='ltr'><strong>ts.</strong></span> <span class='ocrx_word' id='word_1_448' title='bbox 1479 4904 1549 4966; x_wconf 72' lang='lat' dir='ltr'><strong>(ruod</strong></span> <span class='ocrx_word' id='word_1_449' title='bbox 1564 4902 1604 4952; x_wconf 89' lang='lat' dir='ltr'><strong>ab</strong></span> 
     </span>
     <span class='ocr_line' id='line_1_40' title="bbox 285 4974 1606 5040; baseline 0.004 -17"><span class='ocrx_word' id='word_1_450' title='bbox 285 5000 312 5009; x_wconf 94' lang='lat'>-</span> <span class='ocrx_word' id='word_1_451' title='bbox 331 4974 353 5023; x_wconf 82' lang='lat' dir='ltr'><strong>st</strong></span> <span class='ocrx_word' id='word_1_452' title='bbox 370 4985 424 5024; x_wconf 90' lang='lat' dir='ltr'><strong>om.</strong></span> <span class='ocrx_word' id='word_1_453' title='bbox 443 4976 454 5025; x_wconf 87' lang='lat' dir='ltr'><strong>t</strong></span> <span class='ocrx_word' id='word_1_454' title='bbox 471 5001 498 5011; x_wconf 96' lang='lat'>—</span> <span class='ocrx_word' id='word_1_455' title='bbox 517 4977 583 5026; x_wconf 82' lang='lat' dir='ltr'><strong>tord.</strong></span> <span class='ocrx_word' id='word_1_456' title='bbox 602 4978 676 5038; x_wconf 73' lang='lat' dir='ltr'><strong>offert</strong></span> <span class='ocrx_word' id='word_1_457' title='bbox 692 4975 909 5040; x_wconf 69' lang='lat' dir='ltr'><strong>(adtertgibgtt</strong></span> <span class='ocrx_word' id='word_1_458' title='bbox 928 4979 1002 5039; x_wconf 71' lang='lat' dir='ltr'><strong>affert</strong></span> <span class='ocrx_word' id='word_1_459' title='bbox 1017 4977 1084 5026; x_wconf 86' lang='lat' dir='ltr'><strong>turd.</strong></span> <span class='ocrx_word' id='word_1_460' title='bbox 1102 4976 1155 5035; x_wconf 77' lang='lat' dir='ltr'><strong>i0:</strong></span> <span class='ocrx_word' id='word_1_461' title='bbox 1173 4978 1247 5040; x_wconf 63' lang='lat' dir='ltr'><strong>offert</strong></span> <span class='ocrx_word' id='word_1_462' title='bbox 1261 4989 1315 5027; x_wconf 91' lang='lat' dir='ltr'><strong>om.</strong></span> <span class='ocrx_word' id='word_1_463' title='bbox 1329 4992 1345 5027; x_wconf 86' lang='lat' dir='ltr'><strong>a</strong></span> <span class='ocrx_word' id='word_1_464' title='bbox 1357 5003 1384 5014; x_wconf 94' lang='lat'><em>-</em></span> <span class='ocrx_word' id='word_1_465' title='bbox 1403 4976 1453 5028; x_wconf 76' lang='lat' dir='ltr'><strong>istd</strong></span> <span class='ocrx_word' id='word_1_466' title='bbox 1466 4977 1606 5030; x_wconf 75' lang='lat' dir='ltr'><strong>seotmticit</strong></span> 
     </span>
     <span class='ocr_line' id='line_1_41' title="bbox 286 5048 1603 5117; baseline 0.005 -19"><span class='ocrx_word' id='word_1_467' title='bbox 286 5075 313 5085; x_wconf 96' lang='lat'>-</span> <span class='ocrx_word' id='word_1_468' title='bbox 328 5050 367 5098; x_wconf 79' lang='grc'><strong>49.</strong></span> <span class='ocrx_word' id='word_1_469' title='bbox 381 5048 575 5112; x_wconf 78' lang='lat' dir='ltr'><strong>qsoodseGul.</strong></span> <span class='ocrx_word' id='word_1_470' title='bbox 589 5050 690 5101; x_wconf 85' lang='lat' dir='ltr'><strong>Christ:</strong></span> <span class='ocrx_word' id='word_1_471' title='bbox 708 5055 827 5111; x_wconf 77' lang='lat' dir='ltr'><strong>queunte</strong></span> <span class='ocrx_word' id='word_1_472' title='bbox 842 5054 865 5111; x_wconf 86' lang='lat' dir='ltr'><strong>t;</strong></span> <span class='ocrx_word' id='word_1_473' title='bbox 885 5050 1030 5115; x_wconf 83' lang='lat' dir='ltr'><strong>quonecb;</strong></span> <span class='ocrx_word' id='word_1_474' title='bbox 1049 5064 1140 5114; x_wconf 77' lang='lat' dir='ltr'><strong>quoa:</strong></span> <span class='ocrx_word' id='word_1_475' title='bbox 1158 5064 1248 5114; x_wconf 81' lang='lat' dir='ltr'><strong>quone</strong></span> <span class='ocrx_word' id='word_1_476' title='bbox 1264 5052 1603 5117; x_wconf 77' lang='lat' dir='ltr'><strong>gioiooidtempusessp.</strong></span> 
     </span>
     <span class='ocr_line' id='line_1_42' title="bbox 284 5124 1607 5190; baseline 0.003 -16"><span class='ocrx_word' id='word_1_477' title='bbox 284 5137 332 5187; x_wconf 84' lang='lat' dir='ltr'><strong>quo</strong></span> <span class='ocrx_word' id='word_1_478' title='bbox 347 5138 378 5175; x_wconf 83' lang='lat' dir='ltr'><strong>oe</strong></span> <span class='ocrx_word' id='word_1_479' title='bbox 394 5126 462 5175; x_wconf 88' lang='lat' dir='ltr'><strong>coni.</strong></span> <span class='ocrx_word' id='word_1_480' title='bbox 481 5124 584 5187; x_wconf 83' lang='lat' dir='ltr'><strong>bamb.)</strong></span> <span class='ocrx_word' id='word_1_481' title='bbox 596 5151 624 5160; x_wconf 98' lang='lat'>-</span> <span class='ocrx_word' id='word_1_482' title='bbox 643 5125 716 5175; x_wconf 76' lang='lat' dir='ltr'><strong>Arius</strong></span> <span class='ocrx_word' id='word_1_483' title='bbox 732 5124 818 5175; x_wconf 89' lang='lat' dir='ltr'><strong>om.b</strong></span> <span class='ocrx_word' id='word_1_484' title='bbox 838 5153 864 5161; x_wconf 96' lang='lat'><em>-</em></span> <span class='ocrx_word' id='word_1_485' title='bbox 883 5127 1059 5189; x_wconf 74' lang='lat' dir='ltr'><strong>relinquantur</strong></span> <span class='ocrx_word' id='word_1_486' title='bbox 1074 5130 1085 5177; x_wconf 89' lang='lat' dir='ltr'><strong>t</strong></span> <span class='ocrx_word' id='word_1_487' title='bbox 1103 5153 1129 5163; x_wconf 97' lang='lat'>-</span> <span class='ocrx_word' id='word_1_488' title='bbox 1148 5126 1190 5177; x_wconf 75' lang='lat'><strong>20.</strong></span> <span class='ocrx_word' id='word_1_489' title='bbox 1202 5127 1334 5177; x_wconf 77' lang='lat' dir='ltr'><strong>Admittcot</strong></span> <span class='ocrx_word' id='word_1_490' title='bbox 1350 5126 1412 5177; x_wconf 81' lang='lat' dir='ltr'><strong>abt</strong></span> <span class='ocrx_word' id='word_1_491' title='bbox 1428 5153 1455 5163; x_wconf 89' lang='lat'><em>-</em></span> <span class='ocrx_word' id='word_1_492' title='bbox 1471 5128 1579 5190; x_wconf 74' lang='lat' dir='ltr'><strong>proboso</strong></span> <span class='ocrx_word' id='word_1_493' title='bbox 1596 5131 1607 5178; x_wconf 90' lang='lat' dir='ltr'><strong>t</strong></span> 
     </span>
     <span class='ocr_line' id='line_1_43' title="bbox 286 5198 1605 5266; baseline 0.002 -16"><span class='ocrx_word' id='word_1_494' title='bbox 286 5198 964 5265; x_wconf 72' lang='lat' dir='ltr'><strong>-ut.utroom.gt-st.tdt-samtttia</strong></span> <span class='ocrx_word' id='word_1_495' title='bbox 986 5229 1013 5239; x_wconf 93' lang='lat'><em>-</em></span> <span class='ocrx_word' id='word_1_496' title='bbox 1037 5201 1605 5266; x_wconf 73' lang='lat' dir='ltr'><strong>adt-23.quot-putoollladvigius</strong></span> 
     </span>
     <span class='ocr_line' id='line_1_44' title="bbox 285 5272 1606 5341; baseline 0.003 -18"><span class='ocrx_word' id='word_1_497' title='bbox 285 5273 319 5336; x_wconf 75' lang='lat' dir='ltr'><strong>lin</strong></span> <span class='ocrx_word' id='word_1_498' title='bbox 336 5272 429 5325; x_wconf 88' lang='lat' dir='ltr'><strong>litteris</strong></span> <span class='ocrx_word' id='word_1_499' title='bbox 445 5273 480 5324; x_wconf 92' lang='lat' dir='ltr'><strong>ad</strong></span> <span class='ocrx_word' id='word_1_500' title='bbox 496 5287 546 5326; x_wconf 89' lang='lat' dir='ltr'><strong>uos</strong></span> <span class='ocrx_word' id='word_1_501' title='bbox 563 5275 655 5336; x_wconf 78' lang='lat' dir='ltr'><strong>datisi:</strong></span> <span class='ocrx_word' id='word_1_502' title='bbox 670 5280 745 5337; x_wconf 81' lang='lat' dir='ltr'><strong>putot</strong></span> <span class='ocrx_word' id='word_1_503' title='bbox 762 5275 839 5326; x_wconf 89' lang='lat' dir='ltr'><strong>codd.</strong></span> <span class='ocrx_word' id='word_1_504' title='bbox 859 5279 886 5327; x_wconf 90' lang='lat' dir='ltr'><strong>et</strong></span> <span class='ocrx_word' id='word_1_505' title='bbox 902 5276 965 5328; x_wconf 91' lang='lat' dir='ltr'><strong>edd.</strong></span> <span class='ocrx_word' id='word_1_506' title='bbox 989 5276 1088 5328; x_wconf 65' lang='lat' dir='ltr'><strong>avelim</strong></span> <span class='ocrx_word' id='word_1_507' title='bbox 1105 5276 1186 5337; x_wconf 87' lang='lat' dir='ltr'><strong>scire,</strong></span> <span class='ocrx_word' id='word_1_508' title='bbox 1205 5289 1286 5340; x_wconf 90' lang='lat' dir='ltr'><strong>quem</strong></span> <span class='ocrx_word' id='word_1_509' title='bbox 1301 5277 1459 5341; x_wconf 86' lang='lat' dir='ltr'><strong>interpretes</strong></span> <span class='ocrx_word' id='word_1_510' title='bbox 1471 5276 1606 5328; x_wconf 84' lang='lat' dir='ltr'><strong>intellexe-</strong></span> 
     </span>
     <span class='ocr_line' id='line_1_45' title="bbox 285 5347 1604 5416; baseline 0.004 -19"><span class='ocrx_word' id='word_1_511' title='bbox 285 5347 337 5398; x_wconf 90' lang='lat' dir='ltr'><strong>rint</strong></span> <span class='ocrx_word' id='word_1_512' title='bbox 358 5350 451 5412; x_wconf 81' lang='lat' dir='ltr'><strong>ipsum,</strong></span> <span class='ocrx_word' id='word_1_513' title='bbox 475 5351 521 5414; x_wconf 87' lang='lat' dir='ltr'><strong>qul</strong></span> <span class='ocrx_word' id='word_1_514' title='bbox 544 5353 617 5401; x_wconf 86' lang='lat' dir='ltr'><strong>extra</strong></span> <span class='ocrx_word' id='word_1_515' title='bbox 634 5350 755 5401; x_wconf 89' lang='lat' dir='ltr'><strong>ordinem</strong></span> <span class='ocrx_word' id='word_1_516' title='bbox 776 5351 917 5414; x_wconf 89' lang='lat' dir='ltr'><strong>imperium</strong></span> <span class='ocrx_word' id='word_1_517' title='bbox 935 5351 1033 5402; x_wconf 90' lang='lat' dir='ltr'><strong>nemini</strong></span> <span class='ocrx_word' id='word_1_518' title='bbox 1050 5352 1125 5416; x_wconf 89' lang='lat' dir='ltr'><strong>putat</strong></span> <span class='ocrx_word' id='word_1_519' title='bbox 1140 5350 1271 5413; x_wconf 87' lang='lat' dir='ltr'><strong>dandum,</strong></span> <span class='ocrx_word' id='word_1_520' title='bbox 1294 5363 1327 5400; x_wconf 91' lang='lat' dir='ltr'><strong>ne</strong></span> <span class='ocrx_word' id='word_1_521' title='bbox 1345 5364 1360 5401; x_wconf 91' lang='lat' dir='ltr'><strong>a</strong></span> <span class='ocrx_word' id='word_1_522' title='bbox 1377 5356 1471 5402; x_wconf 86' lang='lat' dir='ltr'><strong>senatu</strong></span> <span class='ocrx_word' id='word_1_523' title='bbox 1488 5353 1604 5416; x_wconf 86' lang='lat' dir='ltr'><strong>quidem.</strong></span> 
     </span>
     <span class='ocr_line' id='line_1_46' title="bbox 284 5423 1607 5491; baseline 0.001 -17"><span class='ocrx_word' id='word_1_524' title='bbox 284 5423 352 5474; x_wconf 83' lang='lat' dir='ltr'><strong>Nam</strong></span> <span class='ocrx_word' id='word_1_525' title='bbox 374 5436 423 5487; x_wconf 83' lang='lat' dir='ltr'><strong>ego</strong></span> <span class='ocrx_word' id='word_1_526' title='bbox 447 5437 557 5491; x_wconf 87' lang='lat' dir='ltr'><strong>prorsus</strong></span> <span class='ocrx_word' id='word_1_527' title='bbox 577 5426 711 5476; x_wconf 87' lang='lat' dir='ltr'><strong>neminem</strong></span> <span class='ocrx_word' id='word_1_528' title='bbox 734 5427 852 5490; x_wconf 86' lang='lat' dir='ltr'><strong>reperire</strong></span> <span class='ocrx_word' id='word_1_529' title='bbox 874 5439 999 5490; x_wconf 86' lang='lat' dir='ltr'><strong>possum,</strong></span> <span class='ocrx_word' id='word_1_530' title='bbox 1022 5425 1067 5490; x_wconf 90' lang='lat' dir='ltr'><strong>qui</strong></span> <span class='ocrx_word' id='word_1_531' title='bbox 1088 5438 1103 5474; x_wconf 88' lang='lat' dir='ltr'><strong>a</strong></span> <span class='ocrx_word' id='word_1_532' title='bbox 1122 5425 1248 5476; x_wconf 87' lang='lat' dir='ltr'><strong>Cicerone</strong></span> <span class='ocrx_word' id='word_1_533' title='bbox 1271 5424 1433 5488; x_wconf 77' lang='lat' dir='ltr'><strong>significatus</strong></span> <span class='ocrx_word' id='word_1_534' title='bbox 1449 5427 1483 5477; x_wconf 89' lang='lat' dir='ltr'><strong>sit</strong></span> <span class='ocrx_word' id='word_1_535' title='bbox 1501 5427 1607 5490; x_wconf 87' lang='lat' dir='ltr'><strong>praeter</strong></span> 
     </span>
     <span class='ocr_line' id='line_1_47' title="bbox 286 5498 1608 5566; baseline 0.003 -19"><span class='ocrx_word' id='word_1_536' title='bbox 286 5499 444 5551; x_wconf 84' lang='lat' dir='ltr'><strong>Ciceronem</strong></span> <span class='ocrx_word' id='word_1_537' title='bbox 463 5501 564 5566; x_wconf 89' lang='lat' dir='ltr'><strong>ipsum,</strong></span> <span class='ocrx_word' id='word_1_538' title='bbox 588 5502 631 5551; x_wconf 88' lang='lat' dir='ltr'><strong>cui</strong></span> <span class='ocrx_word' id='word_1_539' title='bbox 653 5502 818 5565; x_wconf 84' lang='lat' dir='ltr'><strong>apertissime</strong></span> <span class='ocrx_word' id='word_1_540' title='bbox 839 5502 907 5553; x_wconf 88' lang='lat' dir='ltr'><strong>haec</strong></span> <span class='ocrx_word' id='word_1_541' title='bbox 930 5501 1060 5551; x_wconf 88' lang='lat' dir='ltr'><strong>sententia</strong></span> <span class='ocrx_word' id='word_1_542' title='bbox 1080 5501 1171 5565; x_wconf 91' lang='lat' dir='ltr'><strong>paucis</strong></span> <span class='ocrx_word' id='word_1_543' title='bbox 1187 5502 1249 5550; x_wconf 89' lang='lat' dir='ltr'><strong>ante</strong></span> <span class='ocrx_word' id='word_1_544' title='bbox 1265 5498 1355 5550; x_wconf 85' lang='lat' dir='ltr'><strong>verbis</strong></span> <span class='ocrx_word' id='word_1_545' title='bbox 1371 5499 1508 5550; x_wconf 82' lang='lat' dir='ltr'><strong>tribuitur:</strong></span> <span class='ocrx_word' id='word_1_546' title='bbox 1533 5500 1608 5551; x_wconf 84' lang='lat' dir='ltr'><strong>Vutdc</strong></span> 
     </span>
     <span class='ocr_line' id='line_1_48' title="bbox 285 5573 1608 5640; baseline 0.002 -19"><span class='ocrx_word' id='word_1_547' title='bbox 285 5573 345 5621; x_wconf 80' lang='lat' dir='ltr'><strong>mibi</strong></span> <span class='ocrx_word' id='word_1_548' title='bbox 358 5573 464 5637; x_wconf 65' lang='lat' dir='ltr'><strong>probol</strong></span> <span class='ocrx_word' id='word_1_549' title='bbox 477 5580 557 5638; x_wconf 80' lang='lat' dir='ltr'><strong>potest</strong></span> <span class='ocrx_word' id='word_1_550' title='bbox 573 5574 682 5639; x_wconf 75' lang='lat' dir='ltr'><strong>(bonico</strong></span> <span class='ocrx_word' id='word_1_551' title='bbox 700 5575 784 5636; x_wconf 79' lang='lat' dir='ltr'><strong>dicit),</strong></span> <span class='ocrx_word' id='word_1_552' title='bbox 801 5575 844 5640; x_wconf 85' lang='lat' dir='ltr'><strong>qui</strong></span> <span class='ocrx_word' id='word_1_553' title='bbox 857 5576 944 5638; x_wconf 78' lang='lat' dir='ltr'><strong>posito</strong></span> <span class='ocrx_word' id='word_1_554' title='bbox 962 5582 1021 5626; x_wconf 81' lang='lat' dir='ltr'><strong>onte</strong></span> <span class='ocrx_word' id='word_1_555' title='bbox 1036 5576 1098 5626; x_wconf 81' lang='lat' dir='ltr'><strong>cler.</strong></span> <span class='ocrx_word' id='word_1_556' title='bbox 1116 5576 1172 5625; x_wconf 83' lang='lat' dir='ltr'><strong>otro</strong></span> <span class='ocrx_word' id='word_1_557' title='bbox 1185 5576 1285 5639; x_wconf 79' lang='lat' dir='ltr'><strong>priuato</strong></span> <span class='ocrx_word' id='word_1_558' title='bbox 1301 5576 1434 5638; x_wconf 72' lang='lat' dir='ltr'><strong>tarpeiius</strong></span> <span class='ocrx_word' id='word_1_559' title='bbox 1449 5579 1523 5626; x_wconf 68' lang='lat' dir='ltr'><strong>ntro</strong></span> <span class='ocrx_word' id='word_1_560' title='bbox 1538 5576 1608 5624; x_wconf 87' lang='lat' dir='ltr'><strong>ordi-</strong></span> 
     </span>
     <span class='ocr_line' id='line_1_49' title="bbox 286 5645 1606 5714; baseline 0.001 -17"><span class='ocrx_word' id='word_1_561' title='bbox 286 5659 342 5697; x_wconf 76' lang='lat' dir='ltr'><strong>nem</strong></span> <span class='ocrx_word' id='word_1_562' title='bbox 362 5662 413 5698; x_wconf 84' lang='lat' dir='ltr'><strong>ooo</strong></span> <span class='ocrx_word' id='word_1_563' title='bbox 434 5649 515 5701; x_wconf 77' lang='lat' dir='ltr'><strong>dedi.»</strong></span> <span class='ocrx_word' id='word_1_564' title='bbox 537 5651 646 5702; x_wconf 67' lang='lat' dir='ltr'><strong>morio.</strong></span> <span class='ocrx_word' id='word_1_565' title='bbox 670 5675 698 5686; x_wconf 94' lang='lat'><em>-</em></span> <span class='ocrx_word' id='word_1_566' title='bbox 725 5650 765 5701; x_wconf 79' lang='lat'><strong>2⁸.</strong></span> <span class='ocrx_word' id='word_1_567' title='bbox 783 5645 869 5714; x_wconf 70' lang='lat' dir='ltr'><strong>otniq</strong></span> <span class='ocrx_word' id='word_1_568' title='bbox 891 5654 902 5701; x_wconf 90' lang='lat' dir='ltr'><strong>t</strong></span> <span class='ocrx_word' id='word_1_569' title='bbox 924 5677 952 5686; x_wconf 90' lang='lat'><em>-</em></span> <span class='ocrx_word' id='word_1_570' title='bbox 980 5651 1020 5702; x_wconf 75' lang='lat'><strong>29.</strong></span> <span class='ocrx_word' id='word_1_571' title='bbox 1039 5651 1119 5700; x_wconf 86' lang='lat' dir='ltr'><strong>mutto</strong></span> <span class='ocrx_word' id='word_1_572' title='bbox 1140 5651 1166 5699; x_wconf 85' lang='lat' dir='ltr'><strong>io</strong></span> <span class='ocrx_word' id='word_1_573' title='bbox 1187 5649 1326 5700; x_wconf 63' lang='lat' dir='ltr'><strong>scombris</strong></span> <span class='ocrx_word' id='word_1_574' title='bbox 1346 5651 1396 5711; x_wconf 82' lang='lat' dir='ltr'><strong>(sc.</strong></span> <span class='ocrx_word' id='word_1_575' title='bbox 1415 5648 1606 5711; x_wconf 79' lang='lat' dir='ltr'><strong>decernuntur)</strong></span> 
     </span>
     <span class='ocr_line' id='line_1_50' title="bbox 287 5723 1608 5790; baseline -0.001 -17"><span class='ocrx_word' id='word_1_576' title='bbox 287 5723 380 5787; x_wconf 83' lang='lat' dir='ltr'><strong>scripsi</strong></span> <span class='ocrx_word' id='word_1_577' title='bbox 396 5725 465 5775; x_wconf 90' lang='lat' dir='ltr'><strong>conl.</strong></span> <span class='ocrx_word' id='word_1_578' title='bbox 483 5725 600 5777; x_wconf 90' lang='lat' dir='ltr'><strong>incerta:</strong></span> <span class='ocrx_word' id='word_1_579' title='bbox 618 5725 699 5776; x_wconf 82' lang='lat' dir='ltr'><strong>multu</strong></span> <span class='ocrx_word' id='word_1_580' title='bbox 713 5725 831 5786; x_wconf 51' lang='lat' dir='ltr'><strong>consedi&amp;</strong></span> <span class='ocrx_word' id='word_1_581' title='bbox 849 5726 929 5790; x_wconf 78' lang='lat' dir='ltr'><strong>tiqui</strong></span> <span class='ocrx_word' id='word_1_582' title='bbox 946 5723 1011 5775; x_wconf 88' lang='lat' dir='ltr'><strong>alias</strong></span> <span class='ocrx_word' id='word_1_583' title='bbox 1026 5736 1105 5775; x_wconf 79' lang='lat' dir='ltr'><strong>conss.</strong></span> <span class='ocrx_word' id='word_1_584' title='bbox 1122 5723 1164 5775; x_wconf 85' lang='lat' dir='ltr'><strong>vel</strong></span> <span class='ocrx_word' id='word_1_585' title='bbox 1180 5736 1229 5774; x_wconf 82' lang='lat' dir='ltr'><strong>cos.</strong></span> <span class='ocrx_word' id='word_1_586' title='bbox 1247 5737 1296 5788; x_wconf 86' lang='lat' dir='ltr'><strong>per</strong></span> <span class='ocrx_word' id='word_1_587' title='bbox 1312 5736 1407 5774; x_wconf 88' lang='lat' dir='ltr'><strong>omnes</strong></span> <span class='ocrx_word' id='word_1_588' title='bbox 1424 5736 1502 5774; x_wconf 88' lang='lat' dir='ltr'><strong>casus</strong></span> <span class='ocrx_word' id='word_1_589' title='bbox 1519 5726 1546 5772; x_wconf 88' lang='lat' dir='ltr'><strong>ct</strong></span> <span class='ocrx_word' id='word_1_590' title='bbox 1557 5735 1608 5772; x_wconf 91' lang='lat' dir='ltr'><strong>nu·</strong></span> 
     </span>
     <span class='ocr_line' id='line_1_51' title="bbox 287 5797 1604 5864; baseline -0.001 -17"><span class='ocrx_word' id='word_1_591' title='bbox 287 5809 377 5849; x_wconf 90' lang='lat' dir='ltr'><strong>meros</strong></span> <span class='ocrx_word' id='word_1_592' title='bbox 399 5797 501 5851; x_wconf 87' lang='lat' dir='ltr'><strong>babere</strong></span> <span class='ocrx_word' id='word_1_593' title='bbox 523 5799 614 5863; x_wconf 85' lang='lat' dir='ltr'><strong>solet);</strong></span> <span class='ocrx_word' id='word_1_594' title='bbox 639 5800 733 5862; x_wconf 81' lang='lat' dir='ltr'><strong>mutto,</strong></span> <span class='ocrx_word' id='word_1_595' title='bbox 753 5798 1109 5864; x_wconf 58' lang='lat' dir='ltr'><strong>consummatabgio,</strong></span> <span class='ocrx_word' id='word_1_596' title='bbox 1132 5797 1181 5850; x_wconf 84' lang='lat' dir='ltr'><strong>sed</strong></span> <span class='ocrx_word' id='word_1_597' title='bbox 1202 5800 1222 5849; x_wconf 93' lang='lat'>0</span> <span class='ocrx_word' id='word_1_598' title='bbox 1243 5802 1262 5863; x_wconf 81' lang='lat'>†</span> <span class='ocrx_word' id='word_1_599' title='bbox 1281 5799 1362 5848; x_wconf 73' lang='lat' dir='ltr'><strong>mauu</strong></span> <span class='ocrx_word' id='word_1_600' title='bbox 1386 5824 1413 5834; x_wconf 94' lang='lat'><em>-</em></span> <span class='ocrx_word' id='word_1_601' title='bbox 1439 5797 1504 5847; x_wconf 80' lang='lat' dir='ltr'><strong>ulter</strong></span> <span class='ocrx_word' id='word_1_602' title='bbox 1525 5798 1560 5846; x_wconf 91' lang='lat' dir='ltr'><strong>at</strong></span> <span class='ocrx_word' id='word_1_603' title='bbox 1577 5821 1604 5831; x_wconf 95' lang='lat'>—</span> 
     </span>
     <span class='ocr_line' id='line_1_52' title="bbox 287 5870 1608 5940; baseline -0.002 -16"><span class='ocrx_word' id='word_1_604' title='bbox 287 5872 475 5926; x_wconf 71' lang='lat' dir='ltr'><strong>umbonum:</strong></span> <span class='ocrx_word' id='word_1_605' title='bbox 499 5875 829 5940; x_wconf 73' lang='lat' dir='ltr'><strong>molooniticutsolest,</strong></span> <span class='ocrx_word' id='word_1_606' title='bbox 851 5874 976 5937; x_wconf 73' lang='lat' dir='ltr'><strong>omos,</strong></span> <span class='ocrx_word' id='word_1_607' title='bbox 999 5875 1107 5926; x_wconf 61' lang='lat' dir='ltr'><strong>mm</strong></span> <span class='ocrx_word' id='word_1_608' title='bbox 1129 5871 1315 5925; x_wconf 72' lang='lat' dir='ltr'><strong>mndooaconi.</strong></span> <span class='ocrx_word' id='word_1_609' title='bbox 1333 5871 1428 5933; x_wconf 84' lang='lat' dir='ltr'><strong>Orelli;</strong></span> <span class='ocrx_word' id='word_1_610' title='bbox 1450 5870 1608 5922; x_wconf 67' lang='lat' dir='ltr'><strong>memus</strong></span> 
     </span>
    </p>
   </div>
   <div class='ocr_carea' id='block_1_6' title="bbox 0 0 1911 7348">
    <p class='ocr_par' dir='ltr' id='par_1_6' title="bbox 0 0 1911 7348">
     <span class='ocr_line' id='line_1_53' title="bbox 0 0 1911 7348; baseline 0 0"><span class='ocrx_word' id='word_1_611' title='bbox 0 0 1911 7348; x_wconf 95' lang='lat' dir='ltr'><strong> </strong></span> 
     </span>
    </p>
   </div>
  </div>
 </body>
</html>
