3800 7350
325 1216 388 1286 aas
739 1196 1229 1288 omrrornons'mcco

411 1388 462 1454 94.
485 1391 547 1456 Sed
570 1392 647 1476 quid
670 1412 729 1475 ego
752 1392 791 1456 de
813 1391 956 1476 epistolis
978 1389 1110 1454 Falcidii
1132 1398 1188 1455 aut
1209 1393 1248 1454 de
1268 1387 1418 1455 Androne
1440 1391 1573 1455 Sextilio
1595 1399 1652 1455 aut

327 1486 367 1549 de
381 1487 511 1549 Deciani
532 1507 629 1551 censu
651 1495 714 1551 tam
737 1487 792 1550 diu
815 1487 942 1568 disputo
963 1481 1126 1569 [postulo],
1149 1484 1189 1548 de
1211 1485 1312 1550 salute
1335 1486 1475 1548 omnium
1496 1492 1652 1558 nostrum,

326 1579 366 1643 de
395 1580 531 1644 fortunis
559 1582 714 1657 civitatis,
742 1582 781 1644 de
810 1599 988 1645 summare
1015 1580 1142 1664 publica
1164 1583 1277 1643 taceo?
1313 1599 1408 1663 quam
1437 1600 1494 1643 vos
1524 1579 1653 1643 univer·

326 1694 393 1738 sam
413 1676 448 1738 in
469 1674 530 1738 boc
551 1675 670 1739 iudicio
692 1678 820 1752 vestris,
843 1676 971 1748 vestris,
993 1673 1140 1758 inquam,
1162 1673 1326 1747 humeris,
1348 1673 1492 1749 iudices,
1514 1674 1653 1737 sustine-

301 1770 374 1833 atis.
410 1769 546 1843 Videtis,
576 1788 641 1852 quo
661 1770 695 1832 ia
716 1777 805 1834 motu
827 1778 1023 1852 temporum,
1046 1775 1164 1850 quanta
1185 1769 1218 1830 ia
1242 1768 1449 1831 conversione
1478 1786 1585 1831 renim
1612 1787 1650 1830 ac

324 1863 561 1948 perturbatione
588 1883 760 1927 versemur.
795 1864 972 1927 XXXVIII.
996 1862 1074 1925 Cum
1095 1861 1158 1924 alia
1179 1862 1278 1925 multa
1299 1862 1376 1925 certi
1396 1861 1558 1937 homines,
1584 1869 1654 1925 tum

324 1956 384 2020 boc
412 1957 462 2021 vel
489 1959 626 2021 maxime
655 1958 843 2033 moliuntur,
874 1965 910 2020 ut
931 1964 1054 2022 vestrae
1077 1976 1206 2040 quoque
1228 1964 1366 2029 mentes,
1398 1964 1503 2020 vestra
1523 1955 1653 2030 iudicia,

324 2057 447 2115 vestrae
468 2052 644 2115 sententiae
665 2053 785 2136 optimo
808 2052 923 2135 cuique
946 2050 1168 2113 infestissimae
1189 2056 1286 2134 atque
1306 2050 1542 2115 inimicissimae
1562 2071 1654 2135 repe·

323 2142 455 2207 riantur.
487 2145 602 2208 Gravia
623 2146 740 2209 iudicia
757 2165 815 2229 pro
833 2146 879 2208 rei
895 2145 1039 2228 publicae
1054 2144 1223 2227 dignitate,
1244 2145 1343 2208 multa
1357 2144 1398 2207 de
1413 2144 1652 2209 coniuratorum

288 2250 315 2299 to
325 2236 443 2302 scelere
465 2238 600 2302 lecistis:
630 2258 695 2302 non
716 2246 829 2324 putant
850 2242 926 2304 satis
949 2258 1132 2302 conversam
1153 2259 1219 2302 rem
1240 2238 1414 2324 publicam,
1436 2240 1499 2303 nisi
1519 2240 1555 2302 in
1578 2258 1653 2303 eau-

324 2331 396 2406 dem
417 2332 586 2415 impiomm
608 2353 745 2416 poenam
767 2334 885 2417 optime
907 2334 1037 2397 meritos
1052 2334 1137 2397 cives
1152 2331 1354 2395 detruserint.
1396 2329 1448 2395 95.
1470 2332 1652 2416 Oppressus

324 2432 373 2491 est
395 2425 428 2489 C.
450 2427 617 2491 Antonius.
653 2428 748 2504 Esto,
770 2428 880 2492 babuit
901 2427 1062 2512 quandam
1083 2427 1137 2489 ille
1159 2426 1321 2490 infamiam
1343 2446 1450 2490 suam:
1476 2446 1582 2511 neque
1603 2435 1651 2491 ta·

323 2540 396 2586 men
417 2519 472 2584 ille
494 2520 578 2606 ipse,
599 2543 657 2604 pro
678 2541 750 2586 meo
771 2523 840 2586 iure
863 2523 949 2597 dico,
972 2523 1063 2586 vobis
1083 2521 1241 2586 iudicibus
1258 2521 1424 2586 damnatus
1439 2531 1538 2598 esset,
1559 2526 1651 2589 cuius

323 2614 525 2679 damnatione
546 2617 749 2701 sepulchrum
764 2618 799 2680 L.
816 2617 968 2682 Catilinae
983 2613 1112 2679 lloribus
1127 2623 1283 2691 ornatum,
1298 2616 1462 2681 bominum
1476 2618 1652 2683 audacissi-

286 2724 447 2774 tamorum
460 2728 497 2773 ac
512 2710 759 2775 domesticorum
772 2712 910 2775 bostium
922 2717 1080 2774 conventu
1096 2710 1263 2795 epulisque
1279 2710 1472 2776 celebratum
1487 2720 1546 2787 est,
1568 2714 1653 2776 iusta

323 2802 477 2867 Catilinae
498 2803 580 2869 lacta
601 2814 686 2870 sunt.
721 2808 812 2869 Nunc
834 2826 853 2869 a
872 2806 986 2868 Flacco
1008 2804 1135 2867 Lentuli
1157 2823 1279 2887 poenae
1302 2824 1359 2887 per
1372 2826 1428 2870 vos
1447 2814 1652 2893 expetuntur.

324 2896 427 2974 Quam
448 2901 581 2984 potestis
602 2902 635 2964 Ρ.
658 2900 810 2976 Lentulo,
833 2901 889 2980 qui
910 2918 968 2961 vos
989 2898 1025 2961 in
1046 2898 1215 2982 complexa
1233 2898 1402 2963 liberomm
1417 2902 1652 2985 coniugumque

323 3000 497 3057 vestrarum
519 2992 690 3059 trucidatos
712 2993 862 3058 incendio
883 2995 1006 3078 patriae
1022 2991 1157 3075 sepelire
1172 3000 1306 3055 conatus
1323 3000 1388 3069 est,
1410 3003 1548 3059 mactare
1561 2996 1653 3060 victi-

323 3106 406 3150 mam
434 3087 618 3170 gratiorem,
651 3108 747 3171 quam
775 3090 801 3151 si
831 3089 866 3150 L.
889 3088 991 3151 Flacci
1019 3088 1171 3169 sauguine
1199 3087 1284 3150 illius
1306 3087 1463 3153 netarium
1483 3090 1517 3152 in
1540 3109 1652 3154 omues

285 3180 433 3245 ttodiunr
447 3182 693 3245 usaturavcritist
736 3178 787 3243 96.
810 3182 953 3245 Litemus
975 3181 1072 3262 igitur
1092 3180 1244 3256 Lentulo,
1275 3190 1477 3266 parentemus
1501 3183 1652 3267 Cethego,

324 3293 512 3339 revocemus
534 3275 669 3338 eiectos:
692 3277 806 3339 nimiae
828 3275 953 3359 pietatis
976 3282 1009 3337 et
1030 3275 1143 3337 summi
1165 3276 1282 3338 amoris
1304 3277 1337 3338 in
1359 3277 1493 3358 patriam
1509 3278 1652 3341 vicissim

324 3386 384 3432 nos
405 3387 543 3451 poenas,
565 3370 592 3432 si
613 3370 657 3433 ita
679 3369 800 3453 placet,
823 3371 1019 3432 sufferamus.
1055 3370 1118 3431 Nos
1134 3370 1195 3431 iam
1210 3369 1249 3432 ab
1264 3369 1420 3434 iudicibus
1434 3371 1650 3447 nominamur;

322 3463 356 3529 in
377 3481 438 3548 nos
460 3462 593 3526 erimIna
613 3459 791 3547 linguatum
814 3463 905 3527 nobis
928 3462 1068 3546 pericula
1090 3471 1323 3547 comparantur.
1353 3465 1441 3541 Quae
1457 3466 1483 3529 si
1499 3486 1556 3550 per
1565 3467 1651 3530 alios

323 3561 469 3639 agerent,
492 3556 519 3619 si
541 3555 680 3640 denique
701 3576 760 3639 per
780 3556 892 3640 populi
914 3576 1032 3619 nomen
1053 3556 1167 3620 civium
1183 3557 1400 3640 imperitorum
1415 3559 1651 3625 multitudinem

284 3650 550 3727 reconcitasscnt,
572 3652 724 3735 aequiore
745 3653 850 3715 animo
872 3650 955 3715 terre
975 3670 1158 3735 possemus:
1180 3650 1259 3714 illud
1274 3669 1351 3716 vero
1368 3651 1443 3718 terri
1458 3673 1522 3718 non
1535 3661 1653 3740 potest,

322 3745 407 3831 quod
428 3766 486 3831 per
506 3752 669 3809 senatores
691 3752 724 3810 et
745 3765 802 3829 per
823 3746 948 3830 equites
969 3746 1144 3819 Romanos,
1168 3745 1224 3828 qui
1246 3746 1448 3812 haecomnia
1468 3768 1526 3834 pro
1549 3750 1653 3814 salute

322 3840 464 3904 omnium
485 3840 644 3904 communi
666 3840 799 3904 consilio
820 3859 885 3904 una
898 3846 1004 3903 mente
1022 3845 1119 3922 atque
1134 3841 1249 3903 virtute
1271 3848 1454 3923 gesserunt,
1475 3843 1587 3908 barum
1602 3865 1653 3908 re·

321 3954 391 3998 rum
412 3941 575 4009 auctores,
598 3934 712 4010 duces,
743 3934 903 4018 principes
925 3934 1055 4018 spoliari
1077 3933 1224 3997 omnibus
1245 3933 1383 3998 fortunis
1404 3945 1502 4021 atque
1524 3939 1651 4002 civitate

322 4029 441 4114 expelli
456 4047 550 4112 posse
563 4028 765 4092 arbitrantur.
785 4030 912 4092 Etenim
926 4027 1039 4112 populi
1053 4028 1188 4091 Romani
1202 4030 1400 4112 perspiciunt
1414 4031 1548 4094 eandem
1563 4051 1653 4095 men·

284 4131 386 4187 aetem
408 4130 440 4186 et
461 4122 671 4186 voluntatem:
694 4123 841 4186 omnibus
863 4122 958 4184 rebus
973 4121 1088 4205 quibus
1104 4129 1210 4204 potest
1224 4122 1362 4207 populns
1378 4125 1539 4188 Romanus
1554 4125 1653 4208 signi·

322 4212 410 4290 licat,
444 4214 522 4298 quid
551 4218 684 4293 sentiat3
718 4216 807 4280 nulla
834 4218 970 4280 varietas
1000 4222 1047 4278 est
1076 4215 1157 4279 inter
1178 4215 1323 4280 homines
1350 4217 1529 4301 opinionis,
1562 4219 1652 4283 nulla

321 4311 511 4385 voluntatis,
538 4311 627 4375 nulla
655 4313 821 4375 sermonis.
865 4307 916 4373 97.
941 4309 1048 4385 Quare
1078 4309 1105 4372 si
1134 4309 1205 4393 quis
1234 4309 1311 4373 illuc
1332 4330 1382 4374 me
1403 4318 1511 4387 vocat,
1539 4314 1652 4377 venio:

321 4404 474 4490 populum
496 4405 672 4469 Romanum
694 4406 937 4488 disceptatorem
959 4424 1024 4468 non
1047 4402 1142 4468 modo
1163 4423 1228 4467 non
1249 4423 1377 4479 recuso,
1400 4404 1457 4469 sed
1479 4406 1574 4468 etiam
1597 4405 1653 4468 de-

322 4520 430 4584 posco.
463 4500 519 4563 Vis
541 4498 641 4575 absit,
663 4499 780 4562 ferrum
803 4520 839 4563 ac
861 4498 985 4581 lapides
1002 4503 1239 4572 removeantur,
1261 4517 1377 4581 operae
1390 4498 1563 4574 lacessant,
1586 4519 1653 4563 ser·
1745 4539 1749 4547 -

284 4595 400 4661 sevitia
421 4594 552 4658 sileant:
574 4613 669 4657 nemo
692 4595 751 4656 erit
771 4600 835 4656 tam
858 4593 1013 4666 iniustus,
1036 4593 1091 4676 qui
1113 4612 1164 4655 me
1186 4592 1337 4667 audierit,
1360 4594 1401 4656 sit
1415 4593 1511 4656 modo
1525 4592 1608 4657 liber
1622 4601 1655 4659 et

324 4690 417 4764 civis,
446 4688 526 4772 quin
555 4688 662 4772 potius
685 4686 724 4750 de
749 4687 898 4772 praemiis
920 4686 1000 4749 meis
1023 4705 1118 4769 quam
1140 4685 1180 4747 de
1201 4704 1305 4770 poena
1326 4687 1529 4770 cogitandum
1551 4694 1654 4772 putet.

322 4783 471 4845 XXXIX.
494 4780 521 4844 0
544 4780 577 4844 di
597 4781 809 4845 immortales!
833 4779 911 4865 quid
933 4780 996 4843 boc
1018 4780 1187 4859 miserius?
1209 4800 1284 4855 nos,
1306 4780 1363 4864 qui
1385 4783 1418 4843 P.
1433 4779 1568 4843 Lentulo
1591 4780 1655 4845 ler-

322 4895 392 4938 mm
416 4882 448 4938 et
469 4875 627 4939 llammam
648 4875 688 4940 de
710 4877 856 4939 manibus
879 4874 1086 4948 extorsimus,
1117 4875 1279 4956 imperitae
1302 4874 1513 4938 multitudinis
1533 4873 1654 4938 iudicio

323 4968 526 5044 confidimus,
555 4970 798 5033 lectissimorum
827 4970 944 5032 civium
971 4978 1004 5034 et
1024 4968 1290 5054 amplissimorum
1312 4970 1484 5032 sententias
1505 4970 1655 5055 pertime-

284 5063 450 5130 loscimus.
492 5059 544 5126 98.
567 5065 616 5127 Il'.
639 5064 802 5147 Aquilium
824 5072 929 5146 patres
950 5063 1052 5127 nostri
1074 5063 1181 5126 multis
1205 5064 1355 5130 avaritiae
1370 5063 1552 5127 criminibus
1565 5065 1655 5128 testi-

388 5260 413 5309 4.
431 5259 566 5310 manuus
580 5286 607 5296 -
625 5260 650 5309 2.
662 5261 762 5310 aeneus
776 5286 803 5296 —
822 5261 920 5323 disputo
931 5261 978 5311 Tb.
991 5260 1196 5311 Mommsenius:
1216 5258 1332 5322 disputo?
1344 5259 1442 5322 postulo
1459 5260 1537 5320 SAI',
1556 5261 1655 5324 &muto

322 5335 501 5398 etposaslcT3
520 5335 617 5398 disputo
633 5335 795 5398 etexpostutc
812 5335 860 5385 LO
879 5363 907 5373 -
926 5335 950 5386 3.
968 5334 1138 5396 reip.le
1153 5359 1180 5369 -
1199 5332 1223 5384 I.
1242 5334 1334 5385 ludlow
1349 5336 1437 5386 vesuta
1452 5336 1656 5400 svestrtrtoqucm

321 5412 431 5463 berneris
442 5411 498 5462 llic.
511 5409 647 5473 Angeltus:
666 5411 759 5477 iudicio
774 5413 861 5462 emta-is
876 5412 981 5474 inquom
993 5410 1102 5459 bumaria
1112 5409 1201 5467 sm
1219 5409 1312 5460 iudlcto
1326 5410 1415 5460 cestris
1429 5410 1550 5475 bamma,
1567 5415 1656 5465 cedris

322 5488 426 5551 taquam
442 5487 551 5536 burmis
567 5498 630 5536 cum
647 5485 689 5536 ed.
704 5485 796 5537 aldina
810 5487 857 5537 FL
876 5511 904 5523 -
922 5487 947 5536 5.
964 5484 1238 5535 Videam-cersonae
1253 5484 1336 5535 babet
1351 5485 1370 5535 B
1383 5509 1410 5520 —
1430 5498 1479 5548 quc
1495 5487 1523 5536 ta
1538 5490 1652 5539 memb:

322 5563 350 5613 ta
366 5575 415 5625 quo
431 5565 498 5611 metu
514 5562 544 5621 ὃς
562 5560 589 5610 ln
606 5574 655 5623 quo
670 5567 740 5612 emta
756 5563 847 5613 ceteri.
868 5588 894 5598 -
915 5563 955 5612 40.
974 5559 1126 5621 coecorum]
1144 5571 1291 5609 conensem
1306 5561 1392 5611 used
1412 5587 1439 5596 -
1459 5562 1500 5611 42.
1518 5567 1553 5612 cst
1570 5564 1654 5614 oms

327 5663 353 5674 -
373 5636 413 5687 43.
432 5636 566 5686 matus
582 5641 617 5687 eat
633 5636 649 5685 S
667 5661 695 5672 —
724 5637 764 5686 49.
783 5649 866 5686 omnes
882 5637 899 5686 S
916 5639 944 5687 ct
960 5636 1078 5700 quinque
1096 5634 1175 5685 codd.
1194 5635 1304 5686 Orcum:
1325 5648 1372 5685 nos
1391 5648 1474 5686 mnam
1493 5636 1586 5694 ΤΙ.0;
1611 5651 1656 5689 ces

323 5724 407 5762 onmes
421 5712 455 5771 Α;
474 5723 557 5761 omnes
572 5723 618 5760 nos
634 5710 652 5760 F
671 5737 698 5748 -
711 5711 753 5761 22.
771 5711 792 5760 a·
807 5712 845 5761 tte
860 5711 908 5761 dtis
920 5711 1004 5774 placet
1015 5722 1077 5760 cum
1089 5709 1133 5760 ed.
1147 5711 1279 5760 luntiuaF
1296 5737 1323 5746 -
1342 5709 1383 5761 24.
1400 5710 1500 5777 motum]
1518 5724 1575 5762 caso
1591 5712 1611 5762 'l'
1629 5715 1656 5764 et

324 5799 365 5850 pr.
379 5787 396 5837 S
410 5812 437 5821 -
452 5785 495 5837 26.
509 5799 558 5849 per
572 5787 633 5835 ante
648 5798 673 5836 v.
686 5785 842 5848 equitatem.
858 5786 875 5835 S
889 5785 970 5835 -27,
983 5785 1162 5846 accessa:
1180 5797 1212 5834 ae
1228 5784 1304 5835 FLO
1317 5809 1344 5820 -
1357 5784 1611 5850 wgo-incipiemus
1624 5816 1652 5827 -

324 5861 425 5910 dodau
441 5860 532 5910 STA:
549 5860 679 5910 celsitate
695 5860 770 5910 FLO
789 5886 817 5896 —
835 5860 877 5910 29.
893 5858 1117 5923 etenimstpopelt
1132 5859 1161 5910 a.
1181 5859 1269 5909 FL-
1286 5859 1390 5910 candem
1407 5859 1578 5914 Gulielmius:
1597 5876 1655 5915 cem

324 5933 444 5997 STA05
463 5946 516 5988 cnr.
534 5935 581 5990 pg
599 5960 627 5972 -
646 5933 687 5989 38.
708 5932 967 6004 tudiciolperimlos
989 5960 1016 5971 -
1037 5933 1078 5988 40.
1096 5936 1133 5986 ll.
1150 5932 1604 5999 ammanuensium
1624 5967 1652 5978 -
