3800 7350
317 1183 399 1252 lato
738 1187 888 1253 ORATIO
910 1187 1136 1255 PHILIPPICA
1156 1191 1210 1255 VI.

313 1358 442 1422 nobilis.
485 1357 651 1431 Plancum,
679 1357 734 1439 qui
765 1360 911 1422 omnibus
940 1360 1106 1424 sententiis
1135 1361 1273 1423 maximo
1295 1365 1401 1425 vestro
1427 1360 1544 1443 plausu
1567 1378 1647 1422 con·

314 1453 478 1516 damnatus
500 1450 606 1513 nescio
629 1469 693 1533 quo
716 1451 812 1515 modo
835 1472 869 1516 se
892 1454 1028 1517 coniecit
1048 1454 1082 1517 in
1105 1455 1227 1517 turbam
1248 1461 1343 1536 atque
1365 1454 1409 1517 ita
1431 1461 1572 1518 maestus
1595 1472 1647 1515 re·

313 1544 388 1620 diit,
416 1552 451 1608 ut
479 1550 647 1619 retractus,
677 1564 741 1608 non
772 1565 917 1609 reversus
940 1547 1115 1622 videretur,
1145 1550 1190 1611 sic
1212 1549 1401 1622 contemnit,
1430 1556 1596 1631 tamquam
1618 1547 1647 1609 si

312 1637 359 1701 illi
382 1658 465 1722 aqua
487 1646 519 1701 et
539 1637 605 1721 iqui
626 1638 828 1703 interdictum
850 1642 909 1715 sit3
931 1640 1103 1724 aliqnando
1123 1649 1218 1724 negat
1238 1642 1267 1704 ei
1290 1642 1395 1705 locum
1410 1662 1480 1705 esse
1495 1648 1646 1726 oportere

289 1730 469 1807 aincurte,
492 1731 548 1817 qui
569 1733 745 1796 incenderit
766 1735 895 1798 cumam.
939 1729 990 1797 ll.
1012 1736 1090 1797 Nam
1113 1733 1305 1798 Trebellium
1322 1736 1413 1798 valde
1434 1736 1497 1799 iam
1520 1734 1645 1818 diligit:

311 1823 422 1888 oderat
448 1833 531 1901 tum,
565 1847 637 1891 cum
664 1825 719 1889 ille
748 1827 864 1891 tabulis
893 1828 986 1891 novis
1020 1827 1262 1891 adversabatur:
1293 1830 1357 1891 iam
1384 1828 1501 1891 sertin
1521 1828 1646 1901 oculis,

308 1927 538 2004 posteaquam
561 1923 666 2006 ipsum
681 1920 873 1985 Trebellium
894 1921 976 1985 vidit
997 1922 1065 1984 sine
1086 1921 1202 1986 tabulis
1224 1922 1314 1986 novis
1336 1922 1458 1986 salvum
1480 1941 1552 1986 esse
1575 1941 1645 1986 non

308 2033 414 2096 posse.
447 2015 582 2079 Audisse
604 2016 689 2079 enim
711 2035 769 2079 ros
791 2014 934 2089 arbitror,
958 2014 1109 2090 Quirites,
1132 2015 1218 2100 quod
1240 2016 1335 2080 etiam
1350 2017 1458 2080 videre
1479 2017 1646 2100 potuistis,

309 2107 452 2190 quotidie
475 2129 645 2191 sponsores
667 2116 700 2173 et
720 2108 893 2172 creditores
915 2110 952 2171 L.
967 2108 1117 2173 Trebellii
1138 2110 1319 2175 convenire.
1353 2109 1380 2172 0
1402 2106 1567 2172 lidesl'-
1580 2106 1645 2172 boc

271 2200 394 2265 soenim
417 2202 531 2285 opinor
553 2202 745 2267 Trebellium
767 2203 942 2286 sumpsisse
964 2223 1138 2286 cognomen
1152 2226 1212 2266 -ι
1234 2223 1315 2287 qnae
1331 2210 1523 2289 potestesse
1538 2202 1646 2265 maior

307 2292 386 2359 fides
414 2316 509 2380 quam
530 2295 687 2361 fraudare
709 2295 905 2360 creditorest
932 2295 1029 2359 domo
1051 2296 1242 2380 profugeret
1271 2305 1402 2382 propter
1422 2316 1476 2361 aes
1498 2297 1646 2361 alienum

307 2390 354 2453 ire
376 2390 415 2454 ad
437 2393 546 2454 armat
575 2390 634 2453 Ubi
655 2390 785 2475 plausus
806 2389 861 2453 ille
883 2389 916 2452 in
938 2391 1100 2473 triumpbo
1123 2400 1186 2466 est,
1217 2411 1313 2475 saepe
1340 2391 1445 2455 ludist
1471 2391 1527 2455 ubi
1550 2390 1646 2454 aedi-

306 2484 379 2548 litas
401 2483 506 2548 delata
527 2504 650 2548 summo
673 2483 780 2547 studio
801 2483 978 2548 bonorum?
1005 2487 1077 2569 quis
1100 2493 1166 2559 est,
1193 2485 1250 2569 qui
1280 2485 1364 2549 hunc
1384 2505 1449 2548 non
1472 2503 1549 2548 casn
1571 2483 1646 2547 exi·

307 2579 415 2642 stimet
441 2585 526 2642 recte
554 2578 681 2653 iecisse,
712 2578 855 2662 nequitia
884 2579 1040 2643 scelestet
1068 2580 1130 2641 ‘V.
1153 2574 1203 2641 la.
1226 2577 1289 2642 Sed
1318 2578 1415 2643 redeo
1442 2577 1482 2642 ad
1513 2596 1644 2640 amores

270 2688 298 2734 m
308 2672 502 2756 deliciasque
523 2677 660 2747 vestras,
683 2673 718 2734 L.
733 2672 917 2746 Antonium,
940 2672 996 2755 qui
1017 2692 1074 2737 vos
1096 2692 1207 2735 omnes
1228 2673 1262 2735 in
1284 2668 1377 2736 fidem
1396 2691 1486 2735 suam
1505 2670 1644 2754 recepit.

306 2766 459 2849 Negatist
481 2785 556 2829 num
572 2766 719 2850 quisnam
734 2772 783 2828 est
796 2773 953 2840 vestrum,
976 2767 1031 2849 qui
1047 2767 1163 2829 tribum
1177 2785 1241 2830 non
1256 2765 1396 2829 babeat?
1419 2766 1509 2829 Certe
1524 2784 1645 2828 nemo:

307 2860 396 2945 atqui
418 2858 506 2923 illum
529 2862 673 2945 quinque
695 2866 727 2923 et
746 2859 875 2943 triginta
898 2859 998 2923 tribus
1019 2866 1188 2943 patronum
1209 2858 1409 2944 adoptarunt.
1445 2859 1568 2922 Rursus
1589 2879 1647 2922 re·

308 2952 472 3017 clamatis‘t
494 2953 658 3038 Adspicite
679 2952 767 3016 illam
789 2973 807 3016 a
828 2953 953 3016 sinistra
967 2961 1147 3037 equestrem
1162 2960 1295 3017 statuam
1310 2954 1501 3027 inauratam,
1522 2952 1558 3015 iu
1575 2970 1647 3036 qua

308 3046 386 3131 quid
408 3046 595 3130 inscriptum
617 3049 687 3110 esti
717 3047 907 3130 Quinque
935 3054 974 3110 et
1002 3047 1170 3129 triginta
1191 3046 1328 3110 tribus
1355 3053 1542 3130 patrono.
1579 3045 1647 3107 Po·

270 3139 376 3224 sopuli
399 3142 531 3204 Romani
552 3140 649 3224 igitur
671 3148 719 3203 est
740 3147 889 3223 patronus
904 3141 939 3203 L.
955 3142 1121 3204 Antonius.
1154 3142 1270 3205 Malam
1286 3140 1415 3225 quidem
1431 3139 1477 3204 illi
1496 3137 1644 3223 pesteml

308 3234 436 3297 clamori
466 3234 550 3297 enim
578 3240 682 3298 vestro
712 3234 878 3297 assentior.
923 3236 994 3297 Non
1026 3234 1119 3298 modo
1148 3234 1201 3298 bic
1231 3236 1329 3311 latro,
1363 3254 1457 3318 quem
1487 3234 1645 3297 clientem

306 3326 424 3391 babere
445 3348 540 3392 nemo
561 3328 654 3401 velit,
683 3327 738 3389 sed
762 3328 833 3411 quis
855 3348 1005 3411 umquam
1027 3328 1122 3392 tantis
1145 3331 1274 3411 opibus,
1302 3330 1400 3393 tantis
1421 3328 1517 3393 rebus
1539 3326 1645 3410 gestis

305 3419 383 3497 fuit,
406 3423 461 3505 qui
483 3442 518 3486 se
540 3422 650 3505 populi
671 3421 820 3494 Romani,
842 3421 970 3485 victoris
986 3421 1172 3508 dominique
1188 3425 1327 3488 omnium
1350 3423 1507 3505 gentium,
1528 3429 1644 3507 patro·

306 3533 384 3578 num
411 3517 520 3579 dicere
549 3515 705 3578 auderet?
749 3509 800 3576 43.
821 3514 857 3576 ln
884 3514 955 3578 loro
984 3517 1019 3577 L.
1041 3517 1170 3580 Antonii
1202 3525 1336 3581 statuam
1359 3514 1522 3591 videmus,
1554 3516 1644 3580 sicut

268 3607 392 3673 stillam
415 3608 454 3684 Q.
477 3609 631 3683 Tremuli,
663 3607 717 3693 qui
739 3608 895 3671 Ilernicos
917 3609 1051 3686 devicIt,
1073 3618 1145 3673 ante
1168 3610 1316 3675 Castoris.
1356 3609 1641 3696 0impudentiam

305 3703 540 3767 incredibiIeml
567 3708 732 3766 tantumne
759 3702 819 3766 sibi
849 3705 996 3787 sumpsit,
1026 3704 1105 3787 quia
1129 3704 1258 3789 Mylasis
1280 3705 1439 3789 myrmillo
1460 3704 1640 3768 Thraecem

304 3796 475 3880 iugulavit,
496 3796 682 3860 tamillarem
704 3798 823 3860 suum?
846 3795 993 3871 Quonam
1014 3797 1109 3860 modo
1131 3799 1226 3862 istum
1246 3797 1329 3862 terre
1351 3799 1538 3883 possemus,
1559 3798 1640 3861 siin

303 3889 365 3954 boc
388 3890 458 3955 loro
480 3889 693 3976 spectantibus
715 3888 806 3953 vobis
828 3890 1067 3973 depugnasset?
1102 3891 1165 3955 Sed
1186 3890 1264 3955 baec
1285 3910 1350 3954 una
1371 3899 1485 3955 statua.
1525 3890 1640 3954 Altera

303 3983 343 4047 ab
359 3984 519 4069 equitibus
533 3983 681 4048 Romanis
696 4002 779 4067 equo
794 3983 937 4066 publico,
961 3986 1016 4068 qui
1029 3985 1105 4048 item
1120 3985 1303 4050 adscribunt
1323 3992 1506 4071 patrono.
1528 3985 1638 4061 Quem

265 4093 455 4163 enumquam
477 4080 537 4143 iste
560 4077 638 4141 ordo
660 4085 829 4160 patronum
852 4077 1035 4163 adoptavit‘t
1058 4080 1092 4143 Si
1114 4099 1321 4163 quemquam,
1343 4081 1453 4144 debuit
1474 4099 1533 4142 me.
1567 4074 1636 4141 Sed

302 4192 353 4235 me
375 4173 497 4236 omitto.
532 4171 635 4248 Quem
657 4174 842 4234 censorem?
864 4192 960 4254 quem
983 4173 1226 4255 imperatorem?
1252 4175 1370 4255 Agrum
1392 4174 1431 4236 iis
1453 4172 1570 4237 divisit.
1606 4170 1634 4234 0

302 4266 462 4342 sordidos,
485 4266 541 4350 qui
562 4264 756 4349 acceperint,
778 4264 973 4348 improbum,
997 4267 1052 4350 qui
1075 4266 1218 4330 dederitl
1255 4262 1306 4329 tl.
1330 4268 1513 4331 Statuerunt
1535 4265 1634 4328 etiam

301 4359 420 4423 tribuni
453 4360 620 4434 militares,
654 4359 710 4442 qni
738 4359 773 4420 in
803 4359 945 4422 exercitu
975 4360 1115 4423 Caesaris
1143 4359 1193 4423 bis
1222 4360 1359 4424 fuerunt.
1398 4359 1477 4435 Quis
1499 4366 1549 4423 est
1570 4359 1633 4422 iste

301 4455 400 4518 ordol
422 4454 511 4519 multi
533 4452 662 4517 luerunt
682 4452 790 4516 multis
812 4452 845 4514 in
874 4453 1053 4536 legionibus
1076 4474 1133 4537 per
1154 4460 1200 4517 tot
1220 4474 1331 4518 annos.
1366 4454 1408 4517 lis
1430 4471 1559 4537 quoque
1583 4450 1633 4515 di·

365 4767 388 4815 4.
407 4765 525 4814 Plancum
542 4775 595 4813 om.
615 4762 623 4810 l
643 4788 668 4797 -
687 4761 881 4823 condempnatus
897 4761 920 4809 V
939 4788 966 4796 -
986 4763 1010 4813 i.
1029 4758 1066 4811 iti
1085 4766 1167 4812 aestas
1181 4763 1246 4812 redit
1261 4762 1285 4811 V
1301 4787 1329 4798 -
1349 4762 1373 4813 3.
1391 4763 1540 4826 cmtenspelt
1555 4763 1579 4813 V
1599 4786 1628 4800 -

298 4840 322 4890 6.
341 4841 376 4890 im
392 4840 469 4890 ccctis
484 4840 506 4889 V
523 4864 556 4876 -
579 4839 602 4887 7.
619 4841 705 4899 posteo
722 4849 798 4898 qoam
815 4836 851 4885 V:
871 4841 1005 4898 postquem
1022 4837 1059 4888 io
1079 4865 1106 4874 -
1129 4840 1211 4900 ipmm
1229 4836 1374 4886 Trebellium
1393 4836 1538 4888 delendum
1554 4836 1630 4888 vide·

297 4912 376 4964 batur
392 4914 530 4976 LambIno,
551 4912 693 4963 Trebellium
710 4909 814 4963 Orellio.
829 4937 857 4948 -
876 4912 901 4962 8.
913 4912 995 4962 uideri
1009 4911 1031 4961 V
1044 4938 1072 4947 -
1091 4912 1116 4961 9.
1129 4912 1228 4961 cottidie
1237 4911 1261 4959 V
1275 4939 1302 4948 -
1321 4911 1446 4962 trebeltiV
1459 4938 1487 4948 -
1505 4913 1552 4963 boe
1561 4914 1630 4963 esee

297 4989 387 5050 opinor
404 4990 438 5037 V:
463 4989 520 5038 binc
536 4989 600 5038 cuim
614 4991 676 5048 puto
694 4987 719 5045 i;
737 4986 783 5036 boc
799 4987 864 5036 cuim
878 4991 939 5048 poto
958 4985 1036 5036 codd.
1055 4987 1165 5036 Ferrarii
1183 4989 1210 5035 et
1227 4986 1246 5035 0
1265 5011 1292 5021 -
1313 4987 1353 5035 44).
1372 4999 1425 5047 quo
1441 4986 1465 5036 V
1484 5013 1511 5024 -
1531 4986 1571 5037 ti.
1591 4988 1630 5036 ire

296 5063 333 5113 V:
351 5065 435 5115 croire
452 5065 501 5114 i-
519 5062 576 5112 urbi
593 5062 615 5111 V
628 5088 654 5097 -
674 5061 726 5110 ludi
743 5061 751 5110 i
764 5087 791 5097 -
812 5060 852 5111 ll.
865 5061 978 5122 nequitia
994 5062 1089 5110 sceleste
1101 5060 1254 5125 Nipperdey
1265 5062 1298 5122 (in
1311 5060 1436 5125 PbiIologi
1447 5063 1494 5123 lll,
1512 5076 1539 5127 p.
1552 5061 1627 5125 llil:

295 5141 408 5202 nequitia
424 5145 459 5190 est
473 5140 563 5207 sceiere
579 5138 644 5198 V0;
667 5138 779 5200 aequitio
799 5136 927 5187 miscetur
949 5141 984 5184 est
1001 5137 1026 5195 i;
1048 5137 1160 5198 aequitio
1175 5136 1294 5186 emeriten
1310 5136 1440 5196 Faernus,
1463 5137 1507 5199 qui
1528 5148 1586 5197 neq
1605 5140 1630 5186 et

296 5215 386 5265 scelere
402 5215 439 5263 ita
455 5214 559 5265 exceliat
575 5211 683 5265 Lamb.:
701 5213 814 5274 aequitio
830 5212 948 5262 scelerate
964 5209 1046 5260 Klotz.
1067 5239 1094 5247 -
1115 5211 1154 5260 45.
1172 5215 1269 5261 umeros
1285 5210 1321 5259 V:
1344 5216 1444 5261 noeros
1460 5211 1468 5260 i
1486 5235 1515 5246 ·-
1532 5210 1629 5260 mse»

297 5288 360 5336 v-
379 5289 507 5339 munisVi
527 5316 554 5326 -
574 5289 614 5338 48.
630 5288 783 5352 aspicitevi
801 5314 828 5323 -
847 5287 918 5336 illum
934 5299 952 5335 o
968 5286 1121 5335 enetroV:
1139 5299 1157 5334 c
1172 5287 1220 5336 sia.
1237 5286 1309 5335 ittam
1325 5286 1397 5335 io-
1415 5285 1457 5336 20.
1474 5285 1628 5335 tuciusv-

295 5363 434 5413 Aotonius?
451 5364 471 5413 0
490 5389 517 5398 -
536 5364 577 5412 il.
596 5363 722 5413 odoratior
737 5363 760 5411 V
780 5390 805 5400 -
824 5361 865 5411 id.
883 5367 1020 5424 patronum
1037 5360 1071 5408 V:
1091 5365 1198 5410 tutorem
1214 5360 1222 5409 i
1241 5387 1268 5397 -
1287 5359 1330 5412 tl.
1348 5361 1435 5410 catoni
1450 5360 1474 5408 V
1491 5383 1519 5395 -
1537 5359 1580 5410 to.
1594 5360 1625 5422 Q.

287 5438 404 5493 ,Tremuit
427 5435 590 5487 Beroaldus:
616 5437 697 5498 quinti
716 5437 820 5487 tremeili
841 5436 878 5496 V3
904 5451 928 5498 q.
947 5435 1040 5486 trebatii
1058 5436 1065 5484 i
1093 5462 1120 5473 -
1147 5435 1243 5486 emicet
1258 5435 1281 5484 V
1308 5460 1335 5470 -
1361 5432 1534 5498 inpodmtIam
1555 5433 1577 5482 V
1594 5459 1624 5469 -—

295 5514 336 5564 26.
354 5513 469 5575 myteriis
484 5513 523 5562 Vi
542 5541 569 5553 -
587 5513 712 5574 omimilio
729 5511 773 5562 V¹:
791 5513 973 5574 momiiloncm
989 5512 1011 5561 V
1029 5524 1097 5563 corr.
1118 5524 1153 5561 m.
1172 5511 1206 5569 i;
1224 5511 1409 5560 mirudlioaern
1424 5510 1451 5569 i;
1467 5507 1588 5559 immite
1604 5509 1626 5558 0

296 5613 326 5626 -
344 5589 454 5638 tiroecm
470 5587 528 5653 (sic)
544 5588 579 5646 V;
598 5589 708 5638 thracam
724 5589 732 5637 i
752 5614 778 5623 —
797 5587 837 5636 27.
855 5584 929 5651 terrai
945 5588 978 5636 V¹
997 5614 1025 5623 -
1049 5586 1091 5636 so.
1109 5585 1142 5635 ab
1159 5585 1202 5635 ed.
1222 5586 1308 5635 Crat:
1327 5597 1381 5635 orn.
1399 5584 1439 5635 Vi
1457 5608 1486 5620 -
1502 5581 1627 5645 Μὴ*

295 5677 327 5713 s.
347 5663 397 5721 νίς
415 5676 470 5725 sqq.
490 5665 518 5713 R.
531 5661 609 5712 codd.
623 5660 723 5725 aliquot
739 5661 864 5721 Ferrarii,
882 5660 955 5711 unde
973 5662 1044 5726 ipse:
1063 5663 1172 5722 equitum
1183 5661 1240 5720 lio,
1258 5663 1289 5711 ut
1299 5662 1342 5710 est
1356 5661 1383 5710 in
1394 5659 1470 5709 Verr.
1482 5659 1517 5720 11,
1536 5656 1624 5720 §scm

293 5739 321 5787 at
337 5751 361 5787 u.
381 5751 406 5800 p.
426 5738 499 5799 4347,
517 5738 541 5788 8.
562 5762 590 5773 -
613 5737 653 5787 34.
672 5748 745 5796 quem
767 5736 826 5797 imp.
846 5736 912 5785 v-
941 5736 982 5786 32.
1001 5739 1141 5799 occeperint
1162 5736 1285 5787 Ernesti:
1308 5737 1457 5798 acceperam
1472 5731 1511 5783 Vi
1529 5755 1558 5767 -
1580 5729 1626 5792 qut

291 5813 370 5862 desiit
386 5812 408 5861 V
427 5839 454 5849 -
473 5812 513 5864 33.
533 5812 569 5862 bis
585 5812 724 5862 Garatoni:
748 5811 843 5861 duobus
858 5810 914 5871 νίς
935 5812 1009 5873 110,
1033 5811 1078 5875 qui
1099 5813 1190 5862 notam
1207 5811 1245 5863 elo
1263 5809 1355 5862 maiuli
1371 5809 1492 5861 solvere:
1514 5807 1620 5868 item

293 5886 327 5938 ct.
347 5889 436 5938 tamen
453 5887 619 5940 Mommsenii
635 5885 693 5939 lud.
711 5887 731 5938 l.
750 5887 779 5938 ll.
797 5887 828 5938 N.
846 5898 873 5950 p.
892 5884 940 5937 473
957 5898 980 5938 ε.
998 5899 1024 5938 v.
1040 5886 1181 5950 praefectur
1194 5885 1297 5950 {simu
1309 5912 1337 5924 -
1355 5884 1397 5938 34.
1412 5885 1444 5937 iis
1459 5885 1485 5934 i:
1501 5882 1541 5934 bis
1555 5880 1589 5934 V.
