3800 7350
685 1213 759 1279 cr».
780 1212 949 1277 vri-rs
975 1209 1022 1296 ss
1045 1207 1191 1277 rs-ss.
1519 1202 1603 1272 sset

281 1388 351 1452 sine
380 1394 577 1461 accusatore,
606 1386 676 1448 sine
704 1384 799 1447 etiem
828 1383 957 1447 scelere.
1001 1377 1052 1445 t8.
1073 1381 1225 1446 Hostibus
1246 1382 1280 1446 in
1302 1381 1402 1456 bello,
1432 1378 1488 1464 qui
1511 1377 1605 1443 dissi·

281 1481 358 1543 dent
378 1478 553 1553 voluntate,
576 1477 727 1542 dimicant
747 1476 860 1551 armis,
881 1477 978 1539 vitam
1001 1475 1144 1559 quotidie
1167 1483 1368 1558 oppugnant,
1389 1474 1424 1537 in
1446 1474 1515 1557 ipsa
1536 1472 1605 1535 acie

281 1593 351 1636 cum
372 1573 583 1655 proeliantur,
610 1572 685 1634 licet
711 1571 820 1653 loqui,
849 1570 924 1632 licet
945 1568 1124 1653 disputare:
1153 1570 1229 1632 mibi
1258 1571 1293 1633 in
1322 1589 1414 1652 pace,
1442 1568 1521 1642 civi,
1549 1565 1605 1651 qui

281 1664 474 1747 perditorum
501 1666 663 1728 hominum
692 1662 773 1746 fregi
801 1662 957 1736 furorem,
986 1683 1042 1746 pro
1069 1662 1206 1727 fortunis
1228 1663 1307 1726 meis
1328 1664 1414 1746 apud
1436 1682 1493 1726 vos
1514 1658 1605 1744 loqui

280 1778 345 1821 non
366 1759 499 1822 licebit?
526 1760 631 1833 Servi,
654 1760 709 1842 qui
730 1758 771 1821 ad
793 1756 986 1838 supplicium
1009 1757 1192 1820 verberibus
1214 1758 1298 1820 caesi
1321 1758 1501 1831 trabuntur,
1523 1753 1630 1837 apudt

281 1871 334 1914 eos
357 1871 451 1935 saepe
467 1853 641 1934 disputant,
664 1871 745 1935 quos
767 1870 880 1913 necare
894 1849 1079 1913 voluerunt:
1103 1870 1163 1932 ego
1178 1850 1353 1914 consularis
1368 1849 1452 1934 apud
1469 1869 1524 1913 cos
1543 1866 1606 1910 non

280 1946 406 2028 loquar,
428 1965 510 2028 quos
526 1946 732 2009 conservavi?
755 1944 891 2017 Tacebo,
913 1944 940 2007 si
964 1963 1093 2008 necesse
1108 1953 1173 2019 est;
1195 1945 1316 2019 tacebo,
1334 1945 1478 2028 inquam,
1499 1944 1606 2006 animo

280 2058 399 2121 aequo,
423 2040 571 2121 quoniam
594 2040 693 2102 virtus
715 2059 785 2103 mea
807 2059 856 2101 me
879 2045 1002 2101 tacente
1018 2038 1084 2121 agit
1098 2057 1199 2100 meam
1215 2058 1351 2102 causam.
1381 2039 1464 2102 Vlll.
1480 2033 1530 2100 lu.
1545 2038 1608 2099 Ita·

281 2152 344 2217 que
373 2140 408 2195 ut
436 2150 494 2214 ego
524 2133 557 2195 in
580 2134 728 2196 contione
751 2152 820 2195 mea
842 2132 921 2195 nihil
944 2151 1058 2214 ponam
1082 2131 1122 2194 de
1144 2134 1222 2195 meis
1244 2133 1340 2195 rebus
1361 2133 1475 2215 pestis,
1502 2141 1608 2194 tamen

281 2227 313 2290 in
341 2228 454 2290 animis
482 2229 633 2291 memoria
663 2235 767 2290 vestra
796 2226 923 2309 largiter
950 2226 1139 2309 relinquam.
1176 2228 1231 2289 Isti
1256 2224 1351 2290 modo
1371 2226 1514 2298 videant,
1544 2236 1645 2307 qualo

280 2322 402 2384 ratione
423 2320 505 2384 banc
527 2342 627 2384 meam
650 2328 767 2383 niumm
789 2320 894 2402 fugam
916 2319 999 2383 serre
1021 2321 1155 2403 possint.
1193 2321 1317 2384 Etenim
1339 2320 1367 2383 si
1381 2338 1400 2381 a
1414 2340 1478 2393 me,
1501 2327 1536 2380 ut
1554 2316 1609 2380 isti

282 2414 479 2488 existimant,
502 2415 627 2479 Lentuli
647 2416 762 2477 mortui
777 2413 901 2488 sordes,
923 2414 950 2476 si
968 2414 1121 2477 Catilinae
1135 2414 1317 2478 notissimus
1331 2414 1435 2487 furor,
1458 2414 1484 2475 si
1499 2431 1608 2475 amen·

281 2508 324 2572 tia
347 2507 491 2589 Cethegi,
522 2508 548 2570 si
572 2508 713 2570 luxuries
735 2527 773 2570 ao
794 2516 903 2589 stupra
926 2508 1026 2571 Cassii
1050 2526 1169 2588 poenas
1191 2514 1354 2590 repetunt,
1377 2506 1516 2591 proiecto
1537 2504 1607 2567 istis

280 2602 359 2664 hora
381 2600 468 2664 nulla
490 2601 590 2664 eiecto
612 2600 719 2664 Tullio
742 2619 838 2664 vacua
859 2620 878 2663 a
903 2600 1044 2685 periculo
1070 2608 1125 2663 aut
1146 2602 1382 2685 exspectatione
1404 2598 1534 2683 periculi
1557 2617 1608 2660 re·

280 2695 449 2777 linquetur.
486 2696 533 2757 lta
561 2694 594 2756 in
625 2695 693 2757 dies
721 2712 786 2757 non
814 2694 892 2758 meis
922 2694 1063 2769 insidiis,
1094 2714 1176 2777 quae
1205 2695 1309 2758 nullae
1331 2715 1349 2758 a
1371 2713 1421 2757 me
1443 2699 1645 2776 parantur,st

281 2789 337 2851 sed
357 2806 486 2851 suorum
508 2788 702 2851 conscientia
723 2788 879 2851 scelerum
902 2787 1032 2851 cruciati
1053 2787 1132 2851 mibi
1146 2788 1270 2878 absenti
1284 2796 1318 2851 et
1331 2788 1450 2871 populo
1466 2788 1608 2849 Romano

282 2881 401 2945 dabunt
421 2900 552 2963 poenas.
595 2878 646 2944 20.
670 2881 756 2956 Quas
779 2881 820 2943 ob
842 2901 893 2944 res
915 2900 975 2964 ego
994 2881 1190 2946 inimicorum
1206 2881 1363 2945 amentiae
1378 2881 1608 2964 cupiditatique

281 2994 453 3058 paucorum
469 2975 610 3038 omnium
632 2975 743 3038 salutis
758 2994 851 3038 causa
868 2974 1032 3049 decedam,
1058 2995 1162 3059 neque
1184 2976 1218 3038 in
1235 2996 1307 3038 eum
1321 2973 1361 3009 ³⁸*
1386 2974 1538 3039 deducam
1553 2982 1608 3037 aut

281 3068 428 3153 progredi
446 3068 556 3151 patiar,
572 3079 607 3132 ut
622 3088 719 3151 opera
734 3088 803 3132 mea
818 3088 930 3132 manus
944 3070 1029 3132 inter
1042 3089 1098 3133 vos
1110 3069 1284 3133 conseratis
1299 3070 1477 3155 caedesque
1493 3071 1608 3135 civium

281 3166 363 3228 inter
384 3182 419 3225 se
442 3162 511 3238 liat,
540 3164 703 3245 multoque
726 3163 832 3245 potius
853 3163 921 3246 ipse
943 3164 1043 3247 patria
1065 3163 1236 3247 liberisque
1258 3165 1338 3227 meis
1359 3164 1491 3238 carebo,
1513 3176 1644 3248 quamso

282 3264 410 3341 propter
432 3278 528 3320 unum
552 3277 601 3320 me
625 3276 680 3319 vos
704 3255 743 3319 de
765 3254 898 3319 fortunis
922 3258 1033 3320 vestris
1055 3258 1165 3340 reique
1188 3258 1333 3340 publicae
1355 3258 1520 3322 dimicetis.
1557 3258 1609 3320 sic

282 3353 366 3416 enim
387 3352 427 3414 ab
448 3352 540 3414 initio
563 3350 609 3414 fui
630 3352 802 3423 animatus,
825 3358 945 3413 utnon
967 3350 1067 3431 magis
1089 3372 1158 3415 mea
1180 3371 1276 3415 causa
1301 3361 1443 3436 putarem
1465 3371 1515 3414 me
1537 3371 1614 3423 esse

282 3452 390 3508 natum
413 3464 508 3528 quam
530 3446 575 3507 rei
597 3444 741 3529 publicae
763 3452 974 3527 procreatum.
1018 3440 1069 3506 il.
1093 3445 1154 3507 Sed
1177 3445 1256 3507 illud
1279 3465 1413 3529 queror,
1435 3444 1522 3529 quod
1545 3464 1610 3508 uon

283 3540 345 3602 iam
367 3536 407 3602 ad
430 3539 523 3602 unius
545 3539 735 3621 perniciem,
759 3537 814 3600 sed
837 3535 877 3599 ad
900 3538 1119 3601 universorum
1142 3539 1274 3601 struitur
1288 3538 1512 3613 calamitatem,
1535 3557 1610 3601 con·

282 3634 387 3718 queri,
417 3632 648 3706 commiserati,
678 3631 798 3707 dicere,
828 3649 1023 3714 expurgare,
1051 3632 1262 3714 suspicionem
1284 3631 1467 3706 demovere,
1489 3632 1647 3696 crimenet

283 3728 404 3790 diluere
425 3747 491 3789 non
513 3727 623 3799 licere,
653 3745 708 3789 ore
731 3745 882 3808 oppresso
905 3725 1042 3788 cervices
1064 3744 1134 3788 esse
1156 3727 1370 3808 praebendas:
1399 3747 1483 3812 quae
1505 3736 1610 3791 umen

283 3822 388 3885 omnia
413 3841 477 3884 non
499 3831 562 3883 tam
585 3826 660 3883 sunt
680 3820 879 3892 calamitosa,
908 3821 995 3903 quod
1019 3820 1095 3882 mibi
1118 3827 1192 3883 sunt
1214 3820 1394 3894 subeunda,
1422 3841 1516 3904 quam
1539 3841 1611 3904 per·

282 3916 416 3988 niciosa,
441 3915 526 3997 quod
549 3915 582 3977 in
605 3933 670 3976 rem
693 3912 851 3995 publicam
873 3920 948 3975 sunt
968 3913 1159 3976 introducta.
1203 3914 1258 3975 lx.
1282 3914 1525 3988 Quamobrem
1547 3923 1610 3978 sta·

283 4018 384 4072 tutum
408 4017 456 4070 est
476 4014 572 4090 atque
588 4006 748 4070 decretum
771 4006 804 4069 in
824 4007 875 4069 bis
891 4007 1086 4088 temporibus
1101 4007 1236 4071 civitatis
1250 4006 1355 4069 omnia
1369 4009 1505 4091 perpeti,
1528 4026 1610 4090 quae

283 4102 366 4166 volet
386 4100 475 4164 furor
496 4100 695 4163 libidinosus.
729 4100 799 4162 Vim
817 4102 929 4163 volunt
942 4101 1077 4164 aderrat
1100 4109 1225 4183 praesto
1241 4121 1327 4176 sum;
1349 4102 1464 4165 eiicere
1478 4102 1648 4169 voluntiao

283 4216 380 4271 exeo;
409 4195 528 4258 indicta
555 4213 650 4257 causa
679 4194 792 4257 volunt
820 4195 929 4259 abiret
960 4214 1088 4258 causam
1118 4214 1183 4257 non
1211 4195 1299 4269 dico;
1329 4194 1415 4259 aliud
1446 4195 1611 4279 quippiam

283 4291 458 4352 conantur‘t
480 4295 591 4370 agant:
613 4288 692 4351 nihil
715 4289 802 4363 duri,
824 4288 904 4351 nibil
927 4289 1031 4352 acerbi
1055 4288 1132 4351 mibi
1154 4289 1232 4363 erit,
1255 4290 1341 4374 quod
1363 4309 1428 4352 rem
1451 4288 1611 4372 publicam

282 4382 449 4456 tutabitur;
471 4399 537 4444 nou
560 4382 644 4444 enim
666 4381 768 4446 victus
790 4382 854 4446 illis
870 4382 968 4458 cedo,
991 4383 1046 4446 sed
1061 4383 1273 4447 incolumibus
1287 4383 1377 4448 vobis
1391 4402 1440 4446 me
1454 4382 1610 4447 condono.

282 4472 334 4538 22.
355 4478 466 4560 Neque
495 4476 580 4539 enim
605 4496 691 4539 mors
717 4476 894 4541 miseranda
922 4485 986 4551 est,
1020 4496 1101 4562 quae
1128 4477 1169 4541 ob
1196 4497 1262 4541 rem
1290 4476 1448 4562 publicam
1475 4476 1610 4560 capitur,

348 4712 373 4761 ἱ.
391 4710 479 4760 cotidie
495 4711 557 4768 Pu:
579 4709 678 4759 cottidie
694 4709 740 4760 ES
759 4737 785 4747 -
809 4711 835 4760 b.
853 4709 995 4759 aerbmbsu
1016 4710 1082 4760 caesi
1099 4710 1134 4761 C:
1158 4708 1416 4760 mowbeibaeo
1435 4736 1462 4747 -
1486 4709 1612 4771 eoeapad

282 4789 366 4839 ES-
386 4786 587 4848 oapadeosc:
605 4786 801 4848 apaduoeo-
820 4785 942 4835 deamo
959 4786 1084 4847 aeqaoC:
1104 4786 1355 4848 aequoaninsoo-
1373 4784 1612 4834 &meanscautass

283 4863 372 4914 Pus:
391 4874 495 4911 caueam
510 4874 594 4911 meam
610 4861 659 4910 EO
679 4888 707 4899 -
728 4861 753 4910 9.
772 4863 885 4910 contione
901 4863 965 4912 PG:
983 4863 1100 4911 cosmam
1116 4862 1136 4910 0
1155 4886 1182 4897 -
1208 4862 1269 4910 meu
1286 4859 1358 4909 rebus
1375 4859 1410 4908 C:
1427 4857 1612 4908 masmeito

284 4964 311 4974 -
333 4938 372 4987 ⁴0.
390 4937 512 4986 menoria
531 4941 618 4986 uestra
639 4936 670 4986 P:
696 4937 844 4985 messoriam
865 4937 953 4986 vestra
974 4937 1063 4993 GEs:
1089 4941 1112 4986 et
1130 4938 1253 4986 memoria
1273 4939 1358 4985 uestra
1379 4933 1399 4983 0
1417 4958 1445 4968 -
1472 4934 1513 4983 lt.
1530 4945 1614 4982 scm

282 5018 379 5063 matam
396 5013 432 5062 C:
449 5011 556 5061 inulam
572 5023 654 5060 meam
670 5010 690 5060 0
708 5035 735 5046 -
756 5012 796 5060 li.
814 5012 941 5061 castillione
958 5014 977 5062 P
991 5037 1018 5048 -
1037 5011 1077 5061 t3.
1096 5010 1200 5074 Maeci]
1217 5010 1279 5074 clept
1296 5012 1315 5060 P
1330 5035 1355 5045 -
1374 5006 1439 5057 cassi
1450 5009 1475 5057 ·P
1493 5032 1521 5043 -
1539 5020 1613 5069 repe-

283 5094 333 5139 tent
350 5089 367 5137 S
385 5113 412 5123 -
436 5086 476 5137 ll.
497 5087 575 5136 Tullio
591 5087 625 5136 C:
644 5087 679 5136 bl.
702 5086 779 5135 Tullio
795 5087 815 5136 0
834 5112 861 5122 -
883 5100 901 5136 a
919 5088 954 5136 C:
978 5100 1032 5136 om.
1051 5087 1071 5136 0
1091 5114 1118 5123 -
1142 5086 1313 5147 expectatione
1330 5083 1435 5146 psiiouli
1452 5082 1487 5131 C:
1507 5081 1614 5144 periculi

283 5163 464 5225 exspectatione
480 5163 500 5211 0
519 5187 546 5197 -
571 5162 611 5211 lb.
628 5162 666 5210 ita
687 5161 747 5210 Ps:
768 5161 852 5223 itaque
875 5161 939 5218 GE3
962 5162 1046 5222 itaque
1068 5160 1141 5209 illio
1166 5187 1193 5197 -
1217 5157 1424 5209 decoramentis
1439 5157 1558 5207 scetem
1574 5158 1610 5207 C:

283 5239 402 5288 scelerum
418 5237 610 5292 esculentiam
629 5234 662 5286 cl.
676 5236 802 5286 etiamad
818 5249 843 5300 p.
855 5236 963 5295 stlta.
976 5262 1003 5272 -
1023 5237 1062 5286 ⁴7.
1076 5235 1169 5285 dabant
1184 5249 1278 5298 poenas
1289 5236 1322 5285 C:
1339 5245 1433 5296 poenas
1447 5230 1610 5281 dobanto-

284 5315 325 5364 ⁴8.
344 5315 370 5363 ia
386 5308 417 5362 evi
433 5313 553 5362 deducam
569 5317 614 5361 aut
631 5313 662 5362 P:
682 5324 710 5360 eo
727 5312 837 5361 mdocar
851 5313 974 5370 atGES;
993 5325 1021 5362 eo
1038 5313 1158 5362 deducam
1174 5312 1265 5370 auto,
1283 5313 1310 5359 ia
1326 5306 1613 5371 euvaltoctenrcenjde-

284 5394 375 5442 ducam
391 5396 435 5440 aat
447 5390 602 5441 Halmius-
620 5391 659 5439 ⁴9.
671 5390 805 5450 conseatis
816 5393 835 5439 P
846 5417 872 5425 —
891 5389 932 5438 tt.
945 5389 1065 5438 nostriss
1079 5415 1104 5424 ·
1118 5389 1154 5437 sic
1164 5389 1230 5437 enin
1241 5387 1267 5436 in
1278 5384 1373 5436 lacuna
1384 5397 1399 5433 e
1411 5395 1468 5433 ecc.
1481 5395 1518 5432 m.
1532 5382 1614 5433 babet

285 5469 305 5518 P
320 5494 345 5504 -
364 5468 405 5518 ti.
418 5481 475 5516 mea
486 5471 688 5528 coasaputarem
699 5479 738 5514 me
750 5466 781 5515 P:
801 5477 907 5514 memea
917 5476 995 5512 caasa
1003 5469 1120 5525 putarem
1131 5463 1226 5513 GESO
1240 5487 1267 5498 -
1285 5460 1326 5512 tl.
1338 5461 1446 5510 etradar
1457 5459 1489 5508 C:
1508 5459 1614 5509 instravi-

284 5544 357 5592 tarO
372 5569 397 5578 -
416 5542 593 5605 calamitates]
606 5542 756 5591 bonestotem
768 5541 801 5597 C;
821 5539 880 5590 tort.
893 5539 1012 5598 struitur,
1029 5539 1125 5588 bunede
1136 5538 1253 5599 conqueri
1265 5539 1316 5587 cet.
1329 5562 1356 5571 -
1369 5537 1410 5586 id.
1423 5536 1583 5598 capitionem
1594 5538 1613 5586 P

283 5645 316 5654 —
341 5619 470 5667 demoaere
486 5619 517 5667 P:
538 5618 661 5666 dimovere
673 5616 771 5666 GESO
786 5639 812 5651 -
832 5614 873 5663 26.
892 5614 989 5663 &luere
1002 5612 1054 5663 G'E
1069 5640 1095 5649 ·-
1113 5613 1155 5662 27.
1169 5613 1297 5663 amice:
1316 5612 1401 5661 omnia
1416 5611 1500 5661 iamO
1514 5637 1541 5648 —
1560 5616 1614 5660 tam

283 5698 340 5742 sant
356 5693 450 5743 PGE:
468 5697 525 5741 sant
541 5698 594 5742 tam
611 5693 696 5742 SO—
714 5692 755 5742 28.
774 5694 801 5740 tn
817 5704 846 5739 re
864 5703 897 5751 .p.
913 5691 931 5739 P
946 5716 972 5727 -
993 5690 1033 5739 29.
1046 5689 1129 5749 adque
1145 5690 1164 5740 P
1183 5715 1211 5725 -
1229 5689 1309 5751 biles
1328 5712 1354 5724 -
1373 5686 1414 5736 30.
1433 5686 1533 5748 adferre
1549 5688 1569 5737 P
1583 5712 1611 5723 -

283 5769 361 5818 eicere
378 5768 397 5817 C
419 5794 444 5804 ..
466 5767 507 5819 tt.
526 5781 587 5818 eaeo
606 5768 701 5817 indicta
717 5775 804 5816 causa.
822 5766 909 5815 colant
925 5764 1003 5814 abire.
1021 5776 1125 5813 causam
1140 5777 1191 5813 nos
1207 5764 1262 5813 dico
1278 5766 1311 5814 P:
1335 5774 1398 5812 aceo
1413 5762 1508 5812 ledeia
1523 5774 1611 5813 cama.

283 5843 370 5892 uetant
386 5835 476 5892 audire
491 5856 602 5893 caueam.
620 5855 670 5890 noo
686 5842 742 5891 dico
758 5841 842 5895 GEs:
860 5852 921 5889 eaeo
938 5838 1032 5888 indicta
1047 5851 1134 5889 caasa.
1153 5839 1246 5888 Nolunt
1260 5836 1368 5888 audie?
1382 5848 1546 5887 massanos
1557 5837 1613 5887 dieo

283 5916 350 5966 0-
375 5910 1528 5979 quippiamc:quidpiam0-33.cosdcsoP:eoaeedoGES-3l.eeptotsrs.
