3800 7350
423 1173 505 1240 tiso
730 1178 881 1242 ORATIO
903 1178 982 1243 PRO
1005 1181 1039 1244 C.
1061 1179 1224 1244 RABIRIO
1247 1180 1436 1245 POSTUMO

505 1349 530 1410 Ι.
553 1343 582 1410 l.
612 1349 644 1411 Si
673 1349 744 1431 quis
773 1357 837 1424 est,
870 1349 1009 1423 iudices,
1041 1352 1095 1432 qui
1124 1352 1157 1413 C.
1180 1351 1358 1425 Rabirium,
1389 1350 1474 1434 quod
1496 1348 1638 1412 fortunas
1660 1368 1750 1424 suas,

421 1440 568 1503 fundatas
590 1441 776 1524 praesertim
797 1449 892 1525 atque
916 1444 1034 1526 optime
1048 1445 1249 1517 constitutas,
1272 1445 1419 1527 potestati
1435 1444 1538 1525 regiae
1553 1442 1749 1528 libidinique

422 1535 628 1609 commiserit,
664 1535 959 1617 reprehendendum
989 1546 1095 1620 putet,
1125 1538 1280 1601 adscribat
1309 1539 1347 1601 ad
1377 1538 1527 1600 iudicium
1558 1558 1650 1601 suum
1680 1558 1748 1600 non

422 1627 516 1690 modo
545 1648 663 1702 meam,
696 1628 752 1690 sed
781 1628 876 1692 buius
908 1631 1000 1693 etiam
1023 1632 1139 1713 ipsius,
1170 1633 1224 1715 qui
1253 1631 1423 1705 commisit,
1451 1633 1656 1694 sententiam:
1687 1651 1748 1694 nec

398 1723 506 1785 renim
529 1722 677 1804 cuiquam
700 1722 769 1785 eius
793 1723 957 1786 consilium
981 1725 1197 1787 vehementius
1220 1745 1313 1807 quarn
1343 1725 1403 1805 ipsi
1426 1723 1582 1807 displicet.
1629 1724 1748 1800 Quam·

422 1835 516 1898 quam
545 1814 606 1877 boc
638 1815 824 1898 plerumque
853 1815 1002 1892 facimus,
1035 1826 1070 1880 ut
1091 1819 1224 1881 consilia
1246 1819 1366 1881 eventis
1388 1819 1598 1899 ponderemus
1620 1826 1665 1891 et,
1695 1817 1747 1880 eui

421 1908 501 1971 bene
524 1909 602 1991 quid
622 1910 829 1992 processerit,
859 1910 991 1973 multum
1023 1912 1112 1974 illum
1139 1911 1329 1993 providisse,
1361 1913 1411 1974 cui
1433 1932 1541 1984 secus,
1573 1913 1652 1975 nihil
1675 1931 1748 1974 sen-

421 2002 500 2064 sisse
528 2002 680 2065 dicamus.
725 2002 758 2064 Si
787 2004 959 2066 exstitisset
987 2006 1020 2067 in
1049 2025 1123 2087 rege
1153 2003 1247 2079 tides,
1283 2005 1362 2067 nihil
1384 2005 1558 2086 sapientius
1579 2006 1748 2068 Postumo:

422 2097 497 2178 quia
518 2096 630 2159 fefellit
651 2116 724 2171 rex,
747 2097 827 2159 nibil
848 2096 910 2159 boc
933 2100 1089 2161 amentius
1112 2099 1240 2173 dicitur,
1270 2099 1389 2161 utiam
1412 2098 1489 2160 nibil
1512 2118 1581 2162 esse
1602 2099 1749 2161 videatur

384 2192 481 2256 ronisi
516 2190 657 2253 divinare
687 2190 850 2272 sapientis.
894 2187 924 2252 2.
947 2192 1010 2253 Sed
1032 2201 1155 2265 tamen,
1186 2194 1213 2255 si
1237 2194 1306 2274 quis
1329 2200 1390 2265 est,
1419 2191 1554 2265 iudices,
1582 2191 1638 2276 qni
1660 2190 1748 2252 illam

420 2283 560 2347 Postumi
583 2284 649 2346 sive
671 2283 797 2345 inanem
820 2304 908 2365 spem
924 2284 991 2348 sive
1010 2286 1220 2348 inconsultam
1234 2287 1388 2348 rationem
1405 2286 1488 2359 sive,
1510 2293 1547 2347 ut
1560 2282 1748 2367 gravissimo

421 2376 517 2440 verbo
541 2384 627 2451 utar,
650 2376 857 2440 temeritatem
880 2377 1118 2461 vituperandam
1140 2385 1247 2462 putet,
1273 2398 1331 2461 ego
1354 2378 1421 2441 eius
1443 2378 1587 2460 opinioni
1611 2397 1676 2439 non
1698 2396 1749 2437 re·

421 2490 543 2553 pugno:
576 2469 656 2534 illud
685 2481 789 2534 tamen
821 2469 987 2554 deprecor,
1020 2480 1072 2546 ut,
1107 2493 1177 2534 cum
1206 2472 1246 2535 ab
1274 2473 1342 2553 ipsa
1371 2473 1509 2535 Fortuna
1530 2470 1747 2535 cmdelissime

421 2566 526 2628 videat
546 2565 642 2628 buius
664 2565 798 2628 consilia
821 2585 890 2627 esse
914 2564 1060 2639 multata,
1090 2565 1229 2647 nequid
1262 2565 1300 2627 ad
1324 2585 1377 2628 eas
1399 2568 1523 2639 ruinas,
1554 2564 1668 2646 quibus
1695 2562 1748 2625 bic

384 2679 412 2725 rs
422 2681 590 2743 oppressus
607 2667 670 2733 est,
693 2657 873 2721 addendum
889 2659 1067 2722 acerbitatis
1082 2666 1181 2740 putet.
1215 2659 1297 2720 Satis
1313 2666 1361 2721 est
1375 2658 1519 2721 homines
1534 2656 1748 2740 imprudentia

420 2755 526 2837 lapsos
556 2773 620 2816 non
650 2754 787 2834 erigere,
820 2773 933 2835 urgere
961 2773 1036 2815 vero
1064 2754 1202 2815 iacentes
1229 2758 1282 2813 aut
1309 2751 1551 2834 praecipitantes
1582 2749 1746 2830 impellere

421 2855 505 2911 certe
529 2855 577 2911 est
599 2846 823 2920 inhumanum,
846 2847 1050 2929 praesertim,
1072 2845 1211 2919 iudices,
1235 2865 1306 2908 cnm
1329 2844 1444 2908 sithoc
1458 2844 1565 2927 generi
1579 2841 1745 2905 hominnm

420 2962 519 3025 prope
541 2948 655 3004 natura
676 2939 799 3014 datum,
821 2940 884 3015 uti,
907 2958 971 3022 qua
993 2940 1027 3001 in
1050 2939 1169 3003 familia
1183 2940 1252 3001 laus
1267 2939 1375 3021 aliqua
1389 2938 1469 3001 sorte
1484 2935 1641 3010 floruerit,
1663 2937 1747 2999 hanc

420 3034 487 3098 tere
519 3035 574 3118 qui
606 3041 681 3098 sunt
709 3034 778 3096 eius
806 3034 912 3116 stirpis
940 3052 1034 3116 quam
1066 3052 1168 3095 sermo
1198 3032 1362 3094 bominum
1392 3051 1428 3095 ac
1450 3032 1600 3094 memoria
1619 3039 1747 3113 patrum

382 3130 567 3198 sovirtutem
590 3127 726 3190 celebret
747 3126 951 3207 cupidissime
973 3132 1221 3210 persequantur:
1244 3126 1271 3188 si
1294 3125 1423 3209 quidem
1441 3145 1505 3187 non
1519 3125 1614 3188 modo
1629 3124 1663 3186 in
1678 3124 1747 3207 glo-

420 3224 468 3286 ria
487 3222 535 3285 rei
557 3221 700 3284 militaris
721 3220 853 3282 Paulum
876 3219 982 3302 Scipio
1004 3227 1059 3283 aut
1079 3220 1249 3282 Maximum
1270 3220 1371 3294 filius,
1399 3221 1455 3281 sed
1477 3218 1571 3282 etiam
1592 3218 1627 3280 in
1649 3216 1748 3282 dero·

423 3318 508 3380 tione
529 3316 612 3378 vitae
635 3322 667 3377 et
687 3316 720 3377 in
741 3314 811 3394 ipso
832 3333 947 3395 genere
971 3314 1077 3376 mortis
1103 3313 1241 3375 imitatus
1263 3321 1310 3375 est
1331 3316 1363 3376 P.
1386 3314 1515 3376 Decium
1537 3309 1632 3375 filius.
1675 3313 1747 3376 Sint

421 3411 517 3491 igitur
539 3407 664 3482 similia,
687 3407 819 3480 iudices,
841 3426 937 3489 parva
952 3406 1084 3487 magnis.
1118 3407 1156 3467 ll.
1171 3403 1201 3468 3.
1215 3407 1287 3470 Fuit
1307 3408 1391 3470 enim
1414 3408 1521 3490 pueris
1539 3406 1631 3468 nobis
1650 3405 1745 3469 buius

420 3511 510 3587 pater
540 3502 574 3566 C.
597 3501 721 3564 Curtius
749 3500 897 3584 princeps
927 3500 1046 3562 ordinis
1069 3501 1224 3582 equestris
1246 3498 1513 3563 fortunatissimus
1535 3506 1567 3562 et
1587 3500 1745 3563 maximus

384 3596 622 3682 sspublicanus:
645 3596 733 3658 cuius
754 3596 787 3657 in
809 3593 945 3678 negotiis
968 3592 1114 3677 gerendis
1136 3593 1383 3675 magnitudinem
1405 3594 1502 3658 animi
1524 3612 1588 3656 non
1610 3600 1673 3657 tam
1687 3592 1745 3656 bo-

423 3693 523 3754 mines
551 3689 756 3773 probassent,
786 3690 847 3752 nisi
876 3688 908 3750 in
939 3687 1053 3752 eodem
1081 3687 1259 3770 benignitas
1280 3688 1475 3753 incredibilis
1496 3690 1623 3755 fuisset:
1653 3694 1744 3756 utin

486 3993 622 4042 Irscsrrrro
640 4000 776 4038 osismus.
803 3990 838 4039 Μ.
859 3987 884 4038 Τ.
898 3988 1032 4039 Crcsrorus
1048 4000 1095 4038 aro
1112 3987 1138 4038 0.
1152 3989 1256 4038 lirsraro
1272 3989 1386 4039 Posrouo
1397 3989 1538 4052 (Posrumro
1554 3993 1634 4055 corr.)
1652 3993 1746 4045 Omrro

422 4079 454 4118 ro
470 4077 572 4118 sources
588 4075 683 4114 racrrrr
699 4065 730 4122 S;
752 4065 786 4113 lt.
807 4064 833 4113 T.
851 4064 878 4113 C.
898 4063 989 4112 Oarrro
1006 4076 1052 4114 rao
1069 4064 1128 4114 Caro
1145 4065 1248 4114 tiammo
1264 4075 1377 4114 rosrmro
1393 4077 1488 4115 rscrrrr
1504 4066 1539 4126 E;
1555 4067 1591 4116 il.
1612 4062 1641 4116 r:
1653 4068 1680 4118 C.
1698 4082 1746 4120 rao

422 4145 513 4195 Crsrro
530 4144 632 4191 tissime
647 4141 771 4189 Posrorro.
791 4139 883 4188 Omrro
899 4153 924 4188 v.

487 4220 510 4268 t.
529 4217 644 4279 [ortuum
659 4228 718 4264 suos
736 4215 768 4263 V:
786 4227 845 4263 snos
860 4214 976 4277 fortunas
992 4213 1057 4264 Ciot.
1078 4215 1180 4276 (hocine
1197 4213 1343 4264 verborum
1360 4213 1491 4278 ordinei);
1515 4217 1632 4279 [ortanae
1647 4233 1709 4271 soce
1725 4222 1746 4271 E

422 4294 481 4354 SU3
500 4306 561 4343 sane
576 4293 694 4356 sortasse
710 4291 756 4340 v0
775 4317 802 4326 -
821 4292 846 4339 ἱ.
864 4289 1048 4340 constitutori(
1065 4291 1092 4338 et
1109 4288 1191 4338 Clotz
1210 4289 1354 4339 constitutos
1371 4303 1427 4352 opes
1443 4291 1546 4342 ESUO
1566 4319 1593 4328 -
1611 4294 1708 4346 libidini
1725 4297 1746 4346 E

422 4394 450 4403 -
469 4368 493 4418 l.
511 4381 555 4418 nec
572 4367 609 4416 C:
627 4379 707 4429 oeque
722 4364 783 4425 b0;
802 4378 846 4415 nec
862 4367 928 4416 enim
944 4363 1026 4415 habet
1043 4364 1122 4413 etiam
1140 4362 1200 4413 cod.
1213 4363 1270 4411 Vat.
1289 4363 1314 4412 in
1332 4375 1369 4412 or.
1384 4361 1448 4413 Phil.
1461 4366 1480 4427 1,
1499 4364 1566 4427 §⁴⁰-
1586 4369 1616 4429 ll,
1636 4368 1745 4433 sicet.

424 4470 451 4479 -
471 4444 495 4493 6.
513 4444 592 4493 euntis
608 4443 628 4492 E
647 4469 674 4478 -
694 4441 718 4490 7.
737 4441 796 4502 qaid
813 4453 866 4490 om.
885 4454 902 4488 v
920 4466 946 4475 -
962 4439 1115 4502 praevidisse
1131 4440 1177 4489 Ox.
1191 4438 1226 4496 113
1245 4438 1335 4488 vidisse
1351 4439 1418 4488 coni.
1432 4439 1583 4492 Lambinus.
1599 4469 1626 4481 -
1644 4446 1747 4497 smisso

422 4533 475 4569 onr.
494 4520 541 4568 Ox.
559 4518 594 4575 T;
612 4517 701 4566 vidisse
717 4516 760 4565 hic
777 4528 884 4578 quoque
900 4514 993 4565 Lamb.
1008 4513 1112 4567 maluit;
1131 4515 1157 4571 at
1174 4513 1276 4563 conseri
1293 4515 1414 4564 Garatoni
1432 4515 1485 4564 Cic.
1501 4514 1534 4565 de
1552 4517 1610 4567 Nat.
1623 4518 1699 4571 deor.
1713 4523 1744 4583 ΙΙ,

422 4595 437 4658 s
455 4596 487 4645 ss
505 4596 532 4644 et
548 4594 625 4642 Caes.
643 4591 670 4641 b.
690 4589 753 4641 Gall.
771 4592 829 4649 vu,
847 4591 894 4650 ὀὶ,
914 4590 937 4640 3.
959 4617 986 4625 -
1012 4589 1051 4638 tt).
1069 4587 1194 4652 sapientis]
1217 4588 1243 4636 in
1260 4585 1319 4637 loco
1336 4586 1433 4650 aliquid
1450 4587 1572 4641 vitiosum
1590 4604 1649 4642 esse
1666 4592 1747 4645 lucu-

422 4667 507 4717 lenter
530 4665 720 4716 demonstravit
741 4666 871 4716 Ferratius
893 4666 918 4715 in
940 4665 1019 4726 Epist.
1038 4664 1083 4723 VI,
1102 4665 1132 4723 5,
1151 4663 1180 4719 6:
1208 4662 1267 4713 tort.
1289 4664 1411 4725 sapientia
1427 4663 1469 4714 vel
1493 4667 1602 4728 sopiens,
1629 4672 1659 4720 nt
1674 4670 1746 4723 haec

423 4744 457 4793 sit
478 4741 620 4792 sententia:
649 4742 698 4789 rui
719 4741 771 4790 iam
793 4738 847 4790 sola
865 4739 988 4789 divinatio
1008 4737 1136 4800 sapientia
1153 4750 1213 4787 esse
1231 4737 1376 4787 videatur.»
1395 4763 1422 4773 -
1450 4739 1489 4789 ti.
1506 4742 1652 4805 repugnabo
1666 4755 1696 4809 ψ
1715 4773 1745 4783 ..

424 4816 464 4867 tl.
481 4817 553 4866 baias
570 4816 600 4865 S:
624 4815 676 4865 eius
692 4815 772 4865 EUV
789 4841 817 4850 -
841 4815 881 4864 i6.
900 4815 1003 4864 iaceatis
1019 4819 1063 4863 orit
1077 4814 1266 4876 praecipitantis
1282 4815 1332 4864 CG
1352 4840 1379 4849 -
1407 4815 1448 4865 ts.
1465 4820 1493 4865 ut
1508 4816 1530 4865 si
1545 4828 1596 4877 quo
1612 4817 1747 4883 bipontini

343 4938 346 4943 .
424 4894 451 4941 et
470 4891 586 4941 Weiske.
611 4915 638 4925 -
665 4890 705 4941 re.
729 4895 785 4939 sont
810 4890 847 4939 C:
874 4888 922 4938 sict
945 4891 965 4939 G
983 4891 1010 4939 et
1026 4887 1041 4939 i
1058 4889 1121 4938 Oxx.
1145 4915 1172 4924 -
1200 4889 1307 4939 eisdem
1322 4889 1434 4939 Ernesti.
1455 4916 1482 4925 -
1509 4905 1584 4953 quom
1595 4895 1748 4947 --esiebrsr

423 4966 628 5017 Mommsenius:
656 4965 722 5025 quod
741 4977 821 5015 sermo
841 4965 969 5014 bornioom
989 4964 1024 5013 od
1044 4965 1191 5013 meomriom
1207 4969 1313 5027 potrum
1331 4965 1423 5015 virtute
1438 4964 1572 5017 edebatur
1589 4970 1652 5029 CG;
1679 4973 1749 5034 quod

422 5053 533 5091 monens
552 5040 577 5088 i.
596 5053 628 5089 or
643 5040 765 5090 messeio
785 5054 812 5102 p.
829 5041 933 5090 virtutes
948 5038 1100 5089 cceormrur
1116 5036 1188 5088 Klotz
1205 5042 1350 5104 praeeunte
1367 5020 1517 5104 ichnetzio,
1540 5045 1567 5092 et
1583 5044 1621 5094 sic
1638 5046 1671 5105 0,
1696 5046 1749 5097 sed

421 5116 502 5166 virias
525 5113 666 5164 crebrior.
699 5114 824 5165 «Videtur
846 5115 930 5164 totum
955 5125 1014 5163 esse
1038 5113 1171 5177 spurium;
1199 5127 1260 5165 nam
1283 5117 1425 5176 sententia,
1444 5129 1511 5179 qnae
1529 5119 1661 5170 rationem
1677 5119 1748 5173 illius

423 5188 573 5256 cupiditatis
591 5188 715 5252 explicat,
734 5193 774 5241 est
790 5189 849 5240 loco
866 5191 983 5254 primum
999 5187 1083 5239 alieno
1102 5190 1128 5238 et
1145 5188 1285 5239 durissime
1303 5188 1401 5240 divellit
1416 5190 1480 5239 iano
1495 5190 1547 5253 sere
1563 5194 1606 5254 qui
1621 5207 1642 5244 s.
1654 5208 1676 5245 e.
1689 5196 1749 5246 stir-

420 5265 460 5327 pis
476 5277 492 5312 a
509 5261 661 5327 praedicato
677 5264 760 5325 capiri.
775 5277 888 5326 persae,
911 5264 1027 5327 denique
1050 5263 1115 5312 ratio
1132 5260 1199 5312 illius
1217 5265 1258 5313 est
1274 5264 1300 5312 in
1317 5264 1516 5328 sequentibus.»
1533 5266 1649 5320 Erscsrr.
1678 5270 1749 5322 Hinc

423 5339 546 5389 Garatoni
563 5349 638 5399 quom
661 5350 708 5400 pro
730 5339 795 5399 qood
810 5336 899 5401 legere
917 5336 1017 5389 maluit.
1038 5363 1064 5372 -
1089 5338 1130 5386 it.
1148 5343 1194 5386 ast
1215 5336 1358 5387 delendum
1376 5341 1467 5388 censet
1484 5342 1613 5393 Garatoni.
1633 5370 1660 5379 -
1678 5346 1750 5409 fliius

422 5427 453 5463 v:
469 5412 550 5477 fliium
567 5410 645 5461 codd.
665 5436 694 5448 -
720 5412 761 5462 Ὦ.
779 5418 802 5463 et
818 5425 906 5476 genere
922 5427 939 5461 v
958 5439 985 5448 -
1012 5412 1052 5463 23.
1070 5412 1118 5474 tuit
1139 5413 1228 5463 SUV:
1251 5414 1341 5477 mffieit
1358 5413 1391 5475 E,
1416 5414 1430 5463 3
1448 5414 1511 5464 Orx.
1531 5442 1559 5453 -
1585 5417 1627 5468 ai.
1645 5417 1750 5470 Curtius

422 5485 573 5537 Turnebus:
593 5486 683 5538 Carine
699 5487 776 5538 codd.
796 5491 823 5539 et
839 5490 868 5539 0.
894 5488 1009 5539 Turnebi
1027 5487 1240 5538 emendationem
1262 5488 1376 5538 firmavit
1393 5490 1515 5539 Garatoni
1531 5491 1589 5542 coll.
1608 5493 1623 5557 5
1640 5492 1681 5545 is.
1702 5509 1747 5560 ep.

422 5561 457 5611 ad
473 5563 525 5611 att.
544 5561 590 5623 rx,
609 5562 634 5621 Ξ,
652 5575 676 5625 a,
695 5562 710 5627 5
728 5563 757 5622 3;
776 5563 821 5624 lx,
840 5563 865 5623 5,
884 5565 907 5614 t.
927 5565 952 5624 6,
970 5565 994 5614 2.
1014 5563 1048 5613 ad
1064 5564 1136 5614 Fam.
1149 5565 1217 5624 xlss,
1237 5564 1282 5625 69,
1302 5566 1329 5625 t,
1348 5577 1387 5614 or.
1405 5578 1431 5628 p.
1446 5564 1509 5616 ltab.
1523 5567 1599 5630 perd.
1618 5569 1633 5633 5
1651 5569 1680 5630 8,
1699 5570 1747 5621 nbi

422 5635 563 5687 lectionem
580 5648 596 5685 a
616 5636 694 5688 nobis
715 5639 852 5701 receptam
873 5639 926 5689 iam
941 5640 1126 5689 retractamus.
1147 5665 1174 5676 -
1192 5639 1402 5701 fortunatissimae
1418 5652 1481 5690 nos:
1499 5640 1647 5703 fortissimos
1663 5643 1747 5696 codd.

423 5716 450 5763 et
461 5714 493 5773 0;
512 5713 700 5777 tiormtirairm
715 5712 919 5762 Hotomanus.—
937 5713 979 5763 25.
997 5726 1048 5763 oon
1064 5717 1161 5762 motum
1177 5711 1269 5763 maluit
1285 5714 1401 5773 Ernesti;
1420 5716 1448 5763 at
1464 5714 1565 5766 conteri
1576 5718 1699 5768 Garatoni
1712 5717 1748 5769 ad

423 5789 474 5839 art.
484 5788 526 5852 Vl,
536 5789 561 5851 2,
571 5788 601 5839 3:
620 5788 728 5838 &oecos
738 5786 765 5836 io
775 5799 804 5837 eo
813 5787 981 5849 reprehendit,
999 5788 1065 5850 quod
1079 5800 1150 5837 more
1160 5792 1213 5837 tom
1223 5790 1297 5839 monti
1310 5794 1375 5840 sant.
1395 5788 1433 5840 Cl.
1446 5790 1526 5840 etiam
1537 5803 1617 5854 supra
1629 5804 1657 5857 p.
1668 5791 1747 5856 tias,

424 5862 507 5913 43.-
525 5863 634 5918 bomiaer
649 5862 695 5915 SU
712 5864 739 5915 et
754 5861 871 5914 vcors:
895 5863 923 5913 iri
938 5875 979 5916 eos
994 5863 1060 5926 EG,
1077 5862 1229 5933 iriomioes
1244 5865 1317 5916 eorv
1333 5878 1374 5930 pr.
1387 5876 1424 5916 m.
1440 5891 1467 5903 -
1482 5865 1526 5931 36.
1543 5865 1629 5930 mirei
1645 5879 1702 5920 orn.
1715 5869 1746 5922 E.
