3800 7350
674 1223 747 1287 cn.
768 1224 924 1287 rx-xr.
954 1221 1000 1306 §5
1023 1219 1168 1287 ra-ae.
1493 1204 1576 1276 roeo
1652 1308 1658 1318 .

256 1396 362 1458 citiam
385 1394 710 1475 consuetudinemque
733 1393 882 1459 traduxit.
917 1391 1024 1468 Quint
1046 1392 1085 1467 Q.
1100 1393 1247 1455 Metellus
1260 1394 1366 1474 Nepos
1380 1408 1486 1451 nonne
1501 1407 1577 1449 con·
1612 1421 1617 1432 ·

256 1488 306 1551 sul
328 1489 360 1551 in
384 1487 501 1569 templo
523 1487 606 1550 lovis
628 1487 737 1569 optimi
756 1487 900 1561 maximi,
922 1493 1084 1569 pennotus
1099 1509 1169 1570 cum
1183 1485 1367 1548 auctoritate
1382 1490 1495 1581 vestra,
1510 1487 1576 1542 tum

256 1582 342 1645 illins
364 1583 397 1644 P.
422 1582 543 1644 Servilii
568 1581 746 1644 incredibili
769 1581 919 1664 gravitate
943 1579 1086 1653 dicendi,
1108 1580 1223 1643 absem
1245 1598 1366 1641 mecum
1382 1595 1503 1640 summo
1519 1593 1576 1636 suo

172 1673 177 1681 ’
254 1671 407 1738 beneficio
436 1674 531 1737 rediit
553 1678 584 1737 in
610 1676 764 1756 gratiam?
804 1678 852 1737 An
875 1695 932 1756 ego
956 1695 1084 1758 possum
1107 1674 1181 1738 hnic
1203 1692 1274 1735 esse
1294 1671 1457 1743 inimicus,
1487 1669 1578 1733 cuius

254 1768 385 1843 litteris,
407 1769 508 1842 lama,
532 1772 651 1831 nuntiis
674 1769 873 1831 celebrantur
894 1789 986 1835 aures
1009 1768 1152 1851 qnotidie
1174 1786 1263 1830 meae
1284 1766 1376 1829 novis
1397 1764 1602 1827 nominihuss

254 1861 412 1943 gentium,
438 1863 610 1935 nationum,
634 1863 798 1925 locorum?
833 1859 884 1924 23.
899 1863 1018 1937 Ardeo,
1040 1862 1116 1926 mibi
1133 1862 1258 1936 credite,
1279 1868 1383 1943 patres
1398 1857 1579 1940 conscripti,

254 1987 295 2001 -
318 1955 351 2017 id
375 1956 461 2038 quod
484 1964 605 2019 vosmet
626 1956 665 2019 de
686 1956 953 2066 ffiexistimatis
976 1965 1008 2017 et
1030 1955 1132 2019 facitis
1153 1956 1216 2039 ipsi
1231 1987 1279 2001 ·-
1299 1952 1478 2017 incredibili
1500 1970 1580 2034 quo-

256 2048 328 2111 dam
351 2067 458 2113 amore
480 2053 617 2132 patriae,
646 2028 701 2134 diii
732 2072 781 2113 me
803 2070 890 2111 amor
912 2058 943 2111 et
966 2050 1133 2112 subvenire
1154 2050 1229 2112 olim
1251 2047 1504 2133 impendentibus
1525 2065 1579 2128 pe·

255 2142 364 2205 riculis
386 2145 531 2208 maximis
554 2166 624 2208 cum
648 2144 849 2208 dimicatione
872 2143 984 2226 capitis
1006 2153 1039 2207 et
1059 2164 1198 2217 rursum,
1221 2164 1292 2207 cum
1311 2142 1421 2205 omnia
1440 2139 1505 2202 tela
1521 2158 1580 2198 un·

256 2237 355 2318 dique
387 2257 457 2299 esse
486 2239 606 2301 intenta
637 2239 669 2300 iu
701 2238 832 2321 patriam
862 2237 1017 2310 viderem,
1044 2239 1160 2304 subire
1182 2239 1286 2320 eoiigit
1313 2244 1409 2319 atque
1432 2253 1450 2295 e
1474 2232 1617 2340 (Ἥρω

256 2350 353 2394 unum
376 2352 433 2413 pro
454 2334 620 2400 universis.
653 2333 711 2395 llic
734 2351 783 2395 rue
806 2351 895 2393 meus
918 2331 950 2392 in
974 2350 1040 2392 rem
1062 2331 1221 2413 publicam
1236 2330 1361 2394 animus
1375 2330 1442 2413 pris
1469 2346 1528 2388 nus
1542 2343 1579 2387 ec

254 2425 404 2507 perennis
426 2446 496 2488 cum
520 2427 553 2489 C.
572 2426 704 2490 Caesare
727 2426 864 2501 reducit,
888 2427 1083 2500 reconciliat,
1106 2428 1292 2492 restitnitin
1312 2425 1454 2508 gratiam.
1485 2416 1578 2496 Quod

255 2519 363 2583 volent
395 2520 531 2602 denique
554 2521 698 2584 homines
719 2522 916 2584 existiment:
947 2523 1064 2584 nemini
1088 2543 1145 2604 ego
1167 2541 1298 2605 possum
1321 2539 1390 2582 esse
1411 2518 1492 2580 bene
1514 2532 1580 2575 me·

255 2612 336 2675 renti
359 2612 398 2674 de
420 2612 602 2692 republica
623 2633 687 2675 non
710 2616 839 2677 amicus.
883 2615 922 2677 X.
945 2610 996 2676 ai.
1018 2617 1144 2679 Etenim
1167 2615 1194 2679 si
1215 2616 1270 2688 iis,
1296 2615 1352 2699 qui
1373 2612 1452 2674 haec
1474 2607 1579 2671 omnia

254 2708 379 2769 damma
401 2724 438 2767 ac
451 2706 542 2770 terro
564 2707 671 2771 delere
686 2708 868 2782 voluerunt,
891 2728 954 2772 non
977 2709 1158 2771 inimicitias
1179 2708 1298 2782 solum,
1321 2707 1377 2771 sed
1399 2705 1492 2767 etiam
1513 2700 1618 2765 hel-ro

255 2800 319 2862 lum
349 2798 450 2860 indixi
479 2809 575 2883 atque
606 2801 713 2874 intuli,
746 2821 817 2864 cum
850 2803 964 2885 partim
992 2803 1070 2865 milri
1100 2802 1228 2865 illorum
1249 2801 1435 2872 familiares,
1467 2796 1580 2879 partim

255 2893 350 2957 etiam
372 2912 423 2958 me
444 2892 634 2956 defendente
657 2894 768 2976 capitis
790 2895 914 2958 iudiciis
936 2903 1044 2959 essent
1063 2895 1207 2968 liberati,
1236 2916 1294 2959 cnr
1315 2894 1425 2957 eadem
1447 2911 1497 2953 res
1522 2908 1580 2972 pu·
1649 2942 1657 2956 .

255 2987 356 3062 blica,
379 3007 460 3069 quae
483 3007 533 3050 me
556 2989 589 3050 in
605 2990 722 3051 amicos
737 2989 932 3051 inflammare
947 2990 1066 3072 potuit,
1089 2990 1224 3053 inimicis
1240 2990 1365 3072 placare
1379 3006 1444 3051 non
1459 2984 1581 3067 possiti
1605 2957 1707 3080 “firm

256 3079 350 3158 Quod
372 3081 448 3144 mihi
471 3080 578 3146 odium
594 3103 665 3144 cum
685 3083 718 3144 P.
742 3082 853 3145 Clodio
875 3081 945 3156 tuit,
967 3084 1029 3145 nisi
1053 3083 1138 3166 quod
1161 3085 1374 3166 perniciosum
1396 3081 1516 3167 patriae
1538 3079 1581 3141 ei·
1622 3091 1682 3160 ³12,

255 3194 327 3237 vem
347 3172 416 3236 iore
439 3173 605 3255 putabam,
635 3176 689 3258 qui
714 3176 898 3258 turpissima
926 3175 1058 3238 libidine
1080 3177 1228 3239 incensus
1250 3178 1329 3239 duas
1349 3196 1402 3239 res
1423 3173 1619 3239 sanctissino
1633 3203 1657 3246 s,
1674 3161 1700 3268 ι’

255 3287 339 3341 mas,
372 3267 557 3347 religionem
587 3278 618 3330 et
646 3269 849 3351 pudicitiam,
879 3289 943 3330 uno
973 3268 1089 3331 scelere
1111 3270 1284 3332 violasset?
1315 3271 1397 3332 Num
1419 3278 1467 3331 est
1487 3269 1583 3351 igitur
1702 3273 1711 3292 '·

256 3361 387 3423 dubium
415 3380 456 3422 ex
485 3360 524 3422 iis
550 3362 661 3434 rebus,
691 3381 769 3443 quas
796 3362 824 3424 is
853 3362 917 3442 egit
942 3362 1069 3442 agitque
1104 3362 1262 3446 quotidie,
1292 3363 1448 3444 quinego
1471 3360 1582 3422 initio
1674 3359 1676 3364 ’
1703 3375 1706 3380 ·

256 3454 470 3537 oppugnando
491 3453 537 3516 rei
559 3455 705 3535 publicae
727 3455 799 3536 plns
822 3474 916 3538 quam
939 3456 1005 3517 otio
1028 3475 1115 3528 meo,
1149 3475 1213 3517 non
1235 3455 1316 3517 nulli
1338 3456 1371 3517 in
1393 3455 1506 3518 eodem
1527 3454 1582 3516 de·

255 3547 415 3611 tendendo
446 3567 504 3610 suo
532 3548 602 3631 plus
631 3549 697 3610 otio
727 3568 823 3629 quam
854 3549 1013 3611 communi
1042 3548 1289 3632 prospexerint?
1329 3546 1381 3609 25.
1403 3550 1470 3631 Ego
1492 3566 1582 3610 mea

258 3642 291 3708 C.
315 3641 446 3705 Caesare
475 3642 508 3704 in
537 3661 571 3704 re
602 3641 728 3724 publica
757 3642 946 3706 dissensisse
975 3640 1076 3707 fateor
1107 3651 1139 3707 et
1167 3643 1304 3707 sensisse
1325 3643 1505 3716 vobiscum,
1527 3639 1619 3706 sedes

256 3757 340 3799 nunc
365 3737 466 3799 isdem
497 3735 584 3799 vobis
614 3737 786 3808 assentior,
817 3757 888 3799 cum
916 3736 1030 3819 quibus
1057 3744 1149 3800 antea
1179 3737 1362 3801 sentiebam.
1402 3740 1465 3801 Vos
1487 3738 1581 3809 enirn,

256 3830 296 3894 ad
326 3850 405 3912 quos
433 3830 554 3895 litteras
582 3833 617 3893 L.
641 3833 713 3895 Piso
737 3832 776 3894 de
799 3832 866 3895 suis
887 3832 982 3894 rebus
1004 3852 1068 3894 non
1090 3830 1188 3894 audet
1209 3833 1348 3906 mittere,
1379 3834 1434 3916 qui
1456 3830 1580 3894 Gabinii

256 3924 376 3986 litteras
398 3924 515 4007 insigni
538 3926 673 4009 quadam
696 3932 769 3989 noia
784 3932 881 4007 atque
896 3927 1070 4008 ignominia
1086 3946 1168 3989 nora
1183 3925 1432 3999 condemnastis,
1456 3925 1490 3988 C.
1505 3924 1582 3986 Gae-

256 4019 319 4081 sari
340 4019 585 4102 supplicationes
608 4020 807 4092 decrevistis,
839 4039 972 4083 numero
995 4028 1030 4082 ut
1052 4021 1169 4083 nemini
1189 4041 1255 4083 uno
1278 4040 1318 4082 ex
1339 4019 1438 4094 bello,
1460 4020 1581 4081 bonore

205 4139 209 4147 ·
255 4121 292 4191 ut
312 4114 440 4175 omnino
462 4114 591 4175 nemini.
626 4114 688 4175 Gur
710 4113 805 4194 igitur
826 4123 1006 4197 exspectem
1021 4115 1181 4178 bominem
1196 4115 1353 4198 aliquem,
1376 4116 1432 4198 qui
1447 4134 1496 4177 me
1510 4126 1618 4176 cumen

257 4207 312 4270 illo
340 4207 373 4269 in
395 4207 526 4288 gratiam
548 4205 703 4268 reducat?
735 4208 874 4270 Reduxit
896 4207 975 4271 ordo
997 4209 1207 4290 amplissimus
1229 4216 1261 4271 et
1282 4210 1360 4271 ordo
1383 4209 1427 4282 is,
1457 4209 1512 4290 qui
1534 4217 1582 4270 est

257 4299 375 4382 publici
412 4299 534 4365 consilii
569 4310 601 4362 et
633 4320 774 4363 meorum
813 4303 954 4364 omnium
991 4300 1193 4364 consiliorum
1221 4310 1332 4365 auctor
1360 4308 1391 4364 et
1426 4301 1580 4386 princeps.

257 4396 320 4458 Vos
349 4414 479 4475 sequor,
507 4401 610 4478 patres
640 4395 828 4477 conscripti,
856 4396 947 4459 vobis
969 4396 1167 4478 obtempero,
1199 4396 1287 4458 vobis
1310 4397 1479 4470 assentior,
1508 4397 1580 4477 qui,

258 4507 354 4570 quam
375 4487 430 4549 diu
454 4487 488 4549 G.
512 4487 654 4550 Caesaris
676 4489 807 4551 consilia
829 4490 863 4550 in
884 4508 919 4550 re
941 4487 1067 4572 publiea
1090 4507 1152 4550 non
1168 4491 1304 4552 maxime
1320 4488 1509 4572 diligebatis,
1531 4509 1581 4551 me

257 4601 387 4664 quoque
410 4601 480 4643 cum
502 4581 556 4643 illo
579 4583 683 4644 minus
706 4583 908 4646 coniunctum
930 4582 1101 4657 videbatis,
1130 4589 1339 4666 posteaquam
1367 4584 1460 4646 rebus
1486 4583 1618 4665 gestisse

257 4682 379 4738 mentes
400 4683 519 4738 vestras
539 4675 782 4759 voluntatesque
803 4679 963 4751 mutastis,
985 4697 1036 4740 me
1059 4696 1122 4740 non
1144 4677 1248 4740 solum
1263 4679 1409 4740 comitem
1425 4697 1496 4740 esse
1511 4696 1583 4741 sen·

258 4768 373 4831 tentiae
395 4776 535 4844 vestrae,
558 4771 615 4832 sed
636 4770 731 4832 etiam
752 4769 945 4834 laudatorem
968 4771 1100 4833 vidistis.

342 4863 396 4923 xl.
418 4859 469 4923 ⁶26.
493 4863 554 4925 Sed
583 4864 658 4944 quid
689 4872 752 4937 est,
780 4862 866 4946 quod
893 4866 926 4928 in
953 4865 1012 4927 hac
1041 4882 1136 4926 causa
1159 4865 1296 4927 maxime
1318 4864 1463 4927 homines
1484 4865 1582 4927 admi·

258 4965 366 5019 rentur
394 4967 424 5019 et
451 4958 683 5040 reprehendant
712 4979 817 5021 meum
848 4959 1031 5031 consilium,
1065 4979 1135 5020 cum
1165 4979 1223 5042 ego
1254 4957 1337 5021 idem
1367 4965 1459 5021 antea
1485 4959 1584 5021 multa

259 5048 467 5125 decreverim,
497 5072 578 5133 quae
608 5053 707 5135 magis
738 5053 777 5115 ad
805 5052 943 5116 hominis
976 5053 1159 5135 dignitatem
1182 5073 1277 5136 quam
1299 5053 1338 5115 ad
1361 5053 1406 5116 rei
1435 5053 1619 5135 publicaeio

322 5312 346 5362 4.
364 5325 550 5374 nepos.nonns
565 5315 584 5362 P
603 5339 629 5348 -
649 5313 673 5362 3.
692 5314 778 5363 mann
795 5310 823 5363 Ρι
842 5339 869 5350 -
889 5326 979 5375 apsens
995 5316 1013 5363 P
1033 5341 1059 5348 -
1078 5313 1103 5364 l.
1121 5314 1232 5378 icamia
1249 5317 1268 5364 P
1286 5340 1313 5350 -
1332 5315 1396 5364 redit
1411 5312 1441 5365 Ρι
1459 5341 1487 5352 -·
1505 5317 1529 5365 o.
1543 5331 1583 5365 cc-

258 5385 333 5435 tidins
349 5384 386 5446 Pl,
405 5389 493 5437 cotidie
510 5388 582 5444 1³²⁶,
601 5389 664 5438 item
681 5389 803 5437 4443.-
822 5389 1041 5439 ncommods
1056 5402 1097 5438 me
1113 5391 1172 5439 L·
1190 5389 1265 5452 {aens
1280 5386 1349 5439 1²¹-
1368 5390 1392 5440 8.
1412 5402 1498 5440 amors
1513 5391 1580 5440 1³¹-

258 5461 298 5510 40.
316 5461 406 5527 entire]
423 5463 496 5511 sobre
514 5459 540 5512 pt
559 5488 585 5497 -
606 5464 645 5511 ta.
665 5464 691 5513 G.
711 5460 752 5512 1³¹:
771 5464 802 5512 G.
822 5464 889 5513 pn..
910 5464 970 5525 quid
987 5463 1036 5513 GE
1051 5490 1078 5500 -
1097 5463 1136 5513 43.
1154 5465 1258 5514 samii
1274 5465 1305 5513 do
1319 5479 1349 5514 rc
1364 5479 1398 5526 .p.
1412 5466 1448 5515 C:
1467 5467 1496 5515 ds
1512 5478 1540 5515 rc
1554 5480 1580 5528 p.

257 5538 429 5587 merentto-
450 5538 490 5589 ii.
509 5538 547 5602 iis]
565 5539 586 5586 is
603 5536 671 5588 1²¹-
691 5538 730 5586 47.
748 5539 824 5587 indiis
839 5537 904 5589 12¹-
924 5543 1001 5588 essent
1017 5541 1091 5588 extra
1102 5552 1209 5589 versum
1227 5537 1271 5596 P⁸;
1290 5542 1350 5602 post
1364 5540 1504 5603 (omicron
1515 5543 1583 5591 exci-

258 5611 328 5662 disse
340 5614 490 5677 suepioaiur
502 5611 627 5663 Halmius.
643 5639 669 5649 -
685 5613 724 5662 rs.
736 5615 897 5674 pernitiosam
909 5616 927 5663 Ρ
940 5640 968 5651 -
982 5615 1023 5663 nt.
1037 5614 1063 5664 G.
1078 5614 1121 5665 1²¹:
1140 5616 1170 5664 G.
1184 5612 1228 5671 P²;
1247 5627 1300 5666 orn.
1314 5615 1393 5665 GEO
1407 5640 1433 5652 -
1453 5614 1494 5665 26.
1506 5616 1583 5665 isdem

258 5688 290 5737 P:
308 5687 394 5736 iisdem
406 5688 425 5737 0
438 5715 464 5725 -
484 5688 611 5737 adsentior
626 5688 645 5736 P
658 5712 685 5722 -
705 5688 744 5736 at.
764 5688 834 5736 audit
851 5686 879 5737 P¹
898 5714 924 5723 -
944 5688 988 5748 qui
1003 5687 1032 5738 A.
1046 5688 1146 5739 Gabinii
1157 5688 1276 5740 Orellius.
1291 5716 1318 5725 -
1337 5689 1378 5739 38.
1392 5689 1474 5754 umus]
1492 5695 1515 5739 ct
1531 5691 1581 5740 GE

259 5788 286 5798 -
299 5763 495 5824 condempnastis
511 5764 597 5813 PG-
617 5763 643 5811 C.
663 5763 703 5811 1³¹:
724 5764 754 5812 G.
767 5761 835 5821 ri-
849 5764 889 5812 29.
908 5761 1088 5824 supplicationi
1100 5765 1146 5815 GE
1159 5788 1186 5799 -
1206 5763 1246 5813 34.
1259 5763 1336 5828 inlesi
1352 5763 1380 5814 Ρ1
1395 5790 1421 5801 -
1439 5764 1479 5813 33.
1489 5764 1583 5827 publici

256 5838 290 5887 P:
308 5841 332 5886 et
345 5836 437 5899 publici
452 5839 526 5888 GEO
544 5862 571 5874 -
590 5837 676 5885 consili
692 5835 720 5887 1³¹
732 5864 759 5875 ··
778 5838 819 5888 33.
838 5841 978 5899 optnnpcro
995 5840 1055 5888 Ρ-
1074 5839 1201 5889 amatior
1217 5840 1277 5889 1³-
1295 5837 1336 5888 3l.
1355 5840 1381 5890 G.
1401 5842 1442 5889 1³¹:
1462 5841 1492 5890 G.
1509 5837 1540 5891 1³¹
1552 5866 1578 5875 —

256 5911 297 5962 38.
316 5911 371 5976 boc]
389 5925 420 5962 nc
437 5908 465 5962 1³¹
479 5940 505 5949 -
524 5912 565 5962 39,
580 5906 733 5978 rcpbcndcnt
748 5915 768 5965 P
787 5939 813 5950 —
832 5911 873 5964 io.
889 5913 1041 5964 domm
1057 5914 1120 5965 GE:
1139 5913 1282 5969 dere-m
1298 5916 1329 5975 P;
1347 5915 1468 5966 werin
1484 5916 1513 5967 0.
