3800 7350
308 1177 371 1244 976
737 1184 889 1249 ORATIO
911 1184 991 1250 PRO
1012 1186 1048 1249 P.
1070 1185 1213 1250 SESTIO

307 1352 452 1427 horrida,
475 1360 578 1427 muta,
601 1352 695 1435 plena
716 1352 818 1417 luctus
841 1363 873 1418 et
893 1356 1047 1419 maeroris
1070 1355 1207 1419 luerunt.
1240 1353 1319 1429 Quis
1336 1360 1385 1417 est
1403 1354 1512 1417 ltaliae
1535 1353 1634 1429 locus,

308 1448 340 1510 in
374 1467 439 1530 quo
472 1467 535 1509 non
569 1444 667 1510 lixum
696 1448 738 1511 sit
764 1449 797 1511 in
826 1449 960 1531 publicis
988 1450 1200 1513 monumentis
1232 1448 1370 1511 studium
1398 1448 1507 1511 salutis
1529 1467 1634 1522 meae,

309 1541 525 1603 testimoninm
547 1542 733 1623 dignitatis?
776 1543 857 1605 LXI.
880 1539 952 1606 ⁴29.
974 1545 1054 1606 Nam
1077 1544 1153 1627 quid
1177 1563 1235 1625 ego
1258 1542 1313 1605 illa
1335 1541 1374 1605 de
1396 1562 1447 1604 me
1462 1543 1571 1605 divina
1586 1562 1636 1604 se·

308 1645 401 1698 natus
423 1634 568 1698 consulta
589 1638 852 1699 commemorem?
882 1636 932 1699 vel
954 1638 1041 1720 qnod
1063 1638 1235 1718 intemplo
1260 1636 1344 1698 lovis
1367 1635 1486 1718 Optimi
1508 1636 1637 1698 Maximi

287 1728 425 1793 slactum
448 1736 513 1804 est,
535 1749 606 1791 cum
629 1730 678 1792 vir
699 1729 742 1804 is,
769 1731 824 1811 qui
847 1731 1020 1813 tripertitas
1043 1730 1128 1793 orbis
1150 1739 1303 1793 terrarum
1325 1749 1396 1792 oras
1418 1738 1515 1813 atque
1536 1731 1638 1812 regio-

308 1844 365 1887 nes
387 1825 486 1886 tribus
507 1822 674 1906 triumphis
696 1823 860 1887 adiunctas
883 1823 958 1887 huic
980 1824 1116 1906 imperio
1131 1824 1269 1897 notavit,
1292 1822 1332 1886 de
1348 1824 1466 1905 scripto
1482 1824 1639 1885 sententia

308 1919 392 1980 dicta
413 1917 491 1980 mibi
513 1918 567 1980 nni
591 1918 805 1980 testimonium
828 1920 947 2000 patriae
971 1927 1173 1983 conservatae
1196 1916 1298 1992 dedit3
1329 1917 1419 1979 cuins
1450 1918 1636 1981 sententiam

306 2012 350 2075 ita
371 2010 644 2094 frequentissimus
667 2019 795 2075 senatus
818 2018 946 2074 secutus
969 2019 1035 2086 est,
1057 2020 1093 2073 ut
1117 2032 1197 2074 unus
1213 2011 1395 2074 dissentiret
1416 2012 1516 2075 hostis
1539 2012 1637 2096 idque

307 2106 411 2188 ipsum
440 2105 555 2168 tabulis
584 2105 720 2188 publicis
749 2104 951 2168 mandaretur
973 2104 1013 2167 ad
1036 2105 1219 2168 memoriam
1242 2105 1360 2188 posteri
1382 2107 1533 2188 temporis
1555 2127 1638 2169 sern-

271 2200 480 2282 iopiternam:
503 2199 552 2262 vel
575 2200 660 2281 qnod
683 2206 732 2261 est
751 2198 906 2282 postridie
930 2199 1090 2262 decretum
1113 2202 1144 2262 in
1166 2200 1253 2261 curia
1266 2198 1376 2283 populi
1391 2200 1491 2281 ipsius
1506 2200 1636 2263 Romani

307 2301 483 2366 eteorum,
512 2292 567 2376 qui
597 2312 638 2355 ex
660 2293 841 2376 municipiis
863 2301 1088 2367 convenerant,
1120 2293 1299 2366 admonitu,
1329 2312 1369 2355 ne
1391 2291 1464 2375 quis
1486 2291 1525 2356 de
1548 2294 1636 2356 caelo

307 2395 461 2460 servaret,
484 2405 524 2448 ne
546 2388 618 2469 quis
639 2406 759 2449 moram
774 2386 871 2449 ullam
889 2388 1031 2450 afferret:
1056 2387 1082 2450 si
1100 2386 1173 2470 quis
1187 2385 1278 2448 aliter
1291 2385 1434 2460 lecisset,
1457 2406 1527 2449 eum
1542 2387 1636 2472 plane

307 2498 483 2545 eversorem
512 2482 559 2542 rei
589 2480 734 2562 publicae
761 2480 830 2543 lore
862 2480 960 2564 idque
989 2489 1132 2545 senatum
1162 2480 1345 2562 gravissime
1368 2476 1520 2565 laturum,
1547 2490 1581 2544 et
1601 2489 1637 2544 ut

306 2576 411 2639 statim
433 2573 473 2636 de
495 2574 563 2636 eius
585 2573 667 2637 lacto
689 2574 870 2638 referretur.
905 2574 977 2649 Qua
999 2575 1150 2657 gravitate
1173 2593 1323 2637 suasum
1345 2572 1495 2656 frequens
1508 2582 1637 2637 senatus

269 2668 529 2732 innonnullorum
551 2668 653 2731 scelus
674 2669 901 2751 audaciamque
923 2667 1093 2742 tardasset,
1124 2675 1229 2731 tamen
1260 2669 1339 2731 illud
1362 2665 1500 2742 addidit,
1529 2677 1580 2742 ut,
1610 2669 1637 2730 si

307 2763 420 2827 diebus
442 2762 600 2846 quinque,
622 2763 739 2846 quibus
761 2764 811 2846 agi
834 2763 873 2825 de
896 2783 946 2825 me
968 2762 1141 2845 potuisset,
1163 2782 1228 2825 non
1251 2768 1337 2825 esset
1357 2768 1477 2834 actum,
1499 2760 1637 2823 redirem

305 2859 337 2921 in
366 2859 498 2942 patriam
527 2854 681 2938 dignitate
711 2856 797 2918 omni
827 2864 1020 2941 recuperata.
1065 2856 1161 2918 LXll.
1183 2856 1330 2919 Decrevit
1360 2854 1472 2918 eodem
1495 2863 1637 2938 tempore

306 2961 451 3025 senatus,
473 2960 509 3014 ut
530 2951 586 3025 iis,
609 2951 665 3034 qui
687 2970 729 3013 ex
751 2958 817 3013 tota
838 2949 929 3012 ltalia
950 2950 1062 3013 salutis
1084 2970 1173 3013 meae
1197 2970 1292 3013 causa
1314 2957 1542 3023 convenerant,
1564 2968 1638 3031 age-

306 3054 415 3110 rentur
436 3045 565 3128 gratiae,
587 3054 683 3129 atque
705 3053 740 3108 ut
761 3044 856 3119 ldem,
871 3045 912 3107 ad
934 3065 985 3108 res
1006 3044 1176 3107 redeuntes
1198 3052 1235 3107 ut
1256 3044 1417 3117 venirent,
1440 3049 1635 3125 rogarentur.

269 3137 379 3203 bol30.
401 3140 487 3204 Haec
509 3147 576 3202 erat
598 3139 771 3202 studiorum
800 3139 834 3200 in
855 3157 926 3201 mea
947 3138 1048 3201 salute
1070 3138 1247 3212 contentio,
1276 3146 1314 3201 nt
1334 3138 1374 3212 ii,
1404 3137 1459 3220 qui
1482 3156 1501 3199 a
1523 3146 1635 3200 senatu

249 3278 251 3280 >
307 3234 347 3299 de
369 3254 419 3298 me
441 3232 646 3316 rogabantur,
669 3232 773 3295 eidem
795 3232 917 3295 senatui
939 3252 997 3315 pro
1012 3251 1063 3294 me
1078 3231 1304 3315 supplicarent.
1339 3233 1444 3315 Atque
1466 3233 1510 3294 ita
1530 3232 1563 3295 in
1584 3231 1635 3294 bis

307 3329 401 3393 rebus
422 3346 505 3389 unus
527 3334 575 3389 est
595 3325 683 3390 solus
704 3326 871 3400 inventus,
894 3327 949 3409 qui
972 3326 1011 3388 ab
1033 3325 1092 3388 bac
1113 3332 1176 3388 tam
1198 3326 1343 3408 impensa
1357 3326 1520 3389 voluntate
1533 3326 1635 3388 bono·

308 3442 377 3486 rnrn
400 3421 503 3504 palam
526 3420 706 3493 dissideret,
728 3427 764 3483 ut
784 3420 877 3483 etiam
894 3420 933 3495 Q.
949 3419 1096 3483 Metellus
1119 3419 1244 3494 consul,
1269 3421 1323 3503 qui
1339 3419 1416 3483 mibi
1431 3418 1484 3482 vel
1497 3419 1635 3481 maxime

308 3537 349 3581 ex
378 3516 500 3598 magnis
526 3513 782 3576 contentionibus
813 3515 858 3576 rei
888 3513 1034 3596 publicae
1056 3511 1170 3575 fuisset
1191 3513 1351 3588 inimicus,
1379 3513 1419 3576 de
1442 3531 1512 3574 mea
1533 3512 1634 3575 salute

272 3611 472 3673 aerettulerit.
506 3607 569 3685 Qui
591 3608 745 3670 excitatus
767 3627 838 3670 cum
861 3625 981 3670 summa
1004 3606 1187 3669 auctoritate
1209 3608 1243 3670 P.
1266 3606 1406 3683 Servilii,
1430 3617 1493 3669 tuin
1506 3607 1635 3669 incredi-

308 3706 361 3767 bili
382 3703 518 3788 quadam
540 3703 692 3785 gravitate
714 3700 854 3777 dicendi,
877 3722 947 3765 cum
971 3701 1024 3763 ille
1044 3720 1153 3763 omnes
1173 3720 1272 3784 prope
1291 3701 1331 3763 ab
1346 3701 1455 3765 inieris
1471 3710 1635 3765 evocasset

307 3798 452 3863 Metellos
474 3803 506 3859 et
525 3797 565 3859 ad
585 3796 672 3859 illius
694 3797 837 3877 generis,
867 3795 953 3880 quod
977 3795 1036 3857 sibi
1058 3814 1130 3857 cum
1153 3815 1191 3858 eo
1214 3815 1380 3858 commune
1403 3803 1503 3869 esset,
1533 3796 1635 3877 digni·

307 3899 402 3956 tatem
423 3889 595 3974 propinqui
625 3889 674 3952 sui
698 3896 876 3953 menterno
899 3889 1060 3952 Clodianis
1082 3889 1256 3952 latrociniis
1278 3889 1470 3966 reflexisset,
1497 3908 1634 3973 cumque

307 4006 378 4051 eum
401 3986 440 4049 ad
463 3983 627 4047 domestici
650 3984 788 4066 exempli
810 3984 993 4047 memoriam
1016 3990 1048 4045 et
1063 3982 1102 4045 ad
1121 3983 1278 4046 Numidici
1293 3983 1378 4046 illius
1393 3983 1511 4047 Metelli
1526 4002 1633 4046 casum

268 4081 357 4145 corel
379 4079 550 4163 gloriosum
572 4077 622 4140 vel
645 4096 770 4160 gravem
793 4079 1015 4141 convertisset:
1039 4075 1263 4140 collacrimavit
1280 4079 1329 4139 vir
1350 4079 1493 4160 egregins
1509 4095 1545 4139 ac
1559 4095 1634 4139 vere
1722 4099 1727 4107 ·

306 4174 452 4239 Metellus
481 4178 647 4256 totumque
675 4192 709 4235 se
731 4173 763 4233 P.
788 4172 921 4236 Servilio
943 4173 1061 4236 dicenti
1085 4173 1267 4234 etiamtum
1290 4170 1436 4246 tradidit,
1465 4192 1524 4235 nec
1546 4172 1633 4233 illam

307 4269 445 4334 divinam
466 4269 651 4350 gravitatem
673 4266 799 4350 plenam
823 4267 1021 4350 antiquitatis
1043 4265 1163 4329 diutius
1188 4264 1284 4330 bomo
1305 4266 1448 4329 eiusdem
1469 4266 1633 4348 sanguinis

531 4427 674 4436 n——a
1267 4428 1628 4440 ----.--——--—-.--...—,

371 4519 395 4571 l.
414 4524 465 4582 opt.
482 4517 565 4582 inam]
584 4518 623 4568 .0.
635 4517 671 4567 M.
690 4518 724 4577 P,
744 4530 793 4567 oni.
806 4529 869 4567 cum
886 4516 932 4568 lin.
945 4520 965 4567 G
979 4543 1005 4553 —
1025 4519 1050 4568 b.
1067 4519 1214 4581 foctmnitP
1228 4543 1255 4554 -
1274 4516 1412 4580 tripertitus
1426 4506 1519 4567 A'PG:
1538 4517 1633 4580 inpar*

305 4594 364 4645 litae
380 4595 400 4645 0
418 4593 508 4656 (habet
524 4596 559 4644 A:
578 4593 783 4654 qui--noliioill
803 4619 829 4629 -
855 4593 879 4642 6.
898 4595 1042 4657 triumplu
1061 4620 1087 4629 -
1113 4593 1236 4654 descripto
1253 4594 1273 4642 G
1292 4619 1320 4628 -
1340 4592 1364 4643 7.
1383 4593 1471 4655 quoius
1488 4594 1515 4653 P,
1534 4594 1633 4654 quodni

306 4674 335 4722 G'
354 4695 381 4706 -
406 4669 431 4720 8.
448 4681 513 4718 unns
534 4668 662 4718 demnlirel
682 4668 756 4728 (ende
770 4669 871 4717 nubet
887 4667 966 4731 corr.)
987 4668 1031 4716 boi
1048 4666 1100 4727 (lioc
1117 4668 1195 4728 corr.)
1213 4678 1260 4728 que
1280 4667 1363 4729 iprum
1379 4668 1398 4716 G
1418 4694 1445 4703 -
1471 4667 1496 4718 9.
1511 4669 1633 4729 porterito

306 4745 362 4810 (litt.
375 4751 403 4796 to
416 4745 486 4809 exp.)
499 4745 518 4793 P
532 4768 559 4779 -
578 4743 618 4793 lt.
631 4755 664 4792 ec
679 4741 821 4804 municipiis
836 4743 912 4802 quic
926 4770 953 4779 -
971 4755 1003 4791 ne
1014 4767 1050 4778 -·
1061 4745 1171 4791 minoret
1187 4753 1241 4790 orn.
1256 4743 1293 4800 G;
1313 4741 1345 4792 cl.
1357 4755 1414 4792 var.
1427 4739 1488 4791 lect.
1501 4741 1535 4791 ad
1547 4754 1573 4793 v.
1585 4743 1626 4793 26.

306 4821 396 4884 (babet
413 4821 492 4869 etiam
505 4819 533 4880 Al
548 4843 574 4852 -
589 4818 630 4867 lt.
643 4817 782 4878 odfeirdP
796 4843 823 4854 -
836 4817 900 4866 alter
916 4820 935 4868 P
949 4843 977 4853 —
995 4818 1035 4866 lb.
1055 4816 1145 4878 moion]
1164 4820 1217 4865 tien
1234 4817 1265 4877 ις
1284 4820 1311 4865 at
1328 4815 1388 4867 vide
1405 4816 1517 4882 Madvig.
1531 4831 1558 4882 p.
1571 4816 1628 4868 loe.

307 4921 335 4933 -
352 4902 381 4947 iit
396 4897 418 4945 ii
435 4897 468 4955 G,
487 4894 516 4943 ut
531 4891 740 4955 Wesenbergius
757 4903 783 4955 p.
801 4893 817 4940 5
835 4891 997 4942 emendavit:
1016 4890 1065 4939 nisi
1082 4893 1115 4948 P;
1138 4895 1166 4939 nl
1183 4903 1236 4940 om.
1255 4891 1275 4941 0
1292 4918 1325 4927 —
1342 4892 1382 4941 io.
1401 4890 1517 4956 quinque]
1538 4891 1576 4942 .V.
1596 4893 1630 4949 P;

304 4972 327 5021 ir
343 4972 364 5022 G
382 4996 410 5005 -
428 4969 469 5019 tl.
488 4967 633 5032 dipnitdtein
650 4965 705 5028 (litt.
717 4980 743 5016 m
755 4968 825 5030 erp.)
843 4969 862 5016 P
880 4992 909 5003 -
929 4967 970 5017 ia.
988 4965 1076 5016 salutis
1093 4968 1127 5014 G:
1146 4965 1207 5014 scin
1223 4967 1242 5015 P
1261 4992 1288 5002 -
1308 4965 1348 5014 49.
1367 4966 1632 5029 οάᾳω--νορανοη-

305 5051 348 5096 lie·
363 5043 481 5095 babela
498 5069 532 5079 -
548 5041 613 5092 idern
629 5042 721 5091 APG:
740 5041 889 5091 iidenio-
907 5041 1103 5091 redeuntiid—
1123 5040 1255 5091 2l.eidern
1271 5043 1332 5091 PG:
1351 5041 1497 5091 iidemO-
1515 5037 1631 5103 ittam]

305 5121 423 5170 tornPG
443 5117 667 5179 -i'npenioP-
686 5116 918 5179 23.quinlniP—
937 5117 979 5166 25.
997 5114 1216 5166 casinimo-
1236 5114 1632 5165 nininnmnancicrmer-

304 5194 373 5256 oilii,
390 5198 444 5243 tien
459 5190 596 5242 incredibili
613 5191 724 5253 qwdciii
739 5191 870 5242 Manutius
888 5192 925 5254 (el
940 5192 980 5242 sic
997 5190 1027 5252 0,
1044 5190 1094 5242 sed
1110 5203 1164 5241 om.
1179 5189 1337 5252 innedbililz
1355 5203 1455 5241 somma
1470 5203 1527 5240 mirri
1543 5194 1632 5240 once

304 5271 381 5321 dicte
396 5269 423 5319 P.
441 5267 540 5317 Seniilii'
558 5266 651 5330 (mulli
668 5266 694 5328 P)
712 5266 824 5328 qudem
841 5268 903 5327 PG;
921 5280 979 5317 mon
994 5279 1093 5316 inninia
1108 5267 1258 5316 oucmntote
1271 5266 1297 5316 P.
1311 5265 1337 5316 C.
1350 5266 1463 5330 (patrimi
1478 5266 1631 5328 conscripto-

305 5346 388 5410 nen),
410 5349 464 5394 trini
483 5343 509 5393 P.
527 5342 597 5392 Seri.
616 5339 753 5390 incredibili
773 5342 885 5403 madum
903 5339 1109 5403 Wesenbergius
1126 5353 1153 5405 p.
1171 5340 1217 5400 δὴ
1243 5354 1342 5391 immo
1362 5354 1419 5391 cnm
1437 5342 1587 5391 anctoritate
1601 5341 1628 5391 P.

305 5420 405 5473 Seruilii
420 5417 558 5470 incredibili
574 5417 684 5479 quodam
701 5416 847 5479 Seyffertus
863 5430 890 5481 p.
903 5417 944 5467 66.
972 5415 1010 5466 Cl.
1030 5416 1111 5466 etiam
1129 5417 1218 5467 llerm.
1237 5430 1263 5482 p.
1278 5418 1318 5466 ll.
1333 5443 1360 5453 —
1378 5417 1419 5467 66.
1433 5416 1541 5466 enniille
1551 5417 1631 5465 omnis

306 5499 339 5547 P:
361 5496 434 5558 qiicii
455 5494 534 5545 omnli
549 5493 579 5542 de
594 5493 663 5542 coelo
678 5497 792 5542 innaret
807 5492 844 5542 Ne
860 5492 917 5554 quir
932 5493 966 5549 G:
990 5490 1023 5541 cl.
1042 5488 1075 5539 ad
1092 5504 1118 5540 v.
1137 5492 1177 5542 tt.
1197 5515 1225 5526 -
1242 5492 1284 5543 68.
1301 5492 1437 5555 reflexisset
1453 5491 1488 5542 d:
1509 5491 1630 5556 νομικοὶ

305 5572 356 5623 PG
374 5597 402 5609 -
420 5569 461 5620 29.
480 5581 535 5618 enni
551 5580 570 5616 o
584 5567 714 5617 dommim
731 5569 792 5617 G-
810 5566 846 5617 nd
860 5565 987 5616 Numidici
1002 5565 1070 5615 illius
1085 5565 1215 5616 Manutlus
1228 5566 1268 5630 (er
1280 5578 1340 5630 pag.
1353 5564 1410 5626 sti,
1424 5566 1477 5628 ωε
1501 5566 1535 5614 od
1552 5576 1630 5614 unmn

305 5645 404 5696 diditur
419 5641 462 5704 1³¹,
484 5642 520 5693 od
534 5654 613 5691 uninn
629 5642 694 5691 dicto
709 5641 782 5690 citior
798 5643 828 5691 P²
839 5641 935 5704 (corni
953 5639 999 5703 m.)
1018 5641 1045 5688 et
1062 5641 1105 5698 (3²3
1124 5642 1158 5692 ad
1173 5653 1253 5691 iorum
1269 5641 1376 5691 dictbini
1392 5641 1431 5690 G¹.
1452 5667 1479 5678 -
1499 5641 1539 5692 ³0.
1552 5639 1630 5690 colto-

305 5720 423 5770 eiirnooil
436 5719 478 5768 otr
491 5716 651 5768 Lambinus:
669 5716 933 5777 cmlonmnonitctut
950 5713 1005 5778 (litt.
1018 5719 1046 5764 at
1058 5717 1213 5781 expunctae)
1224 5716 1268 5766 nir
1284 5718 1315 5776 P;
1333 5716 1373 5766 iiel
1389 5715 1535 5765 lacrimanti
1550 5719 1578 5763 nt
1587 5714 1631 5763 nir

306 5796 342 5850 Gi
359 5793 541 5846 emonensis
556 5797 632 5856 dlqrie
646 5795 676 5842 iil
690 5792 732 5843 uir
747 5805 800 5857 epi.
818 5805 849 5843 cc
864 5808 890 5844 v.
907 5793 944 5844 ll.
963 5795 1041 5842 totinn
1057 5803 1082 5842 ie
1099 5791 1298 5844 Mommsenlus.
1318 5817 1345 5827 -
1369 5790 1409 5842 ii.
1428 5791 1505 5843 odoni
1521 5795 1573 5840 tuni
1590 5789 1632 5838 dl·

307 5870 371 5921 cinti
386 5868 494 5931 Lamb.;
512 5869 540 5919 at
554 5881 581 5920 v.
598 5867 685 5919 Madv.
703 5880 731 5932 p.
745 5865 802 5920 lte.
