3800 7350
687 1162 952 1230 cmxi-au.
976 1158 1190 1248 osas-eo.
1514 1158 1597 1226 4444

281 1336 446 1400 mimarum
475 1339 614 1396 mentum
643 1340 845 1417 mentemque
873 1332 1058 1416 deponeres.
1087 1338 1127 1395 et
1156 1337 1213 1406 te,
1241 1349 1381 1413 opuer
1400 1360 1442 1379 -·
1462 1329 1596 1395 Puerum

281 1427 434 1514 appellat,
456 1445 550 1509 quem
571 1446 636 1491 non
656 1425 751 1492 modo
772 1427 894 1500 virum,
917 1424 974 1489 sed
997 1425 1091 1490 etiam
1112 1423 1315 1490 fortissimum
1329 1424 1431 1488 virum
1452 1426 1552 1487 sensit
1567 1431 1599 1489 et

282 1522 406 1587 sentiet.
445 1520 502 1584 list
529 1520 610 1584 istuc
639 1521 767 1605 quidem
797 1539 912 1584 nomen
935 1519 1066 1593 aetatis,
1096 1516 1152 1581 ssd
1174 1518 1212 1581 ab
1235 1537 1273 1581 eo
1294 1517 1423 1580 minime
1444 1536 1599 1601 usurpan-

282 1614 373 1688 dum,
406 1614 461 1699 qui
493 1632 582 1678 suam
615 1615 783 1678 amentiam
810 1632 910 1697 puero
939 1613 1012 1676 buic
1041 1611 1170 1696 praebet
1195 1609 1236 1679 nd
1264 1611 1407 1694 gloriam.
1448 1605 1499 1672 25.
1527 1610 1598 1694 qui

282 1708 414 1771 omnia
442 1707 601 1771 nomini
631 1707 756 1772 debes
784 1740 825 1753 -
846 1706 947 1769 Debet
968 1724 1043 1770 vero
1065 1703 1221 1788 solvitque
1243 1703 1413 1786 praeclare.
1459 1707 1493 1769 si
1514 1705 1623 1770 enims

281 1800 337 1864 ille
358 1802 478 1885 patriae
499 1821 628 1883 parens,
657 1809 691 1865 ut
713 1808 748 1865 tu
770 1795 908 1883 appellas
930 1835 972 1848 —
994 1818 1052 1882 ego
1074 1796 1151 1881 quid
1173 1798 1306 1862 sentiam
1327 1798 1436 1863 videro
1458 1833 1516 1875 -,
1544 1819 1601 1863 cur

282 1914 347 1957 non
367 1895 419 1958 bio
440 1914 555 1978 parens
577 1895 697 1969 verior,
729 1914 834 1977 aquo
856 1901 939 1956 certe
961 1894 1057 1956 vitam
1078 1890 1229 1954 babemus
1251 1911 1269 1953 4
1290 1891 1353 1955 4444
1373 1890 1602 1956 facinerosissi-

282 1988 342 2053 mis
356 1988 502 2053 manibus
516 1990 678 2072 ereptam?
700 1987 738 2051 id
760 2007 893 2070 agere,
915 1993 958 2050 ut
979 1986 1066 2049 iure
1081 1984 1290 2048 damnatus
1313 1985 1368 2049 sit
1386 1985 1601 2051 Dolabella

282 2114 324 2127 -
345 2082 482 2163 Turpem
503 2100 578 2145 vero
600 2081 771 2155 actionem,
802 2100 864 2164 qua
885 2078 1067 2144 defenditur
1087 2076 1271 2161 amplissimi
1293 2080 1460 2143 auctoritas
1482 2080 1601 2143 ordinis

283 2182 392 2238 contra
412 2173 619 2238 crudelissimi
634 2172 817 2256 gladiatoris
833 2173 1020 2237 amentiaml
1042 2206 1085 2218 -
1106 2179 1145 2235 et
1166 2178 1208 2234 ut
1228 2169 1416 2235 venefica
1435 2172 1535 2236 baec
1556 2173 1638 2236 44-44

282 2266 447 2329 beretur
468 2266 698 2331 obsidione.
734 2263 913 2330 Veneficam
934 2266 1033 2331 audes
1054 2265 1214 2349 appellare
1236 2285 1306 2329 cum
1329 2266 1441 2342 virum,
1463 2267 1518 2352 qui
1536 2268 1601 2334 tuis

283 2359 445 2424 veneficiis
467 2361 605 2424 remedia
625 2361 769 2425 inveniti
791 2381 885 2444 quem
900 2361 944 2423 ita
960 2359 1103 2434 obsides,
1125 2378 1207 2423 nove
1222 2358 1396 2433 Hannibal,
1418 2369 1473 2425 aut
1487 2362 1514 2425 si
1529 2363 1601 2444 quis

284 2452 405 2517 acutior
429 2455 600 2538 imperator
623 2453 699 2528 luit,
726 2461 814 2518 utto
835 2455 903 2536 ipse
926 2451 1088 2528 obsideas,
1118 2471 1224 2536 neque
1246 2460 1277 2516 te
1299 2452 1407 2528 istinc,
1434 2453 1462 2515 si
1483 2454 1602 2537 cupias,

284 2546 388 2629 possis
402 2547 571 2630 explicare.
605 2548 800 2622 Recssseris,
822 2548 964 2632 undique
979 2566 1089 2611 omnes
1103 2546 1328 2630 insequentur:
1349 2547 1512 2623 manseris,
1526 2547 1603 2612 bas·

284 2639 377 2705 robis.
413 2640 566 2704 Nimirum
589 2649 672 2706 44444
688 2640 859 2706 veneficam
880 2640 1038 2725 appellas,
1060 2660 1078 2705 a
1097 2659 1161 2725 quc
1183 2638 1241 2703 tibi
1262 2646 1458 2722 praesentem
1479 2649 1640 2724 pestsmti

285 2732 374 2797 rides
403 2741 624 2817 comparatam.
667 2730 718 2798 26.
739 2742 917 2818 utquam
945 2733 1264 2818 potentissimus
1285 2734 1342 2798 sit
1363 2732 1529 2797 Cassius
1550 2743 1603 2799 at·

285 2847 365 2910 que
386 2828 542 2892 brutus.
578 2829 671 2892 Putes
694 2827 899 2892 Censorinum
921 2827 1027 2891 dicere
1048 2835 1103 2892 aut
1120 2824 1304 2890 Ventidium
1327 2832 1381 2890 snt
1402 2828 1496 2891 etiam
1517 2830 1603 2912 ipsos

284 2918 451 2983 Antonios.
495 2920 559 2984 Cur
587 2929 693 2985 autom
715 2921 817 2985 nolint
838 2928 983 3004 potentes
1005 2940 1075 2984 esse
1097 2940 1162 2983 non
1184 2918 1279 2983 modo
1301 2920 1438 3002 optimos
1459 2929 1492 2985 et
1511 2924 1603 2986 nobi·

284 3011 423 3077 lissimos
444 3012 547 3089 uiros,
570 3014 625 3079 sed
648 3036 754 3079 secum
777 3016 870 3078 etiam
893 3014 926 3078 in
948 3014 994 3078 rei
1019 3013 1165 3097 publicas
1187 3012 1371 3078 defensione
1392 3015 1603 3081 coniunctos?

285 3106 473 3171 Nimirum
495 3107 635 3172 eodem
657 3108 773 3172 modo
794 3108 891 3172 baec
913 3108 1139 3191 adspicitis,
1161 3115 1201 3172 ut
1221 3107 1358 3191 priora
1377 3129 1515 3195 -quae
1536 3119 1641 3174 tau-sn

286 3199 380 3263 demi
408 3233 450 3249 -
479 3208 606 3266 castra
636 3202 793 3285 Pompei
822 3210 1000 3265 senatum
1029 3200 1315 3285 appellabatis.
1357 3202 1429 3264 XII.
1450 3204 1499 3265 riu
1527 3224 1603 3268 vero

286 3301 338 3356 tua
360 3302 461 3357 castra
481 3296 588 3377 potius
610 3296 754 3359 sedatum
776 3294 1029 3377 appellaremus?
1059 3294 1092 3356 in
1114 3295 1227 3378 quibus
1250 3302 1284 3357 tu
1307 3314 1341 3358 es
1362 3294 1510 3359 videlicet
1530 3316 1605 3360 con·

287 3387 415 3461 solaris,
447 3388 550 3460 cuius,
570 3395 655 3451 totus
684 3387 866 3450 consulatus
896 3395 944 3472 est
973 3407 1014 3449 ex
1043 3387 1128 3450 omni
1160 3388 1424 3450 monimentorum
1453 3390 1606 3452 memoria

288 3479 431 3543 evulsus:
453 3478 517 3542 duo
539 3488 716 3563 praetores,
738 3481 807 3543 sine
831 3499 924 3543 causa
946 3477 1040 3542 dillisi
1056 3499 1089 3542 se
1104 3478 1226 3563 aliquid
1244 3480 1424 3555 babituros3
1447 3500 1505 3544 uos
1520 3481 1605 3544 enim

289 3572 430 3636 Caesaris
452 3569 604 3636 beneficia
624 3572 838 3638 defendimus:
861 3574 1011 3655 praetorii
1031 3572 1255 3655 Philadelphus
1270 3572 1393 3635 Annius
1408 3579 1440 3635 et
1452 3572 1643 3637 innocense:

288 3665 425 3729 Gallius:
447 3665 583 3730 aedilicii
597 3687 729 3751 corycus
751 3667 883 3732 laterum
899 3674 930 3732 44
944 3668 1032 3730 vocis
1047 3687 1146 3742 meae,
1164 3666 1279 3740 Bestia,
1302 3672 1333 3728 44
1350 3661 1422 3729 lidei
1443 3672 1606 3749 patronus,

287 3759 449 3823 lraudator
462 3761 663 3835 creditorum,
678 3760 865 3835 Trebellius,
880 3768 912 3824 et
932 3761 1029 3823 bomo
1044 3760 1187 3842 diruptus
1202 3759 1400 3842 dirutusque,
1416 3758 1455 3834 Q.
1471 3758 1607 3834 Caelius,

289 3852 497 3936 columenque
518 3854 690 3917 amicorum
711 3854 856 3928 Antonii,
886 3853 997 3937 Cotyla
1022 3853 1149 3925 Varius,
1180 3873 1275 3936 quem
1302 3852 1456 3915 Antonius
1479 3853 1607 3918 delicia·

288 3967 357 4009 rum
380 3967 473 4011 causa
494 3946 571 4011 loris
593 3949 627 4010 in
648 3946 794 4011 convivio
815 3946 904 4010 caedi
926 3945 1056 4009 iubebat
1078 3945 1208 4008 aservis
1231 3945 1383 4029 publicis:
1404 3949 1607 4032 septemvira·

288 4039 335 4103 les
356 4039 472 4114 Lento,
500 4041 637 4119 Nuculn;
666 4047 732 4105 tum
752 4039 885 4105 deliciae
905 4046 1001 4122 atque
1023 4057 1145 4102 amores
1166 4037 1277 4123 populi
1299 4039 1430 4103 Romani
1451 4040 1486 4102 L.
1508 4041 1644 4105 4444-44

353 4350 379 4399 4.
395 4353 504 4398 mention
518 4351 670 4409 4444444444
680 4347 833 4405 Arusianus,
851 4347 896 4410 qui
912 4359 938 4410 p.
948 4342 997 4396 sil
1015 4344 1092 4396 444444
1106 4358 1164 4397 eun
1179 4344 1207 4395 44
1217 4370 1253 4384 -·
1263 4346 1393 4409 4444444444
1404 4346 1459 4412 (sic)
1471 4349 1499 4399 et
1509 4347 1609 4414 aliquot

289 4421 349 4474 libri
365 4423 488 4473 Ferrarii:
506 4427 610 4472 44444444
625 4427 781 4482 malosque
796 4419 896 4471 abi·
914 4420 1044 4482 44444444
1060 4433 1117 4470 4-
1134 4421 1205 4472 444444
1222 4421 1230 4470 4
1249 4447 1277 4459 -
1297 4420 1400 4472 3444444
1416 4423 1424 4472 4
1443 4449 1470 4459 -
1488 4423 1514 4475 4.
1528 4438 1609 4487 puero

290 4496 410 4548 buicab:
425 4499 533 4560 puerit:
551 4497 626 4546 444444
639 4521 667 4535 -
681 4498 705 4547 44.
718 4497 812 4546 44444444
827 4491 887 4545 b¹t:
905 4495 1000 4546 omnini
1015 4489 1386 4547 anemio-dobmate:
1402 4497 1485 4549 sb-
1498 4501 1610 4563 soluique

290 4570 329 4621 bt
346 4597 373 4607 -
392 4570 416 4622 6.
433 4571 621 4633 pannones
640 4570 1483 4634 -parsssbt:corsnsa;potsrssti;parsnssstilsnntius
1502 4599 1529 4610 -
1549 4575 1609 4637 qnid

289 4646 455 4709 4444444444
471 4659 488 4695 a
506 4671 532 4684 -
553 4646 578 4695 i.
595 4645 682 4704 4444444
698 4659 728 4704 a,
745 4645 866 4705 etsist:
884 4657 968 4696 som.
986 4644 1027 4705 b¹;
1044 4645 1105 4697 lort.
1122 4659 1156 4696 44
1170 4647 1220 4696 tisis
1237 4672 1265 4684 ·-
1281 4646 1496 4710 14444444444444444
1511 4648 1565 4699 mei
1581 4650 1611 4699 44

291 4718 1638 4784 0444444444444444444-8444444444444-4414444-444444414444444444-4444444,’

291 4790 320 4841 b¹
338 4818 366 4828 -
385 4792 426 4844 43.
441 4794 517 4856 {soit
533 4795 581 4844 4-
600 4801 623 4846 ts
638 4808 693 4846 om.
710 4795 719 4844 i
734 4822 768 4832 -
783 4796 828 4845 4444
843 4796 867 4855 4,
885 4793 944 4845 4444.
963 4808 996 4859 er
1012 4796 1105 4845 4444-
1121 4795 1161 4846 48.
1178 4795 1256 4845 444444
1272 4793 1342 4854 bti;
1360 4795 1419 4846 soli'
1435 4808 1492 4846 a·
1512 4797 1553 4849 49.
1569 4809 1609 4847 44-

291 4868 356 4933 4444]
367 4881 424 4918 cion
441 4871 451 4917 4
469 4894 496 4906 -
514 4869 700 4932 44414444444444
718 4897 746 4907 -
764 4871 805 4921 20.
816 4869 898 4933 modo]
909 4875 1017 4933 ternpore
1028 4871 1040 4920 t
1051 4897 1078 4908 -
1096 4871 1139 4920 24.
1157 4869 1386 4932 appeliubntisvar.
1399 4871 1466 4920 lunt.
1479 4871 1507 4920 44
1517 4883 1609 4935 margo

292 4943 378 4993 Crat:
397 4943 528 5005 appellatis
544 4943 622 4995 codd.
641 4946 739 4995 noti-
753 4945 795 4994 44.
813 4949 927 4995 sonuum
940 4946 1024 5008 potius
1039 4947 1050 4995 4
1068 4972 1095 4984 ·-
1113 4945 1266 5009 appellarem
1281 4959 1342 4997 a-
1358 4944 1400 4995 23.
1418 4950 1453 4996 444
1469 4950 1534 4996 totas
1549 4960 1610 4996 con·

291 5015 435 5077 44444444);
459 5019 920 5072 4444444-44444444444444440
940 5018 1144 5071 -4444444444
1164 5022 1191 5070 t:
1214 5018 1374 5070 4444444444)
1397 5018 1611 5082 (4444444444

290 5092 457 5154 4444444.);
474 5094 654 5153 scorbario:
673 5095 707 5146 44.
725 5108 752 5160 p.
770 5096 855 5145 Sestio
872 5094 887 5157 5
904 5093 945 5145 33.
966 5120 993 5131 -
1015 5095 1111 5157 aliquid
1127 5107 1153 5146 44
1168 5097 1193 5152 4;
1210 5109 1237 5146 44
1253 5108 1307 5145 om.
1326 5107 1342 5144 4
1361 5121 1388 5131 -
1406 5095 1448 5147 25.
1462 5096 1611 5159 philadelfus

292 5167 446 5225 decoriari:
465 5168 498 5218 44.
518 5180 556 5218 44.
575 5169 620 5229 xl,
639 5167 654 5232 5
673 5168 712 5220 44.
732 5195 760 5205 -
783 5170 824 5220 26.
841 5168 937 5218 4444444444
954 5171 980 5227 4;
1004 5175 1029 5219 44
1044 5167 1167 5219 4444444444)
1187 5195 1214 5205 -
1232 5170 1329 5219 omos:
1345 5167 1405 5243 nbi
1413 5172 1433 5220 t.
1451 5169 1610 5222 «verissime

293 5241 445 5291 Schuetzius
462 5254 573 5303 norom.
602 5242 662 5293 list:
685 5244 781 5307 inquo
798 5242 904 5294 bomine
921 5244 1062 5307 quinquies
1079 5258 1095 5295 a
1111 5257 1155 5295 me
1172 5243 1296 5306 delenso,
1320 5242 1435 5295 velutin
1450 5239 1569 5316 κωρύκῳ
1586 5257 1610 5296 4.

293 5311 352 5364 44444
369 5326 449 5364 arena
465 5315 568 5381 repleto
584 5319 655 5368 44444
672 5330 735 5368 4444
751 5316 878 5380 athletae,
900 5319 938 5369 sic
956 5331 1005 5381 ego
1022 5318 1103 5369 444444
1120 5321 1148 5368 44
1163 5331 1257 5369 rocem
1275 5319 1407 5370 exercui.»
1424 5318 1525 5369 ommi.
1543 5317 1610 5370 Edd.

293 5390 395 5454 priores
416 5389 484 5442 male
505 5392 605 5443 Corios:
625 5390 668 5443 vel
690 5394 717 5445 C.
736 5394 831 5444 0444444.
862 5391 899 5443 Cl.
919 5391 953 5442 de
974 5390 1034 5443 loco
1056 5393 1136 5444 etism
1153 5394 1226 5444 liavii
1242 5405 1299 5444 var.
1316 5391 1388 5444 lectt.
1405 5392 1441 5454 ll,
1459 5403 1486 5455 p.
1506 5393 1562 5443 4444.
1582 5419 1610 5429 -

293 5478 350 5514 msc
371 5468 382 5514 4
400 5492 427 5502 -
453 5466 495 5516 ii.
512 5467 690 5529 1444444444
710 5467 832 5519 4444444444
852 5468 877 5527 4;
903 5481 946 5518 vr.
966 5468 1050 5530 (4444.
1072 5469 1159 5520 credit.
1182 5473 1305 5531 suspecta
1328 5469 1405 5519 erant
1424 5466 1563 5516 Garatonio
1585 5467 1613 5516 44

294 5541 357 5590 item
374 5539 454 5591 Ravio
470 5538 487 5589 1.
500 5553 524 5591 c.
544 5555 576 5592 sc
592 5554 656 5592 sane
673 5540 776 5605 glossae
793 5543 911 5607 speciem
927 5541 1036 5593 babent.
1050 5570 1078 5580 -
1096 5545 1240 5606 4444444444
1255 5545 1285 5606 0.
1297 5543 1323 5592 i:
1341 5543 1461 5605 diemque
1476 5540 1538 5591 abt
1554 5540 1612 5604 (sed

295 5612 358 5663 hex
370 5614 450 5676 corr.)
468 5639 495 5650 -
514 5616 589 5666 4444444
605 5618 658 5668 mei
678 5643 705 5653 -
724 5618 765 5669 28.
782 5619 869 5669 444444
884 5616 903 5667 b
921 5641 948 5653 —
967 5617 1043 5668 444444
1058 5616 1093 5667 bi
1111 5644 1139 5655 -
1161 5619 1251 5669 4444444
1266 5631 1339 5681 quern
1355 5617 1398 5669 cd.
1410 5620 1519 5669 Ascens.
1533 5615 1609 5667 ibit:

296 5688 1003 5755 sumqqucmbunrissqtmcrisaquosan
1027 5691 1612 5757 cl.or.v111,stt.-ae.sstctonsnti

293 5761 512 5897 Ρ-αωᾶαὸοὸαἱδίι
532 5764 675 5827 uidebat:
698 5767 849 5820 44444444-
870 5766 1271 5830 omnnpuottcnisrrarim:
1295 5765 1504 5831 crsipsbicirl3
1529 5765 1612 5816 444444

353 5837 389 5890 444
404 5851 420 5889 4
454 5839 471 5889 i.
1257 5831 1262 5845 ¹
