3800 7350
303 1179 366 1247 su
633 1139 638 1143 ⁴
725 1179 1200 1249 onanornor.snsr1o

304 1356 443 1420 tissimus
464 1359 560 1437 poeta
581 1372 638 1437 pro
661 1373 729 1427 me3
758 1353 823 1435 egit
850 1351 1039 1417 fortissimus
1061 1357 1163 1425 actor,
1193 1369 1258 1413 non
1281 1348 1384 1412 solum
1406 1349 1560 1431 optimus,
1589 1349 1629 1412 dc

304 1467 369 1524 me,
392 1469 461 1512 cum
484 1466 596 1509 omnes
617 1445 744 1509 ordines
766 1446 1013 1521 demonstraret,
1036 1452 1191 1518 senatum,
1213 1443 1337 1527 equites
1358 1444 1535 1517 Romanos,
1557 1443 1631 1506 uni-

304 1561 428 1606 versum
449 1539 603 1624 populum
625 1540 802 1602 Romanurn
823 1546 1003 1602 accusaret:

515 1633 687 1696 «Exsulara
710 1633 831 1707 sinitis,
853 1633 938 1696 sistis
960 1632 1053 1715 palli,
1075 1632 1201 1715 pulsum
1222 1632 1397 1716 patimini.»

279 1730 394 1806 oQuaa
416 1735 481 1791 tum
504 1724 691 1809 significatio
714 1725 810 1790 fuerit
830 1728 988 1800 omnium,
1011 1746 1094 1810 quac
1117 1725 1288 1789 declaratio
1305 1725 1477 1789 voluntatis
1498 1726 1538 1789 ab
1561 1726 1632 1789 uni-

302 1842 394 1887 verso
415 1820 534 1906 populo
556 1821 699 1883 Romano
720 1820 754 1882 in
776 1839 872 1884 causa
892 1819 1031 1883 bominis
1053 1839 1117 1882 non
1140 1820 1316 1905 popularis,
1348 1818 1498 1903 equidem
1521 1819 1631 1885 audie-

301 1918 392 1991 bam,
414 1914 595 1978 existimarc
616 1913 743 1977 facilius
765 1920 900 1997 possunt
921 1914 977 1997 qui
1000 1912 1178 1977 adfuerunt.

386 2008 495 2072 LVlll.
510 2002 582 2069 ⁴23.
603 2008 645 2069 nt
666 2006 816 2091 quoniam
830 2007 893 2069 buc
908 2026 959 2070 me
978 2008 1125 2089 provexit
1139 2008 1255 2082 oratio,
1276 2006 1389 2071 histrio
1404 2029 1511 2073 casum
1525 2027 1629 2071 meum

302 2106 418 2169 toticns
440 2100 680 2174 collacrimavit,
703 2120 775 2163 cum
796 2093 841 2163 sta
864 2100 1010 2164 dolenter
1030 2109 1138 2184 ageret
1152 2122 1278 2166 causam
1294 2122 1414 2177 meam,
1437 2112 1472 2165 ut
1487 2122 1548 2165 vox
1563 2102 1630 2164 eius

266 2209 293 2256 so
302 2198 356 2261 illa
377 2195 539 2278 praeclara
560 2194 698 2257 lacrimis
720 2194 943 2276 impediretur;
973 2213 1079 2277 neque
1101 2201 1233 2278 potitae,
1264 2216 1401 2278 quorum
1424 2215 1483 2278 ego
1505 2213 1632 2278 semper

302 2291 430 2373 ingenia
458 2288 573 2362 dilexi,
604 2287 738 2369 tempori
766 2307 837 2351 meo
868 2287 1052 2362 defuerunt;
1085 2308 1186 2372 eaque
1217 2289 1354 2373 populus
1383 2292 1543 2353 Romanus
1564 2307 1629 2351 non

302 2385 405 2448 solum
432 2383 562 2465 plausu,
594 2379 650 2444 scd
679 2381 774 2444 etiam
803 2382 923 2463 gemitu
952 2401 1011 2445 sno
1040 2383 1273 2465 comprobarit:
1302 2391 1407 2446 utrum
1434 2384 1530 2466 igitur
1550 2382 1630 2445 haec

301 2481 461 2560 Aesopum
484 2476 591 2559 potius
612 2496 669 2559 pro
691 2495 740 2539 me
763 2483 818 2539 aut
831 2476 950 2538 Attium
972 2473 1077 2538 dicere
1092 2476 1248 2559 oportuit,
1271 2478 1298 2540 si
1313 2476 1453 2559 populus
1469 2478 1629 2539 Romanus

302 2571 383 2634 liber
404 2577 500 2644 esset,
522 2589 562 2632 au
585 2570 746 2652 principes
768 2568 926 2632 civitatis?
951 2567 1144 2631 Nominatim
1167 2589 1236 2631 sum
1258 2569 1435 2653 appellatus
1458 2569 1491 2631 in
1514 2570 1630 2631 Bruto:

265 2678 294 2725 ta
537 2662 698 2735 «Tullius,
721 2661 777 2745 qui
799 2661 975 2724 libertatem
998 2661 1121 2724 civibus
1143 2662 1364 2725 stabiliverat»

301 2757 428 2821 lliliens
456 2764 635 2820 revocatum
665 2762 722 2818 est.
761 2756 917 2819 Parumne
945 2753 1111 2818 videbatur
1139 2756 1276 2839 populus
1298 2758 1459 2819 llomanus
1481 2755 1630 2828 iudicare,

302 2851 334 2916 id
356 2869 375 2913 a
396 2871 446 2915 ma
468 2858 500 2913 et
520 2869 540 2913 a
561 2857 671 2913 senatu
694 2869 764 2912 csse
785 2848 1006 2922 constitutum,
1035 2848 1121 2931 quod
1149 2849 1264 2932 perditi
1286 2848 1371 2912 cives
1393 2849 1551 2914 sublatum
1573 2869 1632 2933 per

302 2963 362 3007 nos
393 2943 664 3007 criminabantur?
700 2937 772 3005 lul.
794 2943 967 3005 Maximum
996 2962 1071 3005 vcro
1099 2942 1211 3026 populi
1232 2943 1365 3005 Romani
1387 2942 1537 3007 iudicium
1559 2945 1631 3006 uni-

302 3037 386 3103 rsrsi
415 3055 567 3100 consessu
595 3035 784 3117 gladiatorio
807 3034 999 3098 declaratum
1020 3044 1079 3099 est.
1122 3037 1198 3099 llrat
1218 3036 1301 3099 enim
1325 3056 1441 3100 munus
1460 3037 1631 3120 Scipionis,

265 3130 434 3213 aodignum
456 3137 489 3193 et
509 3149 549 3193 eo
571 3130 642 3216 ipso
663 3128 771 3192 atillo
794 3129 833 3204 Q.
852 3128 1000 3203 Metello,
1022 3128 1072 3191 cni
1095 3127 1238 3192 dabatur.
1273 3129 1307 3192 ld
1330 3137 1434 3193 autem
1457 3130 1629 3215 spectaculi

303 3245 404 3308 genus
425 3233 508 3300 erut,
531 3223 620 3307 quod
641 3222 727 3285 omni
748 3222 928 3307 frequentia
949 3231 1044 3306 atque
1067 3221 1154 3285 omni
1175 3240 1291 3304 genere
1311 3224 1476 3288 hominum
1491 3223 1631 3288 celebra·

304 3328 371 3394 tur,
397 3338 462 3403 quo
489 3316 660 3382 multitudo
689 3317 825 3379 maxime
854 3316 1035 3380 delectatur.
1072 3318 1108 3378 In
1138 3314 1223 3380 bunc
1244 3336 1429 3380 consessum
1452 3318 1486 3380 P.
1509 3317 1630 3380 Sestius

236 3406 239 3409 ⁴
304 3413 449 3476 tribunus
471 3411 525 3496 pl.,
547 3429 618 3473 cum
640 3417 748 3492 ageret
769 3410 848 3474 nibil
869 3410 956 3474 alind
980 3411 1013 3472 in
1031 3430 1070 3473 eo
1085 3410 1269 3492 magistratu
1291 3410 1353 3475 nisi
1375 3429 1478 3475 meam
1493 3429 1630 3485 causam,

304 3506 392 3569 venit
419 3512 451 3568 et
479 3525 514 3567 se
542 3502 662 3587 populo
683 3501 789 3577 dedit,
818 3524 882 3566 non
909 3503 1039 3587 plausus
1068 3502 1258 3587 cupiditate,
1292 3503 1348 3568 sed
1370 3511 1406 3568 ut
1425 3504 1488 3588 ipsi
1509 3504 1630 3568 inimici

266 3600 404 3665 asnostri
424 3598 617 3661 voluntatem
638 3596 779 3664 universi
800 3596 911 3681 populi
934 3597 1087 3660 viderant
1125 3598 1237 3671 Venit,
1259 3606 1296 3661 ut
1316 3597 1420 3673 scitis,
1443 3618 1463 3662 a
1483 3599 1631 3661 columna

304 3693 440 3758 Maenia.
479 3694 600 3754 Tantus
628 3699 676 3753 est
704 3711 745 3754 ex
775 3692 922 3754 omnibus
943 3691 1133 3774 spectaculis
1155 3711 1257 3775 usquc
1279 3712 1298 3756 a
1320 3692 1495 3777 Capitolio,
1523 3700 1631 3756 tantus

304 3805 345 3850 ex
377 3786 436 3849 iori
466 3784 617 3849 cancellis
645 3784 777 3866 plausus
805 3786 974 3859 excitatus,
1007 3792 1043 3848 ut
1070 3804 1242 3869 numquam
1266 3786 1365 3848 maior
1386 3786 1555 3850 consensio
1576 3793 1632 3849 aut

304 3881 445 3964 apertior
464 3879 574 3963 populi
596 3879 728 3942 Romani
750 3879 890 3943 universi
913 3877 1012 3941 fuisse
1033 3878 1097 3942 ulla
1119 3879 1151 3941 in
1170 3898 1265 3943 cansa
1280 3878 1446 3944 diceretur.
1483 3877 1557 3949 425.
1571 3880 1631 3944 ilbi

304 3982 394 4038 crant
415 3981 482 4037 tum
502 3972 548 4035 illi
570 3973 753 4036 contionum
767 3973 999 4046 moderatores,
1021 3972 1126 4055 legum
1141 3973 1272 4047 domini,
1293 3974 1408 4038 civium
1424 3975 1631 4059 expulsores?

267 4068 426 4134 acaliusna
456 4075 504 4132 ast
532 4067 649 4149 aliquis
670 4066 822 4152 improbis
844 4066 966 4131 civibus
987 4067 1157 4148 peculiaris
1178 4067 1333 4150 populus,
1363 4068 1414 4132 cni
1436 4088 1495 4131 nos
1518 4067 1630 4131 odensi

371 4379 395 4428 4,
413 4390 461 4439 pro
476 4390 505 4427 rc
521 4378 589 4428 coni.
608 4376 753 4440 Madvigius
770 4392 796 4442 p.
815 4377 875 4437 497,
897 4392 945 4440 pro
964 4379 1092 4429 Telamona
1109 4379 1199 4440 (immo
1217 4378 1247 4427 dc
1264 4378 1322 4440 lsi.)
1340 4378 1409 4429 ocni.
1428 4376 1520 4428 lamb.
1546 4379 1632 4429 Aluit

306 4452 375 4513 Cic,
394 4455 423 4503 ut
439 4453 566 4504 Wesenb.
585 4467 611 4517 p.
627 4454 659 4503 53
677 4454 749 4503 recte
767 4454 953 4519 interpretatus
971 4457 1026 4504 est:
1046 4453 1122 4513 illud,
1142 4452 1213 4517 quod
1231 4454 1309 4517 poeta
1326 4465 1379 4503 non
1396 4453 1426 4503 dc
1442 4465 1499 4513 mc,
1519 4452 1568 4504 sed
1581 4467 1632 4516 pro

305 4540 350 4578 sne
365 4529 475 4591 scripsit,
495 4530 569 4578 actor
586 4529 620 4576 ita
637 4528 695 4591 cpit,
714 4528 743 4576 nt
754 4527 834 4577 ctiam
846 4528 876 4576 do
885 4541 925 4577 mc
935 4530 1055 4591 scriplum
1067 4528 1228 4578 videretur.»
1248 4527 1286 4578 Ci.
1301 4528 1381 4578 etiam
1392 4527 1471 4578 lacob
1488 4541 1515 4593 p.
1528 4529 1585 4580 720.
1602 4554 1628 4566 -

305 4607 394 4652 cactos
410 4605 431 4653 G
449 4629 477 4640 ·-
495 4609 610 4666 opimus
625 4605 644 4653 P
663 4628 689 4637 -
709 4602 734 4652 Ξ.
752 4603 948 4652 commearent
967 4601 1022 4663 (litt.
1035 4618 1052 4653 o
1063 4607 1124 4653 ante
1141 4607 1151 4652 4
1168 4604 1308 4667 expuncta)
1326 4605 1386 4653 P-
1405 4601 1429 4653 l.
1447 4604 1552 4654 murs
1568 4606 1588 4656 P
1602 4633 1629 4642 —

303 4676 385 4733 §sitis
399 4675 459 4727 bd:
477 4677 608 4728 dniuPG
622 4702 649 4712 -
667 4675 742 4726 siisiis
757 4678 846 4727 PG-
865 4676 921 4727 belii
937 4678 999 4727 G-
1015 4678 1145 4740 patasini
1161 4679 1222 4727 P-
1241 4676 1411 4727 6.cudisbom
1427 4677 1470 4729 bc
1488 4678 1631 4743 (cilladv.

307 4763 333 4816 p.
351 4744 423 4814 stite
437 4750 581 4801 'meloni'
599 4752 630 4810 Ρ,
654 4749 815 4801 audiebamus
831 4752 865 4810 G;
887 4751 926 4802 sic
944 4754 987 4802 est
1002 4750 1017 4815 S
1033 4752 1066 4803 58
1082 4752 1108 4803 ln
1126 4755 1145 4803 P
1162 4752 1273 4801 dicamus
1289 4753 1446 4815 prodioom.
1467 4779 1494 4787 -
1513 4753 1538 4803 7.
1556 4754 1634 4804 cesti·

305 4837 378 4875 mors
394 4824 453 4875 cod.
473 4826 566 4877 Ursini.
587 4850 613 4860 -
633 4826 658 4876 8.
676 4825 724 4875 buc
738 4838 781 4876 oss
795 4827 857 4875 PG:
874 4839 915 4877 ms
930 4826 977 4876 buc
993 4826 1041 4878 bo
1061 4854 1087 4862 —
1107 4828 1131 4878 9.
1150 4828 1237 4877 totiens
1254 4829 1286 4878 P:
1306 4827 1376 4878 tolles
1392 4828 1443 4878 60
1456 4854 1483 4865 -
1502 4829 1634 4879 conlocau-

305 4900 387 4951 mosit
401 4902 434 4958 P;
451 4897 654 4951 cwsiccsiosmsd
665 4901 686 4950 G
698 4925 725 4937 -
746 4900 785 4950 lii.
800 4904 876 4963 posto
887 4900 942 4963 (sic)
956 4915 1063 4963 quoium
1079 4916 1138 4967 erpo
1154 4915 1250 4965 suaper
1265 4902 1367 4967 inparia
1383 4901 1460 4952 susci
1475 4898 1558 4952 habet
1568 4905 1591 4954 Δ
1602 4928 1630 4939 -

307 4973 347 5026 ld.
360 4974 493 5038 aesopiam
508 4976 528 5025 P
543 5002 569 5012 -
586 4975 687 5025 docimo
702 4974 780 5026 PGO
794 5001 821 5011 -
841 4973 881 5025 tl.
898 4976 1047 5027 nominatim
1062 4990 1135 5027 mom
1147 4976 1203 5040 (sic)
1215 4977 1340 5027 --Biulo
1351 4975 1463 5027 babela
1479 5001 1506 5011 -
1526 4975 1566 5026 46.
1578 4978 1634 5027 mil·

306 5049 368 5100 issu
385 5051 416 5110 P,
433 5050 512 5100 milbs
528 5052 563 5110 G,
585 5049 710 5100 miduso
729 5075 755 5083 -
774 5050 868 5099 Pomm
881 5063 1006 5112 parumne
1022 5054 1042 5101 G
1062 5079 1088 5087 -
1110 5052 1218 5116 populus
1234 5054 1277 5102 llo.
1297 5051 1453 5103 Lambinus:
1482 5053 1517 5102 .P.
1537 5053 1565 5102 a.
1585 5054 1633 5103 PG

308 5124 356 5187 (slc
371 5126 484 5189 uterque
501 5124 562 5175 cod.
580 5124 738 5191 plerumque
761 5137 811 5190 per
831 5139 925 5177 omnes
947 5128 1049 5188 casus);
1073 5127 1193 5190 popuiam
1208 5127 1238 5177 lt.
1257 5125 1318 5177 edd.
1337 5129 1398 5177 ante
1415 5126 1583 5177 Lambinum.
1604 5153 1631 5163 -

308 5199 349 5250 48.
366 5199 507 5248 monium
527 5201 576 5250 PG
597 5199 639 5263 (cl.
657 5199 785 5251 Wesenb.
804 5213 830 5265 p.
849 5201 905 5264 ⁶7l²
932 5202 1045 5252 muciano
1067 5204 1125 5262 co,
1147 5201 1219 5266 quod
1236 5202 1354 5266 praefert
1370 5202 1539 5254 Hermannus
1555 5214 1583 5268 p.
1602 5202 1630 5252 9:

309 5275 433 5338 «uam,
453 5279 539 5333 tuom.
563 5276 679 5326 mosano
697 5276 793 5325 iudicia
814 5274 865 5325 dici
887 5290 967 5327 nemo
987 5278 1102 5339 ignorct;
1127 5290 1198 5328 nunc
1214 5279 1303 5328 tamen
1320 5275 1425 5341 pondus
1442 5277 1588 5327 sententiaa
1605 5279 1633 5328 in

307 5349 416 5400 usim
435 5349 517 5410 inest,
536 5351 608 5415 quod
630 5352 728 5402 misere
750 5349 901 5414 langueret,
925 5352 947 5403 sl
968 5353 1089 5403 iudiciuos
1105 5365 1212 5417 quoque
1229 5352 1322 5416 insigni
1339 5350 1465 5402 attributo
1483 5349 1633 5413 praeditum

308 5427 393 5486 Μ,
410 5425 452 5476 sin
467 5425 580 5476 mouisse
595 5423 704 5489 legeris,
722 5437 801 5476 suum
818 5426 915 5490 cuique
931 5427 1037 5491 pondus
1048 5427 1205 5479 constabit.»
1219 5455 1247 5466 -
1265 5428 1375 5478 amicari
1390 5427 1560 5477 Schuetzlus:
1577 5427 1633 5477 sisi·

306 5512 378 5553 urso
388 5499 478 5561 codd,
496 5513 576 5564 quam
588 5498 729 5551 lectionem
741 5500 860 5553 defendit
870 5501 1016 5564 Seyffertua
1028 5514 1054 5566 p.
1068 5503 1113 5562 65;
1132 5506 1159 5554 ai
1168 5516 1194 5553 v.
1208 5503 1276 5554 inire
1285 5516 1312 5553 v.
1324 5502 1356 5553 25
1369 5504 1396 5552 et
1407 5514 1433 5566 p.
1446 5501 1504 5560 9444,
1515 5499 1570 5552 4.-
1590 5500 1631 5552 lt.

307 5574 1631 5638 ommno-sroc·-dccccornubecs-o1ssamcn-2o.scoonzconscisco

310 5673 338 5687 ·-
352 5652 382 5714 Q.
400 5651 488 5700 omn
505 5651 589 5710 mota,
608 5652 637 5700 ni
654 5653 746 5701 conset
761 5649 847 5702 lladv.
861 5663 888 5715 p.
901 5650 959 5703 isa.
975 5674 1003 5688 -
1021 5653 1081 5714 mcci
1097 5649 1155 5704 446ι
1174 5679 1201 5690 ·-
1219 5652 1261 5705 22.
1279 5665 1422 5703 conanum
1440 5654 1484 5704 ,44.
1503 5654 1530 5704 P.
1547 5653 1634 5705 mbas

308 5726 358 5776 PG
375 5722 433 5789 (sed
449 5725 476 5775 in
492 5726 512 5775 P
527 5726 620 5775 vetere
635 5737 717 5775 mann
733 5737 871 5776 commen
888 5738 968 5788 corr..
986 5727 1013 5776 lo
1030 5727 1051 5776 G
1066 5728 1103 5779 Π.
1121 5729 1246 5793 punctata
1262 5728 1311 5791 est)
1330 5753 1356 5762 —
1375 5726 1417 5778 il.
1434 5728 1502 5777 ussit
1516 5733 1541 5779 cs
1555 5741 1582 5779 se
1597 5729 1630 5778 P:

213 5820 217 5829 ·
308 5801 506 5863 spimsu-
524 5798 1155 5864 so.ssscaop)cclmmcunsbeta-
1174 5800 1632 5854 ocolmoocilocoiopdmdoo-

308 5873 624 5931 mamonae.
642 5873 681 5928 Gi.
692 5874 782 5929 iacob.
794 5888 822 5943 p.
833 5875 876 5928 rat
891 5878 1021 5932 cillerm.
1033 5889 1060 5945 p.
1071 5877 1112 5930 44.
1124 5902 1150 5917 -
1165 5878 1206 5931 Yl.
1219 5874 1413 5931 coumtoP'-
1426 5874 1468 5927 30.
1479 5873 1630 5940 inprouisa
