3800 7350
350 1136 414 1203 960
774 1137 926 1202 enisio
947 1136 1027 1202 PRO
1049 1138 1083 1201 P.
1106 1136 1248 1203 SESTIO

350 1309 483 1373 sissimis
505 1306 626 1371 sicariis
648 1314 681 1372 et
701 1327 721 1370 a
742 1308 842 1371 servis
864 1326 933 1371 esse
956 1328 1138 1391 oppressam
1164 1314 1260 1390 atque
1276 1309 1489 1373 conculcatam
1503 1312 1673 1377 videretis?

352 1404 446 1467 Cuius
468 1401 563 1485 igitur
585 1409 717 1464 mortem
738 1401 989 1476 ulcisceremini,
1012 1402 1039 1465 si
1058 1401 1190 1485 ⁸quidem
1213 1401 1302 1464 liberi
1325 1421 1395 1466 esse
1416 1411 1447 1465 et
1468 1402 1583 1469 habere
1606 1427 1672 1471 rem

351 1496 509 1580 publicam
536 1495 732 1579 cogitaretis,
760 1496 799 1559 de
821 1496 889 1559 eius
911 1494 1026 1557 virtute
1048 1496 1111 1559 vivi
1133 1494 1209 1578 quid
1232 1514 1289 1558 vos
1310 1494 1417 1578 loqui,
1447 1499 1521 1578 quid
1544 1503 1672 1575 sentire,

350 1590 428 1674 quid
449 1590 604 1674 cogitare,
627 1590 702 1672 quid
725 1589 866 1652 iudicare
889 1596 1051 1674 oporteat,
1073 1588 1280 1652 dubitandum
1303 1591 1441 1672 putatis?
1478 1588 1529 1653 82.
1542 1596 1582 1657 At
1597 1616 1671 1660 vero

325 1686 409 1766 sipsi
431 1684 477 1747 illi
499 1683 690 1766 parricidae,
721 1702 857 1765 quorum
888 1683 1058 1746 effrenatus
1079 1681 1168 1746 furor
1189 1682 1283 1745 alitur
1304 1682 1491 1765 impunitate
1514 1683 1671 1763 diuturna,

349 1779 429 1842 adeo
444 1780 507 1843 viru
528 1776 677 1841 facinoris
700 1777 748 1839 sui
771 1775 1030 1860 perhorruerant,
1052 1783 1103 1849 ut,
1125 1776 1152 1838 si
1174 1774 1270 1859 paulo
1294 1776 1419 1859 longior
1433 1778 1543 1860 opinio
1564 1783 1670 1846 mortis

350 1872 443 1935 Sestii
464 1871 592 1945 fuisset,
620 1869 793 1933 Gracchum
820 1868 909 1932 illum
937 1889 1029 1932 suum
1051 1867 1260 1933 transferendi
1282 1870 1314 1932 in
1337 1890 1394 1933 nos
1417 1871 1555 1936 criminis
1577 1893 1670 1939 causa

349 1966 493 2030 occidere
515 1964 692 2047 cogitarint.
725 1962 830 2025 Sensit
850 1962 1021 2025 rusticulus
1042 1982 1108 2025 non
1129 1962 1273 2025 incautus
1295 1959 1411 2046 (neque
1427 1965 1510 2028 enim
1528 1965 1671 2030 bomines

348 2080 484 2142 nequam
512 2067 616 2123 tacere
645 2052 841 2140 potuerunt),
874 2075 965 2118 suum
995 2055 1180 2137 sanguinem
1209 2058 1318 2140 quaeri
1346 2054 1387 2120 ad
1416 2057 1671 2143 restinguendam

311 2153 499 2216 soinvidiam
521 2152 669 2215 facinoris
692 2149 856 2214 Clodiani:
879 2148 1063 2212 mulioniam
1085 2148 1253 2232 paenulam
1272 2152 1422 2234 arripuit,
1444 2172 1515 2215 cum
1530 2173 1594 2237 qua
1607 2154 1673 2236 pri·
1716 2211 1724 2226 ,

348 2267 433 2311 mum
455 2248 586 2311 Romam
607 2243 647 2308 ad
669 2244 796 2307 comitia
810 2251 957 2307 venerat:
981 2243 1133 2306 messoria
1147 2263 1181 2305 se
1197 2244 1291 2307 corbe
1307 2247 1456 2309 contexit.
1483 2246 1561 2310 Cum
1576 2267 1671 2330 quae-

347 2348 457 2403 rerent
481 2340 536 2403 alii
564 2339 766 2412 Numerium,
795 2336 850 2399 alii
879 2337 1060 2412 Quintium,
1093 2337 1211 2419 gemini
1241 2339 1378 2402 nominis
1401 2359 1507 2403 errore
1529 2349 1671 2404 servatus

348 2444 405 2499 est.
445 2436 547 2518 Atque
575 2432 636 2496 boc
665 2431 751 2495 scitis
780 2450 906 2504 omnes,
936 2450 1040 2512 usque
1061 2430 1142 2493 adeo
1163 2430 1323 2494 hominem
1346 2432 1379 2495 in
1401 2434 1541 2516 periculo
1562 2433 1671 2509 fuisse,

349 2524 454 2612 quoad
476 2528 589 2590 scitum
611 2532 660 2589 est
682 2525 817 2588 Sestium
839 2524 955 2586 vivere.
989 2522 1083 2597 Quod
1105 2523 1139 2586 ni
1161 2532 1246 2587 esset
1266 2526 1455 2609 patefactum
1469 2528 1563 2609 paulo
1578 2528 1670 2591 citius

310 2635 338 2681 45
348 2640 442 2704 quam
465 2619 595 2696 vellem,
625 2639 689 2682 non
718 2618 763 2681 illi
787 2618 914 2701 quidem
937 2625 1038 2680 morte
1060 2618 1265 2681 mercennarii
1288 2619 1337 2681 sui
1360 2619 1528 2683 transferre
1550 2622 1671 2704 potuis-

347 2723 418 2778 sent
438 2713 587 2779 invidiam
610 2714 643 2776 in
664 2731 746 2796 quos
766 2709 935 2794 putabant,
958 2710 1014 2774 sed
1036 2710 1230 2775 acerbissimi
1252 2712 1379 2777 sceleris
1400 2711 1561 2778 infamiam
1582 2722 1670 2798 grato

347 2807 485 2892 quodam
501 2808 619 2871 scelere
634 2806 832 2869 minuissent.
867 2801 918 2867 83.
941 2805 987 2867 Aa
1010 2804 1037 2867 si
1053 2813 1119 2867 tum
1133 2804 1167 2867 Ρ.
1183 2805 1322 2880 Sestius,
1345 2806 1482 2883 iudices,
1505 2807 1670 2891 intemplo

348 2901 485 2965 Castoris
507 2902 660 2975 animm,
684 2919 779 2982 quam
794 2898 849 2961 vix
863 2898 1010 2973 retinuit,
1032 2894 1199 2973 edidisset,
1222 2919 1287 2962 non
1302 2899 1413 2963 dubito
1428 2902 1517 2984 quin,
1532 2900 1669 2966 simodo

347 3003 431 3059 esset
451 2996 485 3059 in
506 3016 540 3059 re
562 2994 689 3078 publica
711 2999 855 3066 senatus,
886 2991 913 3054 si
936 2993 1082 3055 maiestas
1111 2992 1223 3075 populi
1245 2994 1379 3056 Romani
1399 2994 1584 3068 revixisset,
1613 2993 1671 3057 ali·

308 3089 475 3173 aequando
498 3097 601 3153 statua
620 3087 695 3150 huic
718 3086 847 3150 obrem
869 3085 1028 3168 publicam
1051 3083 1215 3150 interfecto
1237 3085 1272 3150 in
1293 3085 1362 3150 loro
1377 3094 1577 3152 statueretur.
1604 3089 1670 3151 Nec

346 3203 422 3248 vero
443 3183 569 3246 illorum
592 3182 775 3263 quisquam,
799 3199 878 3262 quos
901 3199 918 3241 a
941 3177 1113 3242 maioribus
1134 3180 1250 3243 nostris
1272 3189 1371 3244 morte
1394 3181 1479 3245 obita
1500 3181 1623 3265 positos
1636 3181 1669 3244 in

347 3278 401 3340 illo
424 3277 495 3339 loco
517 3283 612 3358 atque
634 3276 667 3337 in
689 3273 798 3337 rostris
821 3273 990 3336 collocatos
1012 3272 1136 3347 videtis,
1160 3281 1244 3336 esset
1261 3273 1294 3335 P.
1311 3274 1415 3338 Sestio
1431 3282 1486 3338 aut
1499 3273 1669 3338 acerbitate

346 3371 457 3434 mortis
478 3376 532 3433 aut
552 3370 658 3433 animo
679 3368 713 3430 in
734 3387 800 3429 rem
822 3365 980 3447 publicam
1001 3367 1342 3450 praeponendust¹qui
1360 3388 1433 3431 curn
1451 3388 1578 3432 causam
1592 3367 1669 3431 civis

347 3463 535 3538 calamitosi,
565 3481 693 3526 causam
724 3459 833 3533 amici,
862 3479 988 3523 eausam
1017 3460 1098 3523 bene
1120 3459 1159 3522 de
1187 3459 1370 3542 republica
1390 3462 1510 3536 meriti,
1541 3480 1668 3525 causam

308 3563 489 3629 absonatus,
511 3574 639 3619 causam
662 3554 788 3627 ltaliae,
810 3573 938 3617 causam
959 3554 1005 3617 rei
1027 3554 1171 3636 publicae
1186 3555 1393 3639 suscepisset,
1415 3576 1548 3639 cumque
1562 3555 1669 3638 auspi·

346 3650 403 3714 ciis
425 3648 636 3734 religionique
658 3667 773 3732 parens
796 3648 1011 3722 obnuntiaret,
1033 3648 1119 3732 quod
1141 3657 1301 3724 senserat,
1323 3648 1392 3713 luce
1414 3649 1517 3734 palam
1538 3670 1558 3715 a
1580 3649 1667 3714 nela-

345 3745 399 3807 riis
421 3743 565 3826 pestibus
585 3745 619 3806 in
641 3743 772 3820 deorum
787 3742 1016 3826 hominumque
1032 3752 1203 3826 conspectu
1219 3753 1303 3807 esset
1319 3744 1452 3819 occisus,
1468 3744 1666 3809 sanctissimo

344 3836 534 3920 intemplo,
557 3837 754 3900 sanctissima
774 3838 807 3900 in
830 3856 940 3911 causa,
963 3837 1160 3900 sanctissimo
1183 3836 1215 3898 in
1238 3837 1429 3919 magistratu.
1474 3837 1551 3900 Eius
1572 3837 1668 3920 igitur

344 3932 440 3995 vitam
462 3932 630 4014 quisquam
652 3930 849 4014 spoliandam
871 3930 1064 3993 ornamentis
1087 3949 1156 3994 esse
1177 3928 1276 4005 dicet,
1298 3929 1388 3993 cuius
1407 3938 1539 3994 mortem
1553 3949 1668 3994 ornan·

306 4024 417 4090 eadam
439 4033 643 4088 monumento
666 4025 856 4107 sempiterno
878 4023 1054 4105 putaretis?

428 4119 576 4182 XXXIX.
598 4113 650 4180 84.
674 4118 862 4181 «Homines»
886 4116 1007 4200 inquit,
1033 4116 1164 4192 «emisti,
1187 4117 1325 4200 coiigisti,
1349 4117 1493 4201 parastis
1519 4115 1604 4194 Quid
1620 4117 1666 4180 uti

343 4213 484 4278 laceret‘l
506 4220 649 4276 senatum
664 4210 844 4274 obsideret?
867 4210 950 4273 cives
965 4208 1164 4273 indemnatos
1180 4210 1375 4292 expelleret‘l
1397 4211 1479 4275 bona
1494 4211 1666 4293 diriperet?

344 4307 440 4371 aedes
462 4306 668 4370 incenderet?
690 4312 773 4369 tecta
793 4304 1005 4368 disturbaret?
1027 4304 1144 4387 templa
1159 4303 1289 4366 deorum
1306 4303 1528 4368 immortalium
1542 4302 1667 4365 iniiam·

345 4402 465 4464 mureti
486 4400 629 4465 tribunos
650 4400 693 4483 pl.
714 4399 797 4462 ferro
820 4418 838 4462 e
853 4399 963 4462 rastris
978 4398 1174 4481 expelleret?
1196 4397 1374 4480 provincias
1391 4417 1470 4480 quas
1484 4395 1581 4459 vellet
1595 4394 1666 4477 qui·

307 4494 403 4557 abus
426 4493 520 4557 vellet
540 4492 712 4557 venderet?
733 4511 823 4574 reges
845 4490 1040 4574 appellaret?
1063 4510 1168 4552 rerum
1189 4490 1370 4574 capitalium
1391 4491 1616 4555 condemnatos
1631 4489 1664 4553 in

408 4696 433 4745 4.
451 4695 548 4746 damis
564 4709 617 4747 om.
631 4698 652 4746 G
666 4722 693 4731 -
711 4695 881 4765 coacukatam
897 4692 1062 4745 Gulielmius:
1081 4693 1203 4745 occsaltam
1214 4696 1233 4744 P
1243 4695 1278 4753 G;
1296 4699 1445 4758 occupatam
1461 4693 1546 4744 SO-
1565 4692 1665 4743 Atocro

343 4771 374 4820 S:
392 4770 430 4820 Aa
445 4783 504 4820 acro
521 4773 570 4821 PG
589 4798 616 4808 -
634 4773 658 4821 5.
676 4771 724 4834 ipsi
738 4771 776 4820 tili
792 4773 824 4821 P:
844 4770 881 4820 itit
896 4770 943 4832 ipsi
961 4769 1025 4828 GO,
1044 4768 1077 4819 ci.
1096 4769 1181 4821 Madv.
1200 4768 1234 4818 ad
1247 4770 1340 4820 Clade
1355 4770 1427 4820 Pina.
1444 4782 1470 4833 p.
1482 4767 1524 4818 36.
1539 4794 1566 4803 -
1584 4767 1665 4831 ecfra-

342 4849 417 4895 natas
432 4845 505 4908 feror
521 4847 599 4909 (sorar
615 4846 652 4908 P¹l
670 4848 689 4895 P
708 4872 735 4883 -
753 4845 892 4910 inpunitate
908 4845 956 4895 PG
972 4871 1005 4880 —
1022 4845 1046 4894 6.
1061 4845 1260 4907 pertonuerant
1276 4846 1311 4894 G:
1334 4845 1360 4894 in
1379 4848 1398 4896 P
1414 4843 1527 4895 discerni
1545 4855 1597 4892 non
1614 4853 1664 4906 po-

344 4920 408 4981 test,
433 4919 500 4969 sitne
518 4920 716 4980 perterruerant
737 4932 770 4969 an
790 4920 1000 4982 perterruerant,
1019 4920 1092 4983 quod
1108 4919 1251 4984 Madvigius
1267 4933 1294 4984 p.
1312 4919 1361 4972 tta
1378 4918 1506 4985 preelert,
1525 4917 1663 4982 scriptum.

346 5021 373 5031 -
391 4996 416 5046 8.
434 5008 553 5061 graccum
569 4996 630 5044 G-
649 4994 673 5044 9.
689 4999 824 5056 potuerant
839 4994 941 5045 Ernesti
959 4996 1028 5045 coni.
1047 5021 1073 5030 -
1094 4997 1134 5045 46.
1152 4996 1298 5046 multaciam
1314 4998 1347 5046 S:
1366 4993 1513 5046 multoniam
1529 4992 1592 5049 PG;
1610 5004 1665 5041 mu·

341 5069 459 5119 lioaicam
475 5069 494 5119 0
512 5082 574 5121 cum
595 5069 726 5121 Priscieno
748 5071 773 5131 1,
801 5082 826 5133 p.
845 5069 877 5119 86
894 5068 937 5119 ed.
957 5067 1044 5120 lirehl.
1069 5096 1096 5104 -
1120 5069 1258 5133 paenulam
1273 5071 1307 5121 P:
1331 5069 1448 5132 55554545
1465 5066 1515 5118 60
1533 5092 1560 5102 -
1581 5067 1621 5116 44.
1639 5077 1665 5117 sc

341 5144 413 5195 corba
430 5146 449 5196 G
467 5157 536 5194 corr.
555 5156 586 5193 ex
603 5148 638 5194 sot
654 5143 712 5194 orba
723 5169 750 5178 -
763 5145 907 5193 numenium
924 5146 945 5194 G
958 5171 984 5180 -
1005 5145 1044 5195 lt.
1059 5145 1185 5206 Quintium
1196 5146 1254 5195 PG:
1273 5145 1391 5207 05454555
1401 5140 1479 5194 Orelli
1492 5142 1523 5205 (2)
1536 5155 1569 5191 ex
1580 5143 1664 5190 Asco-

341 5221 385 5272 nio
402 5220 437 5272 ad
453 5234 492 5271 or.
510 5220 596 5271 Pison.
616 5220 630 5283 S
648 5219 688 5271 35.
708 5219 749 5282 (ct.
768 5221 848 5270 etiam
864 5217 952 5270 schol.
970 5217 1035 5269 Bob.
1049 5219 1083 5269 ad
1095 5233 1133 5269 or.
1147 5216 1233 5271 Milon.
1248 5232 1272 5270 c.
1287 5220 1337 5283 45.)
1354 5222 1387 5271 At
1399 5234 1423 5270 v.
1437 5220 1466 5269 C.
1480 5217 1507 5268 F.
1520 5217 1664 5268 llermanni

328 5296 430 5358 cepa.
449 5297 479 5346 de
495 5295 547 5345 toco
565 5307 603 5344 or.
622 5295 671 5346 Cic.
686 5309 713 5358 p.
727 5295 806 5345 Sestio
822 5308 844 5344 c.
863 5293 903 5345 33.
923 5294 1066 5356 (Gottingae
1080 5293 1150 5358 4848)
1169 5308 1195 5358 p.
1208 5295 1223 5343 4
1235 5306 1295 5358 sqq.
1310 5320 1336 5332 -
1355 5293 1500 5344 saluatasG
1514 5318 1540 5328 -
1561 5291 1600 5343 44.
1613 5293 1664 5342 554-

340 5376 395 5423 tam
410 5375 445 5422 554
460 5373 491 5422 s:
509 5371 598 5420 5544555
613 5371 646 5418 sit
662 5370 702 5428 lex
719 5370 835 5432 56455554)
853 5370 930 5421 PGO
956 5393 983 5404 -
1010 5369 1037 5417 54
1054 5370 1119 5419 PG:
1145 5370 1193 5419 aisa·
1209 5371 1268 5432 ao,
1293 5368 1362 5421 conl.
1381 5366 1508 5421 Wesenb.
1526 5379 1553 5433 p.
1573 5365 1614 5418 65.
1635 5393 1661 5404 -

341 5448 384 5498 45.
400 5451 505 5497 mortem
521 5446 542 5494 G
558 5470 592 5481 -
610 5444 777 5494 narcaumrti
793 5445 856 5494 PG:
879 5443 1066 5494 macenariio
1089 5469 1115 5480 -
1141 5444 1182 5495 46.
1199 5443 1353 5495 5555456554
1373 5445 1393 5495 P
1410 5468 1438 5479 -·
1463 5443 1504 5494 47.
1522 5447 1575 5494 tusa
1595 5443 1661 5494 PG:

341 5527 400 5573 tuac
416 5523 461 5573 a0
480 5548 508 5559 -
526 5519 567 5571 20.
584 5523 669 5570 statua
685 5516 730 5579 Gt:
747 5523 840 5570 statam
855 5515 914 5571 PG¹
934 5545 961 5554 -
980 5518 1020 5568 55.
1038 5517 1176 5569 reuocatos
1192 5521 1212 5570 P
1231 5545 1258 5555 -
1277 5518 1414 5570 5554544545
1430 5519 1490 5569 P-
1509 5517 1550 5568 23.
1567 5517 1595 5568 45
1609 5530 1663 5569 ram

337 5610 366 5662 p.
384 5597 468 5647 554555
484 5596 502 5645 S
521 5620 548 5631 -
566 5595 608 5646 25.
626 5594 739 5657 otuptttis
754 5596 774 5644 P
792 5620 819 5630 -
837 5594 879 5645 36.
895 5593 985 5656 palam
1000 5606 1018 5641 a
1033 5592 1082 5656 aes.
1096 5594 1126 5642 S:
1142 5590 1206 5655 pald
1219 5591 1324 5656 nqariis
1339 5595 1388 5645 PG
1402 5617 1428 5629 -
1448 5591 1488 5644 34.
1504 5592 1542 5642 ati
1558 5593 1660 5642 Gcorr.

341 5686 378 5723 m.
398 5670 493 5722 eadem
509 5671 536 5720 in
551 5669 616 5732 estq-
631 5696 665 5706 -
681 5668 722 5719 33.
735 5668 854 5732 maara
869 5671 901 5728 P;
916 5667 1052 5731 postaaet
1068 5668 1101 5728 G;
1121 5667 1154 5718 ci.
1171 5667 1206 5718 ad
1223 5680 1249 5732 p.
1261 5668 1319 5730 892,
1331 5665 1373 5720 tl.
1387 5693 1415 5702 -
1433 5668 1496 5718 54545
1511 5668 1560 5719 PG
1573 5692 1600 5702 -
1619 5667 1661 5716 is-

341 5747 443 5798 6555455
457 5749 477 5798 P
495 5770 522 5781 -
543 5744 583 5796 33.
600 5744 670 5796 aeae
685 5747 705 5796 P
722 5768 751 5781 -
769 5742 810 5795 34.
828 5755 842 5797 5
858 5756 911 5795 orn.
930 5745 964 5806 G,
984 5742 1084 5808 [rostris
1100 5744 1120 5794 P
1139 5742 1181 5807 (ex
1197 5742 1328 5808 trequenti
1345 5742 1497 5796 contusione
1514 5741 1661 5794 litterarum

342 5821 366 5872 li
382 5820 453 5885 erip
471 5848 499 5858 -
514 5818 656 5885 5555454655
670 5821 700 5870 P.
