3800 7350
665 1192 858 1257 ADDENDA
878 1192 931 1257 ΕΤ
954 1190 1223 1257 consiiiarius.
1526 1183 1610 1252 itas

288 1361 422 1411 dationem
444 1362 576 1424 4444444444
602 1362 636 1411 ita
657 1359 767 1426 probet,
793 1363 823 1411 ut
843 1361 883 1412 sic
903 1362 994 1410 lamen
1015 1357 1140 1424 supplere
1162 1357 1252 1409 malit:
1277 1359 1308 1409 44
1329 1370 1408 1419 neque
1424 1358 1456 1407 in
1471 1357 1609 1407 dominos

289 1446 420 1506 4444444444
436 1448 487 1494 444.
513 1447 546 1495 st
563 1444 709 1495 verendum
727 1446 768 1496 est
784 1447 814 1495 ut
828 1458 906 1507 444444
922 1445 962 1495 444
979 1446 1052 1495 44444
1068 1442 1172 1494 dicatur
1188 1444 1244 1494 eins
1260 1440 1319 1493 loco
1336 1441 1408 1506 quod
1420 1442 1513 1493 Cicero
1525 1437 1607 1491 solet:

287 1529 319 1579 At
334 1541 365 1578 ne
380 1529 407 1578 in
424 1529 534 1578 44444444
553 1530 652 1591 quidem
668 1543 692 1591 a.

353 1611 368 1675 5
387 1612 442 1662 444.
460 1626 486 1677 p.
506 1613 547 1675 63,
565 1614 589 1663 7.
607 1612 689 1665 scrib.
708 1611 740 1662 ab
757 1613 830 1662 istis
845 1613 996 1675 opprimitur
1013 1611 1063 1675 (ll.)

353 1694 442 1758 5443.
461 1710 487 1760 p.
506 1697 547 1756 63,
566 1698 607 1748 46.
625 1698 748 1759 coeperim
764 1697 831 1747 coni.
851 1698 966 1747 Weiske.

353 1779 368 1841 5
387 1780 442 1828 446.
462 1792 488 1843 p.
507 1779 551 1839 64,
571 1781 610 1831 43.
629 1794 678 1842 quo
694 1781 775 1842 modo]
794 1783 866 1831 recte
878 1781 981 1831 Ernesti
999 1793 1048 1842 qua
1063 1792 1145 1839 more,
1163 1782 1193 1829 ut
1209 1779 1273 1829 item
1289 1790 1317 1842 p.
1329 1776 1388 1838 397,
1399 1777 1432 1827 444
1444 1790 1506 1828 cum
1518 1779 1609 1830 liubo-

287 1863 365 1912 kenia
383 1863 572 1926 corrigendum
589 1867 642 1916 est:
662 1878 711 1927 quo
726 1864 831 1914 mere?
848 1878 897 1928 quo
913 1863 986 1915 iure?
1003 1878 1053 1926 que
1069 1863 1202 1926 4444444444

353 1946 368 2010 5
386 1947 441 1997 449.
461 1960 487 2011 p.
506 1949 547 2009 se,
565 1949 590 1998 6.
608 1950 655 2011 ipsi
672 1947 816 1998 delendum
833 1952 875 1998 cst
891 1961 954 1998 cum
972 1951 992 1998 G
1010 1952 1037 1999 et
1053 1949 1114 2012 Lag.
1132 1949 1173 1999 46.
1186 1973 1214 1984 -
1234 1948 1258 1998 s.
1274 1947 1398 2009 pertinent
1415 1948 1475 2010 Lag.
1489 1947 1530 1997 46.

352 2031 367 2095 5
386 2031 442 2080 439.
461 2044 487 2095 p.
507 2032 547 2092 644,
567 2032 606 2082 48,
624 2032 704 2081 multa
719 2032 809 2081 multos
823 2032 934 2093 [444444
956 2033 1111 2095 irnprsedente
1126 2033 1154 2082 4..
1173 2032 1244 2082 Sulla
1259 2031 1409 2081 4444444444
1424 2031 1492 2082 coni.
1511 2032 1531 2081 1.
1549 2033 1609 2083 144-

286 2115 346 2179 pius
364 2117 399 2178 (in
417 2114 509 2166 litteris
526 2116 560 2166 ad
576 2129 625 2166 nos
643 2116 718 2177 datis)
738 2119 765 2165 et
781 2116 929 2178 leyserus,
948 2115 990 2165 ille
1008 2116 1117 2179 quidem
1135 2114 1194 2166 coli.
1213 2129 1239 2179 p.
1259 2115 1321 2175 994,
1339 2115 1364 2164 6.

352 2199 440 2263 5434.
460 2213 486 2263 p.
505 2201 551 2259 66,
569 2201 594 2250 7.
618 2200 800 2251 adscribenda
827 2201 901 2249 erant
922 2198 1080 2251 scholiastae
1103 2199 1186 2250 verba
1210 2200 1325 2262 graviter
1346 2199 1448 2249 vitiata:
1477 2199 1608 2250 :Maxime

286 2285 359 2333 metu
380 2286 409 2333 ut
431 2282 528 2335 Sullam
551 2282 660 2335 scilicet.
679 2284 784 2334 deribat
803 2287 901 2334 tamen.
929 2285 961 2334 Et
976 2284 1013 2333 ait
1028 2296 1073 2345 44,
1092 2282 1118 2333 id
1136 2287 1177 2334 est
1192 2283 1372 2347 suspicionem
1389 2295 1466 2333 suam
1484 2284 1511 2333 in
1528 2281 1608 2334 elium

284 2366 401 2418 deducit.
431 2368 487 2419 Hoc
509 2369 580 2418 enim
597 2367 705 2419 dicebat
721 2369 926 2431 Chrysogonus:
952 2370 1009 2419 Non
1029 2369 1103 2419 timui
1121 2381 1154 2418 ne
1172 2368 1236 2417 mibi
1255 2365 1408 2417 tollerentur
1423 2366 1495 2417 bona
1511 2368 1608 2428 Roscii,

285 2451 346 2501 ideo
363 2452 420 2502 eius
437 2451 546 2516 praedia
563 2452 703 2516 dissipavi,
721 2452 770 2503 sed
781 2453 843 2516 quia
860 2451 1048 2512 aedificabam,
1067 2452 1093 2501 in
1106 2452 1278 2502 Veientanam
1292 2450 1353 2502 ideo
1364 2450 1398 2501 de
1409 2451 1451 2501 his
1462 2449 1609 2502 transtuli.-

286 2536 357 2586 llaec
374 2537 413 2586 sic
430 2535 485 2587 lere
502 2536 657 2599 corrigenda
675 2536 813 2586 videnlur:
834 2537 948 2587 44444444
969 2538 1071 2587 mouit:
1097 2535 1195 2587 Sullam
1216 2534 1330 2595 scilicet;
1354 2533 1494 2585 deridebat
1510 2538 1608 2585 tamem

286 2620 318 2669 Et
334 2622 423 2681 44444,
443 2620 468 2670 id
486 2623 538 2681 est,
558 2622 737 2685 suspicionem
754 2633 831 2670 suam
848 2622 874 2671 iu
891 2620 971 2670 alium
988 2619 1104 2671 deducit.
1132 2620 1187 2670 Hoc
1205 2621 1275 2670 enim
1287 2619 1393 2670 dicebat
1404 2618 1607 2682 Chrysogonus:

285 2704 343 2754 Nau
359 2703 430 2768 quod
449 2705 523 2755 timui
540 2707 592 2755 444.
612 2731 640 2742 -
660 2707 701 2755 44.
720 2705 809 2755 Lectio
824 2705 919 2755 8444444
936 2718 967 2755 ex
984 2705 1081 2755 Brittiis
1097 2708 1154 2757 orta
1172 2704 1289 2764 videtur3
1309 2717 1334 2753 v.
1352 2704 1429 2768 adp.
1448 2703 1510 2765 496,
1528 2702 1570 2753 36.

351 2788 366 2851 5
380 2788 426 2839 433
440 2802 466 2854 p.
480 2790 520 2848 66,
535 2790 566 2840 46
580 2796 608 2840 ut
624 2790 667 2852 qui
680 2795 867 2853 praeteruntes
880 2802 1029 2852 praeconem
1042 2790 1174 2840 enuntiare
1184 2789 1318 2839 audiebant
1330 2789 1398 2839 coni.
1408 2789 1607 2841 liommsenius.

351 2872 366 2935 5
384 2873 430 2922 439
447 2887 473 2936 p.
493 2874 534 2933 68,
553 2874 567 2923 7
585 2872 666 2924 scrib.
684 2874 763 2923 nostri
779 2873 833 2922 illi
849 2873 947 2923 4444444.
967 2874 1019 2937 444.)

351 2956 427 3020 5444
449 2970 475 3021 p.
495 2958 539 3019 68,
558 2959 585 3007 44
610 2971 693 3021 posse,
717 2958 788 3021 quod
811 2955 924 3008 verbum
946 2957 980 3006 ab
1004 2957 1060 3007 aliis
1082 2956 1159 3007 codd.
1179 2955 1269 3017 444444,
1293 2956 1319 3006 in
1336 2955 1393 3008 eliis
1409 2954 1497 3007 locum
1514 2959 1608 3018 mutat,

284 3039 501 3104 supplementum
523 3044 621 3093 veteris
644 3041 754 3094 lacunae
778 3055 837 3093 esee
855 3044 981 3105 apparet,
1004 3053 1072 3104 quae
1090 3042 1128 3091 sic
1149 3042 1236 3105 potius
1253 3039 1384 3105 explenda
1401 3039 1520 3092 videtur:
1544 3042 1610 3103 quoe

284 3126 395 3187 44444444
410 3138 461 3176 4444
480 3127 548 3188 apud
565 3127 626 3176 tates
641 3128 708 3176 uiros
724 3126 820 3189 aliquid
835 3126 1005 3175 coliturum
1022 3126 1056 3174 ad
1070 3126 1205 3187 4444444444
1220 3125 1364 3176 4444444444.
1380 3152 1405 3160 -
1424 3126 1465 3175 44.
1485 3124 1545 3178 tort.
1566 3126 1609 3175 ld-

283 3210 381 3259 circone
403 3211 545 3260 excitata
562 3215 613 3262 cet.
631 3238 664 3247 —
684 3210 725 3261 st.
744 3212 769 3260 in
790 3212 921 3275 scriptura
938 3209 1062 3260 codicum
1078 3208 1143 3258 bona
1158 3209 1274 3272 (ortunae
1288 3214 1430 3272 4444444444
1447 3209 1551 3273 (4444444
1566 3215 1609 3259 at-

283 3293 341 3357 que)
361 3298 461 3343 nostras
481 3294 599 3357 Kaysero
622 3296 728 3346 tertium
750 3294 944 3345 substantivum
966 3292 1048 3343 444444
1072 3292 1190 3343 videtur:
1212 3292 1290 3353 bona,
1313 3294 1429 3355 fortunas
1444 3295 1609 3357 possessio-

284 3391 395 3439 nesque
411 3384 510 3428 4444444
526 3377 585 3429 call.
605 3392 630 3444 p.
651 3380 729 3429 Caec.
749 3378 827 3442 576:
847 3378 925 3439 bona,
942 3378 1059 3440 fortunae
1073 3379 1281 3439 possessionesque
1297 3378 1416 3427 4444444444.

350 3463 365 3526 5
383 3461 430 3512 444
448 3475 474 3526 p.
488 3463 528 3523 68,
542 3462 573 3513 34
591 3464 781 3514 Mommsenius
798 3463 938 3513 emendat:
957 3462 998 3512 ille
1013 3461 1209 3524 improbissimus
1219 3460 1370 3525 Obrusoponi
1385 3461 1486 3524 444444,
1505 3463 1548 3524 qui
1564 3462 1610 3512 sibi

285 3559 342 3597 44444
353 3547 396 3596 illo
407 3548 531 3596 rationem
541 3548 753 3597 conmunicatarn
765 3552 853 3609 putat,
871 3558 936 3596 cunt
953 3546 1108 3606 laeditur,
1125 3544 1158 3594 ab
1169 3546 1215 3595 boc
1225 3545 1354 3608 splendore
1364 3558 1456 3596 came
1465 3551 1607 3612 4444444444Ι

349 3640 364 3704 5
382 3640 429 3691 4443
446 3653 472 3705 p.
491 3640 535 3701 74,
555 3643 565 3690 4
587 3640 646 3691 tort.
664 3653 737 3704 quern
757 3639 784 3691 in
805 3641 886 3690 444444
906 3652 960 3691 rem
977 3639 1105 3702 publicare
1120 3644 1285 3690 uenturam
1299 3640 1404 3702 putetis3
1423 3652 1486 3690 nam
1503 3639 1608 3690 videtur

280 3738 328 3788 per
343 3727 432 3788 sivep
450 3737 511 3774 cum
528 3724 597 3775 linea
614 3728 675 3789 post
690 3739 713 3775 r.
731 3738 759 3788 p.
778 3739 811 3776 ex
828 3725 1004 3789 dittograpbia
1021 3727 1109 3774 ortum
1127 3737 1202 3784 4444,
1220 3723 1253 3774 ci.
1272 3738 1298 3789 p.
1317 3724 1381 3786 887,
1398 3725 1423 3775 4.
1442 3723 1499 3788 946,
1518 3726 1558 3775 44.

347 3847 398 3893 pre
412 3836 512 3883 4444444
528 3836 672 3883 comodo.
695 3828 710 3892 5
727 3828 742 3877 7
759 3841 786 3892 p.
805 3828 846 3888 744,
863 3828 878 3876 7
896 3830 957 3891 post
973 3827 1033 3876 44444
1050 3825 1147 3876 excidit
1163 3831 1228 3876 sunt.

349 3912 364 3975 5
381 3912 396 3962 8
413 3926 439 3976 p.
459 3914 500 3972 78,
519 3912 550 3962 44
566 3917 628 3977 post
643 3912 709 3962 dices
725 3912 830 3975 signum
847 3911 1057 3973 interrogationis
1074 3911 1148 3975 ponit
1164 3911 1307 3974 Kayserus.

348 3996 363 4059 5
382 3997 409 4044 44
430 4008 456 4060 p.
475 3996 516 4056 76,
536 3997 546 4045 4
571 3997 598 4045 Si
618 4001 692 4057 paret
712 3996 754 4045 HS
773 4007 829 4046 4444
848 3994 937 4045 deberi.
961 3995 1007 4044 Hic
1029 3996 1099 4045 coni.
1122 3995 1269 4056 Kayserns,
1291 4009 1318 4045 v.
1336 3995 1352 4047 3
1368 4000 1466 4047 tantum
1485 4010 1536 4046 non
1557 4008 1606 4062 pro

282 4085 377 4140 4444444,
395 4093 420 4128 v.
440 4080 455 4130 8
473 4079 488 4143 5
506 4081 537 4129 44
553 4081 574 4128 si
588 4085 662 4141 paret
678 4079 760 4128 deberi
776 4080 834 4128 eius
851 4076 910 4128 loco
926 4078 999 4141 quod
1016 4079 1101 4129 estin
1118 4078 1236 4129 codd.·si
1250 4080 1353 4142 peteres

349 4164 364 4227 5
383 4163 414 4213 44
432 4178 457 4227 p.
476 4165 520 4223 76,
538 4164 569 4212 47
587 4163 651 4227 cum]
669 4164 739 4213 cuius
757 4161 882 4212 emendat
900 4163 1056 4213 Huschliius.

350 4248 365 4311 5
382 4249 414 4297 ao
431 4261 457 4311 p.
470 4248 511 4305 78,
532 4247 562 4296 43
579 4248 622 4309 qui
639 4260 715 4308 quam
731 4246 761 4296 ob
778 4259 831 4298 rem
846 4247 961 4297 Roscium
976 4247 1080 4297 4444444444
1096 4248 1135 4296 sui
1151 4248 1178 4297 in
1192 4248 1284 4310 144444
1299 4252 1323 4297 et
1336 4249 1607 4311 matitiuecbtimurit,

284 4332 346 4381 44444
361 4333 460 4380 uidetur
476 4332 523 4380 nisi
539 4332 603 4394 sorte
620 4334 672 4381 cet.
698 4330 737 4380 Ad
754 4331 825 4380 hanc
841 4333 1012 4394 scripturam,
1033 4333 1145 4395 quaein
1163 4331 1233 4383 nullo
1251 4332 1343 4384 codice
1360 4336 1465 4398 reperta
1480 4336 1530 4392 est,
1550 4335 1608 4395 lhu-

282 4414 348 4465 bent
365 4417 436 4465 enim
454 4415 605 4466 euistimarit
621 4415 681 4464 44444
695 4417 801 4476 uidetur)
813 4414 1009 4465 defendendam
1021 4414 1185 4465 advocentur
1200 4417 1359 4481 interpretes
1371 4417 1568 4480 uiaticum,
1581 4418 1606 4479 7,

281 4500 333 4550 boc
351 4503 403 4560 est,
428 4500 535 4563 opinor,
559 4511 685 4562 perversa
708 4499 827 4548 boucatii
848 4500 1001 4548 coniectura
1018 4499 1052 4550 de
1074 4498 1132 4550 loco
1148 4513 1164 4549 4
1181 4502 1314 4551 Gronovio
1331 4514 1346 4552 4
1363 4501 1456 4552 codice
1474 4504 1608 4552 Putenneo

283 4587 310 4634 et
326 4581 384 4635 eliis
401 4582 504 4648 pridem
523 4583 652 4633 restituto.
679 4584 777 4647 opinor
793 4581 967 4633 scribendum
979 4597 1056 4635 esse:
1075 4585 1239 4644 wutbnarit,
1256 4586 1370 4636 mirum
1384 4587 1445 4636 44444
1454 4587 1561 4648 videtu,
1580 4588 1609 4637 ut

282 4666 381 4718 librarii
398 4665 491 4718 oculus
508 4666 649 4717 aberrasse
666 4669 775 4730 putetur
791 4667 816 4716 in
834 4665 936 4729 syllaba
953 4669 996 4716 sni.
1014 4669 1123 4718 4444444.

348 4752 362 4815 5
381 4753 411 4801 44
429 4765 455 4815 p.
474 4752 518 4813 78,
538 4751 577 4801 39.
602 4750 688 4800 Verba
714 4752 832 4812 Kaysero
848 4752 888 4801 sic
905 4753 1101 4816 transponenda
1119 4752 1255 4804 videntur:
1279 4752 1407 4804 Debebat?
1422 4754 1497 4803 444444
1513 4754 1541 4803 in
1557 4754 1609 4804 selis

282 4837 389 4886 nummis
404 4836 561 4886 versabatur.
589 4834 702 4900 Epebut?
720 4837 795 4886 immo
812 4836 920 4899 locuples
935 4842 1000 4887 4444.

347 4921 362 4985 5
379 4921 411 4969 45
428 4934 454 4983 p.
473 4921 514 4980 79,
534 4922 563 4971 47
578 4926 682 4983 propter
698 4922 907 4971 atrocitatem
923 4920 1035 4971 4444444444
1051 4921 1119 4970 coni.
1139 4922 1273 4984 Kayserus
1290 4919 1349 4971 coll.
1366 4934 1394 4986 p.
1412 4922 1470 4981 4465,
1487 4921 1528 4972 34.

347 5004 411 5069 534
429 5019 455 5069 p.
474 5006 514 5064 84,
536 5005 566 5054 47
590 5004 672 5054 verba
693 5006 749 5055 iure
769 5005 880 5069 44444444
901 5005 973 5054 neubi
995 5006 1111 5067 Kaysero
1134 5004 1264 5069 glossema
1284 5005 1409 5056 videntur
1426 5009 1453 5056 et
1469 5018 1495 5055 v.
1513 5006 1541 5056 44
1563 5021 1607 5056 44.

281 5090 303 5138 44
317 5090 347 5154 444
362 5089 408 5139 boc
423 5102 497 5148 4444,
516 5091 545 5138 ut
562 5089 604 5139 cst
619 5090 646 5138 iu
664 5088 744 5139 codd.

349 5173 364 5237 5
382 5173 414 5222 36
430 5186 457 5237 p.
476 5173 520 5229 84,
540 5173 564 5221 6.
587 5172 720 5235 Kayserus
742 5171 848 5224 scribit:
876 5173 1005 5223 Nesciebat
1025 5175 1150 5224 Fanniam
1173 5175 1258 5225 lioseio
1279 5187 1329 5225 esse
1344 5174 1456 5224 seciien?
1480 5173 1607 5225 Sciebat

278 5257 413 5320 praeclare
429 5259 480 5306 cet.
500 5258 527 5305 et
549 5255 613 5319 537
629 5269 655 5305 v.
676 5256 720 5306 ⁴3:
746 5258 767 5306 si
788 5271 839 5307 non
860 5258 913 5307 alia
934 5259 1044 5309 certiora
1065 5263 1088 5309 et
1109 5259 1224 5309 clariora
1240 5260 1287 5320 444.
1305 5259 1469 5323 argumenta)
1486 5260 1513 5308 44
1529 5272 1608 5309 444444

280 5342 405 5393 haberem,

348 5427 363 5490 5
380 5425 411 5475 39
428 5438 454 5488 p.
473 5422 519 5484 83,
537 5424 553 5473 4
571 5425 694 5488 proponit
711 5423 800 5477 idem:
820 5426 886 5490 Quid
902 5426 984 5476 tum?
999 5441 1049 5476 non
1065 5429 1162 5478 4444444
1177 5428 1328 5489 4444444444,
1345 5428 1388 5478 sed
1403 5426 1502 5478 4444444444
1517 5439 1606 5490 repra-

282 5511 405 5562 missionis
420 5513 532 5570 spectare
547 5508 703 5570 debemus,
726 5524 818 5573 neque,
840 5513 862 5561 si
883 5512 924 5562 itte
942 5514 1210 5576 persequendum,
1233 5513 1299 5575 qued
1314 5513 1342 5562 ie
1357 5511 1467 5575 relisit,
1488 5525 1539 5562 nan
1552 5526 1607 5575 pu·

283 5596 375 5656 tacit,
394 5590 605 5642 iudicabimus
622 5594 734 5643 4444444444
750 5607 822 5657 suus,
839 5610 890 5646 nan
906 5598 1030 5647 4444444444
1045 5596 1099 5646 tiles
1115 5597 1252 5647 redemisse.

350 5679 365 5742 5
382 5678 414 5729 44
432 5690 459 5742 p.
477 5678 522 5735 83,
541 5677 568 5727 34
589 5677 611 5726 si
628 5691 660 5727 44
675 5679 752 5741 lide,
770 5681 876 5730 44444444
892 5682 1017 5743 sucepsisti
1034 5681 1160 5731 emendat
1176 5681 1319 5744 Kayserus.

350 5763 414 5826 546
433 5776 458 5826 p.
478 5761 522 5820 84,
541 5761 582 5810 49.
607 5763 667 5823 Quis
687 5763 752 5813 44444
775 5765 945 5827 deprecatione
967 5766 1070 5817 44444444
1089 5767 1209 5827 utitur,
1235 5766 1288 5826 qui
1308 5779 1359 5816 non
1379 5766 1541 5818 444444444444
1557 5767 1607 5832 Me

284 5845 469 5900 commovetur?
486 5845 556 5896 coni.
575 5844 656 5896 idem.
