3800 7350
748 1235 964 1302 cu.1-rv.
991 1234 1037 1320 ss
1059 1234 1166 1301 e-r.
1555 1231 1619 1301 coa

295 1404 449 1469 Videbam
470 1403 550 1466 illud
571 1403 675 1468 scelus
697 1410 760 1468 tam
782 1404 1011 1488 importunum,
1041 1405 1205 1470 audaciam
1235 1414 1298 1470 tam
1320 1407 1488 1471 immanem
1510 1405 1618 1468 adole·

295 1500 411 1562 scentia
432 1498 576 1572 furentis,
598 1498 725 1572 nobilis,
749 1498 906 1562 vulnerati
927 1518 993 1561 uon
1014 1519 1109 1581 posse
1130 1500 1230 1562 areeri
1252 1500 1309 1563 otii
1328 1499 1462 1563 finibus:
1488 1507 1618 1582 eruptu-

294 1614 364 1656 rum
387 1591 465 1654 illud
488 1591 604 1655 malum
627 1592 813 1674 aliquando,
836 1591 862 1654 si
879 1593 1068 1676 impunitum
1086 1592 1208 1667 fuisset,
1230 1593 1271 1655 ad
1285 1594 1458 1675 perniciem
1472 1593 1617 1657 civitatis.

294 1685 324 1749 5.
346 1687 418 1749 Nou
439 1685 571 1749 multum
592 1686 670 1748 mihi
691 1705 767 1748 saue
789 1693 861 1767 post
882 1685 922 1748 ad
945 1686 1054 1748 odium
1076 1686 1225 1749 accessit:
1248 1686 1327 1750 nihil
1342 1688 1428 1749 enim
1442 1694 1551 1751 contm
1566 1705 1617 1748 me

214 1793 223 1814 ·
292 1779 367 1843 lecit
387 1779 464 1842 odio
485 1779 567 1853 mei,
589 1779 645 1841 sed
668 1778 742 1842 odio
765 1779 952 1853 severitatis,
979 1776 1065 1863 [odio
1087 1775 1271 1862 dignitatis,]
1294 1778 1366 1842 odio
1386 1782 1434 1842 rei
1454 1778 1641 1862 publicarem

292 1891 358 1936 nou
388 1892 438 1936 me
466 1872 564 1954 magis
586 1872 716 1935 violavit
738 1891 832 1954 quam
862 1880 1022 1946 senatum,
1054 1892 1148 1957 quam
1171 1873 1296 1956 equites
1317 1874 1493 1947 Romanos,
1521 1892 1617 1955 quam

293 1984 403 2030 omnes
432 1964 550 2039 bonos,
579 1984 674 2048 quam
701 1964 823 2027 ltaliam
851 1974 1012 2029 cunctam:
1042 1986 1106 2030 non
1137 1966 1275 2050 denique
1300 1967 1333 2029 in
1363 1985 1413 2029 me
1435 1966 1618 2029 sceleratior

292 2058 352 2123 luit
379 2078 475 2142 quam
504 2060 538 2121 in
566 2059 653 2142 ipsos
681 2059 757 2122 deos
786 2059 991 2123 immortales.
1033 2061 1158 2124 Etenim
1180 2060 1254 2123 illos
1275 2080 1314 2123 eo
1337 2060 1456 2123 scelere
1478 2059 1617 2132 violarit,

292 2172 357 2235 quo
383 2171 477 2214 nemo
506 2160 615 2215 autea:
645 2153 679 2214 in
708 2172 757 2215 me
784 2150 844 2215 fnit
872 2154 983 2222 eodem
1006 2154 1130 2227 animo,
1160 2174 1224 2239 qno
1247 2154 1341 2217 etiam
1366 2154 1434 2216 eius
1454 2151 1616 2215 familiaris

293 2245 443 2319 Catilina,
465 2246 493 2309 si
514 2247 658 2319 vicisset,
679 2244 803 2310 fuisset.
837 2248 948 2331 ltaque
969 2268 1042 2311 eum
1064 2267 1238 2331 numquam
1260 2267 1279 2311 a
1301 2268 1351 2310 me
1374 2265 1444 2311 esse
1466 2263 1654 2312 accusante

293 2337 368 2402 dum
388 2339 512 2421 putavi,
534 2359 597 2402 non
620 2341 692 2422 plus
714 2360 809 2423 quarn
830 2340 969 2423 stipitem
990 2341 1097 2415 illum,
1120 2340 1173 2424 qui
1190 2360 1325 2424 quorum
1346 2339 1509 2404 hominum
1523 2346 1617 2413 essct,

291 2435 500 2508 nesciremus,
522 2433 583 2497 nisi
606 2454 641 2496 se
663 2434 810 2517 Ligurem
831 2434 901 2515 ipse
923 2454 993 2497 esse
1017 2434 1146 2498 diceret.
1190 2433 1276 2509 Quid
1298 2435 1382 2496 enim
1403 2434 1489 2498 hunc
1510 2452 1617 2516 perse·

292 2546 385 2610 quar,
407 2527 561 2610 pecudem
582 2546 618 2590 ac
638 2526 781 2601 beluam,
804 2526 920 2610 pabulo
942 2528 1141 2591 inimicorum
1163 2547 1306 2590 meorum
1324 2535 1355 2590 et
1373 2526 1488 2609 glande
1510 2548 1618 2591 corm-

291 2624 400 2702 ptum‘l
432 2620 487 2703 qni
514 2620 541 2684 si
570 2621 686 2694 sensit,
719 2641 784 2704 quo
815 2641 848 2684 se
878 2621 998 2685 scelere
1028 2620 1220 2695 devinxerit,
1249 2640 1313 2684 non
1343 2620 1454 2684 dubito
1477 2622 1554 2706 quin
1576 2620 1619 2684 sit

290 2714 500 2779 miseremus:
528 2715 577 2778 sin
598 2723 704 2777 autem
725 2713 758 2776 id
780 2734 845 2777 uon
867 2714 972 2788 videt,
1005 2715 1181 2798 periculum
1212 2722 1323 2779 estne
1345 2735 1379 2778 se
1401 2715 1540 2797 stuporis
1562 2733 1655 2781 era-ao

291 2808 452 2872 curatione
473 2806 632 2872 defendat.
675 2805 705 2870 o.
727 2808 856 2872 Accedit
883 2808 994 2883 etiam,
1023 2807 1110 2892 quod
1132 2808 1370 2890 exspectatione
1392 2808 1532 2872 omnium
1552 2806 1616 2870 lor·

289 2899 411 2966 tissime
432 2910 464 2965 et
484 2901 659 2966 clarissimo
681 2903 759 2978 viro,
782 2903 817 2964 T.
832 2902 947 2976 Annio,
970 2902 1085 2966 devota
1105 2907 1138 2964 et
1159 2902 1329 2966 constituta
1352 2902 1414 2965 ista
1426 2900 1532 2964 hostia
1547 2918 1616 2962 esse

289 2993 432 3059 videtur:
460 2995 511 3060 cui
534 3015 584 3058 me
605 2996 784 3079 praeripere
807 2996 995 3080 desponsam
1021 2996 1084 3058 iam
1106 3003 1138 3058 et
1159 2994 1349 3058 destinatam
1372 2993 1516 3068 laudern,
1543 3012 1616 3055 cum

288 3087 359 3169 ipse
381 3088 450 3152 eius
471 3108 567 3171 opera
589 3096 622 3151 et
643 3088 827 3171 dignitatem
850 3097 881 3153 et
903 3089 1036 3153 salutem
1058 3089 1271 3170 reciperarim,
1289 3088 1382 3151 valde
1397 3096 1446 3152 est
1459 3088 1615 3171 iniquum.

289 3182 341 3243 lv.
361 3183 486 3246 Etenim
508 3189 544 3246 ut
563 3183 597 3244 P.
620 3181 674 3245 ille
698 3183 804 3266 Scipio
827 3190 918 3246 nahas
938 3182 1016 3246 mihi
1036 3183 1160 3246 videtur
1178 3181 1218 3246 ad
1240 3182 1402 3245 interitum
1419 3181 1655 3264 exitiumque„

288 3275 506 3359 Karthaginis,
537 3278 593 3360 qui
625 3276 712 3339 illam
742 3297 760 3339 a
788 3276 894 3339 multis
916 3275 1158 3358 imperatoribus
1181 3276 1358 3347 obsessam,
1392 3280 1615 3358 oppugnatam,

287 3368 489 3442 labefactam,
521 3390 622 3453 paene
644 3376 768 3451 captam
790 3370 963 3453 aliquando
994 3371 1086 3453 quasi
1115 3368 1203 3432 fatali
1226 3368 1364 3432 adventu
1385 3370 1472 3431 solus
1494 3367 1615 3442 evertit,

287 3463 333 3525 sic
354 3465 390 3526 Τ.
405 3461 529 3527 Annius
550 3463 590 3527 ad
614 3464 698 3527 illam
720 3470 841 3545 pestem
858 3462 1146 3548 comprimendam,
1168 3461 1451 3544 exstinguendam,
1472 3460 1614 3525 funditus

287 3556 455 3637 delendam
477 3565 569 3621 natus
590 3577 660 3622 esse
681 3557 808 3621 videtur
823 3563 855 3621 et
869 3558 961 3641 quasi
976 3557 1087 3620 divino
1101 3575 1232 3620 munere
1247 3554 1382 3619 donatus
1397 3554 1615 3638 reipublicae.

287 3649 379 3713 Solus
387 3649 456 3747 lille
476 3652 640 3734 cognorit,
663 3670 758 3735 quem
780 3650 820 3715 ad
842 3651 969 3715 modum
984 3659 1139 3715 armatum
1155 3650 1272 3724 civem,
1295 3650 1353 3733 qui
1367 3647 1536 3732 lapidibus,
1560 3650 1655 3733 quise

285 3744 371 3809 ferro
392 3745 473 3809 alios
493 3745 632 3828 fugaret,
654 3746 734 3809 alios
756 3745 843 3809 domi
865 3746 1058 3819 contineret,
1081 3745 1136 3829 qui
1150 3745 1261 3808 urbem
1277 3750 1391 3817 totam,
1414 3742 1470 3827 qni
1486 3743 1614 3817 curiam,

287 3838 343 3920 qui
369 3837 491 3913 mrum,
519 3839 575 3924 qui
605 3839 722 3922 templa
752 3839 859 3902 omnia
887 3840 985 3902 caede
1007 3839 1227 3922 incendiisque
1248 3844 1398 3912 terreret,
1431 3858 1496 3901 non
1519 3838 1614 3901 modo

285 3932 388 4007 vinci,
415 3953 525 3998 verum
553 3935 646 3998 etiarn
668 3934 779 3997 vinciri
801 3940 971 4017 oporteret.
1013 3929 1043 3995 7.
1067 3933 1148 3996 Huic
1169 3952 1229 4017 ego
1252 3941 1284 3996 et
1304 3932 1359 3996 tali
1381 3933 1479 3996 etita
1503 3931 1542 3994 de
1563 3952 1614 3996 me

285 4045 322 4090 ac
344 4027 384 4090 de
406 4027 506 4111 patria
526 4030 638 4091 merito
661 4029 729 4091 viro
750 4046 921 4111 numquam
943 4047 1014 4090 mea
1031 4027 1193 4090 voluntate
1215 4026 1405 4109 praeripiam
1429 4046 1500 4089 eum
1523 4045 1614 4107 prae-

285 4119 392 4182 sertim
422 4140 526 4194 reum,
554 4121 644 4184 cuius
672 4121 726 4184 ille
756 4121 938 4184 inimicitias
960 4142 1025 4183 uon
1047 4121 1148 4184 solum
1172 4120 1310 4202 suscepit
1331 4128 1460 4202 propter
1480 4120 1654 4186 salutemso

285 4233 398 4287 meam,
420 4234 527 4277 verum
551 4214 643 4277 etiam
659 4215 820 4298 appetivit.
859 4215 921 4277 Sed
938 4214 965 4275 si
979 4214 1073 4277 etiam
1089 4234 1173 4276 nunc
1189 4213 1379 4296 illaqueatus
1395 4213 1457 4276 iam
1473 4213 1614 4277 omnium

286 4306 392 4389 legum
412 4308 576 4391 periculis,
598 4308 738 4373 irretitus
760 4307 834 4371 odio
856 4308 1013 4371 bonorum
1029 4307 1186 4381 omnium,
1210 4307 1447 4389 exspectatione
1467 4309 1615 4392 supplicii

286 4401 349 4464 iam
369 4420 435 4464 non
457 4400 603 4492 diuturna
625 4402 819 4485 implicatus,
840 4400 960 4465 feretur
981 4410 1086 4464 tamen
1108 4401 1268 4465 haesitans
1290 4409 1322 4464 et
1344 4401 1378 4462 iu
1393 4421 1444 4464 me
1459 4404 1614 4486 impetum

285 4494 451 4579 impeditus
476 4494 581 4559 facere
602 4497 784 4570 conabitur,
814 4496 958 4559 resistam
982 4503 1014 4559 et
1039 4503 1093 4559 aut
1115 4496 1308 4559 concedente
1330 4496 1501 4559 autetiam
1524 4495 1614 4557 adiu·

284 4595 377 4652 rante
398 4588 516 4653 idilone
538 4591 606 4654 eius
629 4598 776 4654 conatum
798 4584 960 4653 relutabo:
983 4589 1071 4653 velut
1092 4590 1242 4654 hesterno
1258 4589 1320 4664 die,
1339 4610 1411 4653 cum
1427 4589 1502 4652 mini
1518 4590 1653 4658 stantiae

285 4691 392 4746 tacens
412 4683 600 4758 minaretur,
631 4705 708 4747 voce
731 4692 852 4748 tantum
874 4685 963 4766 attigi
986 4684 1091 4767 legum
1112 4685 1238 4748 initium
1260 4693 1292 4748 et
1312 4683 1438 4760 iudicii3
1470 4684 1615 4747 consedit

283 4775 355 4849 ille,
381 4777 531 4843 conticui.
573 4779 665 4845 Diem
687 4779 838 4853 dixisset,
868 4786 904 4841 ut
931 4778 1065 4842 iecerat:
1095 4778 1241 4842 fecissem
1263 4786 1299 4841 ut
1321 4778 1351 4841 ei
1373 4779 1479 4842 statim
1500 4778 1613 4842 tertius

282 4878 468 4952 apraetore
490 4871 558 4935 dies
581 4872 746 4936 diceretur.
782 4874 887 4956 Atque
909 4872 971 4935 hoc
994 4873 1039 4936 sie
1065 4872 1247 4935 moderetur
1269 4879 1301 4936 et
1322 4872 1458 4955 cogitet,
1488 4872 1516 4936 si
1538 4892 1613 4936 con·

348 5103 372 5152 4.
390 5102 604 5153 4444444444)-
623 5103 850 5155 adalasceattsPG
870 5131 896 5142 -
916 5106 1611 5172 a.a0aaratsPe-o.oasoatqnuaeom.1>-

281 5175 743 5240 e.etm]meas1>e13;suarn{-
768 5181 970 5233 tomum.
993 5182 1088 5232 GE-
1112 5182 1152 5231 44.
1172 5181 1484 5246 ᾳιιοηκημοηωκΡΙ-
1505 5182 1615 5244 talpae

281 5265 335 5304 om.
354 5253 403 5303 GE
422 5279 451 5289 -
470 5253 564 5303 acme
581 5254 609 5303 1²¹
627 5277 655 5289 -
680 5253 719 5303 43.
738 5255 830 5317 plaude
846 5255 888 5307 12¹:
911 5257 1000 5306 ctande
1014 5259 1045 5308 Pl
1062 5266 1089 5293 -’
1113 5255 1153 5307 44.
1171 5257 1308 5307 mmai}
1328 5281 1355 5295 ·-
1376 5257 1416 5306 to.
1434 5257 1615 5307 uteremur

281 5330 347 5378 P·-
366 5328 407 5378 46.
425 5328 520 5390 accepit
537 5324 611 5386 6“4;
634 5329 718 5390 accept
739 5330 770 5378 G²
793 5355 819 5366 ·-
844 5332 1014 5393 «spectatione
1031 5330 1086 5380 644
1104 5356 1131 5365 -
1158 5330 1199 5379 47.
1217 5331 1281 5381 csta
1297 5332 1325 5381 1²¹
1343 5357 1370 5366 -
1390 5332 1431 5382 49.
1449 5333 1614 5394 reciperartm

281 5405 314 5453 l‘:
332 5403 506 5464 mercatu
522 5402 543 5452 0
562 5429 589 5438 -
608 5403 649 5453 20.
668 5405 812 5467 saumae
828 5407 858 5456 Ρ*
875 5431 902 5441 -
922 5407 963 5457 it.
981 5405 1203 5468 coruapioaPe
1220 5431 1247 5443 -
1267 5409 1469 5469 opressamP-
1488 5407 1530 5457 22.
1548 5406 1614 5456 tabc-

279 5476 376 5539 446644
391 5480 427 5528 P:
446 5477 623 5540 labefactatam
639 5478 760 5529 GEth.
784 5479 823 5530 Cl.
842 5478 857 5543 5
874 5480 916 5530 60.
936 5505 964 5515 -
982 5480 1091 5529 ademta
1107 5480 1143 5529 C:
1171 5485 1259 5530 eventa
1274 5481 1295 5531 0
1313 5506 1341 5516 -
1359 5481 1400 5530 23.
1418 5482 1613 5546 marmandam

281 5551 1613 5616 Pe-so.taptcstsa]tcmpcatoss1>-aaaoaamommricmPu-aaceaan-tacm-

280 5620 442 5689 ἅψομ-
461 5626 581 5676 uacuas
596 5626 682 5677 PGE:
700 5625 777 5676 lenire
791 5628 830 5685 44;
847 5628 977 5679 oiuccreO
991 5629 1335 5683 -otuceil‘nlabrlciust
1352 5631 1497 5690 ἠθικα
1517 5631 1611 5681 oiacin

280 5699 416 5764 0-epc]
432 5702 949 5764 eccae-eanmuaaomu-
969 5704 1010 5755 34.
1029 5704 1610 5769 οόραωῑιΡςαρρσιὶΗ-ίοωφωααι)

282 5800 311 5809 -
328 5773 370 5825 34.
387 5775 502 5827 teretius
517 5776 594 5828 PGE
614 5801 640 5813 -
665 5776 770 5839 supplici
786 5778 875 5828 PG¹E
895 5807 922 5816 -
941 5779 982 5830 35.
999 5780 1121 5842 reputabo
1136 5783 1183 5840 P¹;
1207 5780 1241 5831 cl.
1259 5794 1287 5846 p.
1305 5781 1363 5843 944,
1381 5781 1406 5831 i.
1423 5808 1451 5818 -
1470 5779 1510 5830 36.
1528 5785 1614 5831 lacem

281 5848 458 5901 Cziaoasso
480 5877 507 5887 -
534 5851 781 5903 animatum-
805 5852 921 5918 44444444]
946 5855 1055 5906 caecidit
1079 5855 1610 5920 coniungeres-ascenaeret&

279 5925 397 5976 cosam
413 5926 434 5976 0
453 5952 481 5962 -
498 5926 591 5979 lacerat
607 5927 757 5980 Ernestins:
778 5927 872 5992 fecerat
889 5928 938 5980 CO
957 5955 982 5969 -
1003 5934 1154 5994 aarum
1168 5928 1606 6000 4444444641-44144444444444.

297 6090 310 6121 Ι
