3800 7350
678 1193 752 1258 444.
773 1192 1031 1257 xxv-xxvi.
1060 1190 1106 1275 ss
1128 1190 1272 1256 44-44.
1549 1193 1625 1261 4444

312 1365 348 1424 Τ.
373 1362 458 1425 Didii
487 1370 519 1425 et
549 1362 582 1424 C.
604 1364 692 1426 Marii
723 1371 754 1427 et
775 1363 919 1447 quaeris,
953 1361 1032 1446 quid
1065 1363 1164 1425 simile
1196 1364 1229 1424 in
1258 1362 1402 1425 Plancio:
1436 1366 1525 1447 quasi
1554 1386 1629 1430 vero

312 1457 382 1530 isti,
416 1475 496 1539 quos
528 1477 772 1531 commemoras,
799 1465 966 1539 propterea
997 1457 1196 1539 magistratus
1230 1457 1385 1539 ceperint,
1416 1458 1501 1542 quod
1522 1459 1630 1522 444444·

311 1548 465 1631 pbarant,
491 1558 523 1611 et
554 1571 632 1624 non,
662 1551 738 1635 quia
765 1551 921 1613 commissi
950 1559 1025 1613 sunt
1053 1550 1092 1612 iis
1121 1551 1338 1633 magistratus,
1371 1572 1405 1614 re
1433 1552 1513 1614 bene
1544 1559 1631 1634 gesta

311 1642 541 1725 triumpharint.
583 1646 702 1727 Rogas,
730 1665 811 1728 quae
841 1651 942 1708 444444
972 1644 1102 1706 viderit:
1132 1645 1186 1726 qui
1214 1651 1246 1707 et
1274 1644 1364 1706 miles
1394 1644 1428 1706 in
1451 1644 1542 1708 Creta
1569 1645 1629 1708 1444

311 1737 496 1819 imperatore
518 1748 550 1801 et
570 1739 712 1802 tribunus
734 1740 767 1801 in
788 1739 973 1802 Macedonia
995 1739 1128 1801 militum
1157 1740 1252 1802 fuerit
1279 1748 1312 1802 44
1333 1746 1481 1823 quaestor
1509 1746 1653 1801 tantumss

310 1847 350 1891 444
372 1849 405 1892 44
428 1831 554 1894 militari
578 1833 750 1895 detraxerit
771 1834 937 1914 temporis,
967 1841 1119 1916 quantum
1142 1834 1175 1895 44
1197 1855 1247 1895 me
1270 1832 1508 1898 custodiendum
1530 1842 1630 1896 44444-

309 1921 391 1984 44444
413 1924 568 1988 maluerit.
611 1922 662 1987 62.
685 1926 836 2000 Quaeris,
866 1946 939 1988 num
964 1928 1099 1990 disertus
1122 1927 1185 1989 4444
1217 1928 1332 2001 lmmo,
1354 1927 1386 1989 id
1409 1925 1495 2011 quod
1517 1945 1630 1989 secun·

310 2014 384 2078 dum
407 2025 471 2090 cst,
492 2038 533 2080 44
556 2019 615 2080 sibi
640 2019 767 2102 quidem
784 2019 917 2082 videtur.
950 2023 1030 2084 Num
1053 2020 1331 2084 iurisconsultus?
1354 2023 1445 2104 quasi
1461 2021 1629 2104 quisquam

310 2111 352 2171 sit
372 2111 427 2193 qui
457 2112 515 2174 sibi
544 2112 627 2175 hunc
657 2112 770 2175 falsum
793 2113 832 2175 414
854 2114 921 2176 4444
943 2115 1146 2197 respondisse
1169 2116 1261 2178 dicat.
1296 2115 1413 2178 Omnes
1435 2115 1519 2177 enim
1538 2114 1629 2176 istius

310 2202 396 2266 modi
417 2213 500 2268 44444
522 2207 554 2268 44
575 2207 615 2270 444
637 2206 924 2289 reprehenduntur,
954 2209 1026 2291 qui,
1056 2229 1127 2270 cum
1150 2208 1283 2291 professi
1306 2215 1397 2282 sunt,
1427 2206 1665 2270 satisfacerem

310 2318 373 2360 444
395 2308 545 2380 possunt,
566 2320 630 2364 uon
652 2302 685 2363 in
708 2301 762 2373 iis,
785 2301 841 2384 qui
864 2321 898 2362 se
920 2300 1038 2364 afuisse
1060 2302 1099 2365 ab
1121 2304 1190 2365 istis
1212 2303 1324 2366 studiis
1342 2298 1543 2364 confitentur:
1567 2301 1629 2364 vir·

310 2398 377 2465 tus,
399 2392 553 2474 probitas,
575 2395 736 2477 integritas
758 2394 789 2456 in
812 2392 998 2468 candidato,
1028 2415 1092 2458 non
1114 2396 1242 2478 linguae
1264 2395 1462 2469 volubilitas,
1484 2415 1547 2458 uon
1569 2416 1628 2471 ars,

311 2504 374 2547 non
397 2486 526 2548 scientia
548 2487 666 2571 requiri
688 2488 779 2550 solet.
812 2488 851 2550 Ut
871 2507 930 2550 nos
952 2488 985 2550 in
1009 2490 1173 2574 mancipiis
1195 2489 1359 2572 parandis,
1382 2490 1524 2573 quamvis
1544 2488 1628 2571 frugi

310 2576 469 2642 bominem
491 2582 518 2642 si
540 2600 597 2663 pro
620 2579 709 2643 441444
731 2587 786 2643 444
806 2601 863 2663 pro
883 2588 1001 2645 tectore
1030 2583 1182 2658 emimus,
1212 2581 1296 2646 ferre
1323 2584 1455 2646 moleste
1481 2582 1628 2656 solemus,

312 2672 337 2732 44
361 2692 414 2735 444
436 2681 535 2748 44444,
558 2694 638 2757 quas
660 2675 692 2736 in
715 2675 849 2737 emendo
871 2676 971 2738 secuti
1001 2697 1127 2750 sumus,
1154 2675 1235 2739 forte
1257 2680 1415 2751 nesciunt,
1445 2677 1493 2739 sin
1522 2684 1666 2740 44444444

312 2765 443 2828 emimus
465 2787 560 2848 quem
588 2767 713 2831 vilicum
742 2770 990 2851 imponeremus,
1024 2790 1119 2853 quem
1141 2772 1248 2853 pecori
1270 2772 1528 2855 praesentemus,
1548 2771 1627 2834 nibil

311 2859 345 2920 in
367 2878 406 2921 eo
432 2861 494 2922 nisi
514 2860 743 2943 frugalitatem,
765 2861 916 2936 laborem,
937 2863 1132 2945 vigilantiam
1154 2885 1222 2927 4444
1246 2885 1407 2929 curamus:
1429 2866 1474 2928 sic
1492 2864 1628 2947 populus

311 2953 469 3017 Romanus
491 2953 599 3036 deligit
619 2956 818 3037 magistratus
841 2958 931 3039 quasi
952 2956 998 3019 rei
1022 2957 1166 3039 publicae
1188 2956 1316 3032 vilicos,
1338 2958 1373 3021 in
1387 2959 1502 3041 quibus
1523 2959 1551 3021 44
1565 2976 1629 3041 qua

311 3054 473 3126 praeterea
494 3055 543 3111 est
563 3068 630 3123 ars,
650 3047 744 3111 facile
765 3049 892 3131 patitur,
914 3052 963 3113 444
985 3051 1105 3124 minus,
1127 3052 1243 3113 virtute
1265 3071 1372 3114 eorum
1395 3059 1427 3114 et
1448 3051 1628 3114 innocentia

311 3146 477 3203 contentus
492 3149 549 3204 est.
582 3143 706 3217 Quotus
721 3143 806 3205 enim
822 3143 960 3226 quisque
975 3143 1122 3218 disertus,
1137 3152 1253 3227 quotus
1269 3146 1404 3228 quisque
1418 3146 1495 3209 iuris
1509 3144 1666 3229 peritusto

311 3240 376 3307 444,
398 3241 435 3297 44
456 3255 511 3299 444
534 3255 695 3310 numeres,
718 3236 771 3319 qui
793 3236 904 3299 volunt
918 3238 1011 3299 44441
1038 3236 1131 3311 Quod
1157 3238 1184 3300 si
1205 3245 1368 3319 praeterea
1388 3258 1482 3302 nemo
1504 3246 1551 3302 ast
1571 3237 1631 3301 ho-

312 3345 387 3389 nore
410 3327 541 3412 dignus,
566 3330 716 3412 quidnam
738 3335 786 3391 tot
807 3327 933 3411 optimis
956 3337 987 3392 44
1009 3330 1213 3393 44444444ἰωί4
1235 3331 1358 3396 44441444
1376 3339 1424 3395 444
1443 3332 1609 3395 futurum?

395 3423 508 3485 XXVI.
531 3419 583 3484 63.
604 3423 697 3485 Iubes
720 3421 879 3484 Plancium
901 3421 941 3483 de
963 3421 1047 3484 vitiis
1069 3423 1248 3487 Laterensis
1270 3425 1385 3487 dicere.
1418 3425 1503 3487 Nihil
1524 3429 1630 3508 potest

313 3515 373 3579 nisi
396 3536 468 3579 eum
490 3516 584 3578 nimis
606 3517 638 3578 in
661 3536 695 3578 se
710 3513 895 3577 iracundum
909 3513 1019 3577 fuisse.
1047 3515 1134 3578 ldem
1150 3518 1241 3581 effers
1256 3518 1459 3581 Laterensem
1474 3517 1630 3580 laudibus.

311 3609 416 3672 Facile
436 3611 540 3694 patior
559 3608 592 3671 id
614 3615 645 3672 44
667 3627 760 3692 agere
781 3606 888 3669 multis
902 3607 1017 3684 verbis,
1040 3608 1125 3692 quod
1148 3611 1187 3672 ad
1210 3610 1362 3674 indicium
1383 3631 1449 3675 non
1466 3610 1667 3694 pertinentes

313 3712 345 3767 et
371 3704 404 3767 id
433 3711 465 3767 te
490 3711 690 3768 accusantem
717 3711 781 3767 tam
811 3701 866 3764 4144
888 3702 1010 3776 dicere,
1039 3704 1125 3785 quod
1147 3723 1207 3787 ego
1229 3706 1377 3769 defensor
1398 3706 1466 3769 sine
1487 3703 1630 3787 periculo

313 3799 433 3881 possim
463 3795 613 3862 confiteri.
651 3796 747 3880 Atqui
775 3816 840 3859 non
861 3795 957 3859 modo
979 3795 1131 3861 confiteor
1152 3818 1273 3862 summa
1293 3800 1327 3862 in
1348 3801 1517 3862 Laterense
1538 3815 1631 3859 orna·

313 3898 418 3956 menta
439 3911 519 3967 esse,
541 3892 596 3956 scd
618 3899 649 3954 tc
672 3891 766 3953 444444
786 3889 996 3972 reprebendo,
1018 3890 1105 3973 quod
1127 3911 1164 3954 ea
1182 3912 1247 3954 non
1262 3913 1436 3967 enumeres,
1457 3891 1520 3954 4144
1535 3909 1632 3975 quae·

313 3985 385 4050 dam
406 3985 513 4051 inania
535 3985 670 4050 4414444
691 3984 870 4067 conquiras.
899 3985 1067 4047 Praeneste
1081 3983 1196 4048 fecisse
1210 3984 1313 4048 ludos.
1336 3985 1443 4061 Quidf
1464 3984 1519 4048 alii
1534 4003 1632 4067 quac·

313 4088 413 4144 stores
434 4099 540 4143 nonne
561 4077 726 4142 fecerunt?
760 4077 890 4160 Cyrenis
913 4075 1073 4140 liberalem
1095 4077 1129 4139 in
1151 4077 1355 4160 publicanos,
1384 4078 1499 4141 iustum
1524 4079 1559 4139 in
1579 4095 1667 4158 soso

313 4175 377 4237 cios
398 4173 507 4237 fuisse.
541 4174 620 4248 Quis
641 4174 754 4252 negati
777 4169 833 4234 sed
854 4170 899 4231 ita
920 4170 1019 4233 multa
1033 4171 1151 4234 Itomae
1173 4179 1332 4255 geruntur,
1353 4173 1458 4236 utrix
1473 4192 1526 4244 44,
1549 4191 1630 4254 quae

311 4264 390 4331 44444
411 4269 444 4330 44
466 4266 648 4351 provinciis,
669 4264 846 4329 audiantur.
881 4259 933 4325 ol.
955 4265 1025 4325 Non
1045 4283 1159 4327 444444
1179 4285 1219 4328 44
1241 4265 1319 4328 mibi
1340 4265 1478 4348 aliquid,
1499 4264 1630 4338 iudices,

313 4361 421 4425 videar
441 4381 604 4444 armgare,
626 4358 714 4423 44414
736 4365 904 4442 quaestura
926 4376 997 4420 mea
1019 4357 1147 4420 dixero:
1169 4360 1372 4442 -quamvis
1394 4359 1479 4422 enim
1499 4358 1553 4421 illa
1574 4359 1631 4421 sso-

311 4454 427 4529 ruerit,
448 4462 553 4518 tamen
574 4474 647 4519 eum
668 4473 718 4516 me
740 4459 850 4535 postea
870 4449 970 4514 fuisse
991 4451 1025 4512 in
1039 4451 1185 4514 maximis
1200 4451 1338 4535 imperiis
1353 4452 1494 4526 arbitror,
1516 4459 1631 4515 utnon

311 4550 356 4612 444
380 4549 514 4613 multum
542 4548 619 4612 mibi
648 4547 767 4631 gloriae
796 4547 836 4609 sit
863 4565 904 4607 ex
933 4551 1120 4628 quaesturae
1149 4545 1242 4608 laude
1269 4545 1490 4628 repetendum:
1511 4578 1553 4593 -
1574 4544 1667 4610 sedas

312 4649 417 4707 444444
437 4663 503 4708 444
524 4662 635 4707 vereor
655 4662 696 4705 ne
718 4640 789 4725 quis
811 4638 927 4703 audeat
941 4639 1046 4703 dicere
1067 4638 1164 4703 ullius
1185 4639 1219 4702 in
1239 4639 1347 4703 Sicilia
1361 4647 1563 4722 quaesturam
1577 4648 1631 4704 aut

376 4993 401 5043 4.
420 4992 582 5045 44444441-
606 4989 754 5041 morif-
773 4987 832 5040 4444.
851 4987 1096 5052 44444144ιεὶ4444-
1115 4985 1497 5050 4.44444444444444]44444.ΤΕ
1516 5012 1542 5023 -
1561 4984 1632 5036 444

311 5065 454 5131 benegesto
469 5065 828 5130 4444444444444444444444444
846 5065 873 5114 444
888 5063 977 5125 quibus
992 5076 1020 5114 rs
1037 5063 1095 5112 44444
1109 5065 1179 5125 pessa
1194 5061 1376 5124 trismspborsnt
1391 5061 1436 5111 ΤΕ
1450 5087 1477 5096 -
1496 5061 1520 5111 s.
1533 5064 1632 5121 44444444

312 5141 369 5189 Τ-
388 5142 509 5206 44444444
525 5143 584 5192 Τ-
603 5141 635 5191 444
651 5140 710 5190 TE:
729 5139 1002 5190 4440-444144444
1019 5140 1079 5188 Τ-
1097 5135 1447 5188 telchin-mlii:
1464 5136 1630 5199 4444444440-

309 5215 447 5278 444444-
465 5218 505 5268 14.
524 5217 615 5281 44444444
630 5217 664 5265 T:
683 5213 789 5278 4444444444
804 5214 854 5266 ΕΟ
871 5240 899 5251 -
919 5214 959 5266 tl.
978 5212 1148 5264 444444444-
1168 5212 1209 5263 44.
1227 5213 1338 5263 4444444444
1353 5210 1416 5262 TE:
1433 5211 1628 5261 musello-

312 5290 720 5347 16.444114444441”;444444444444Εο;
738 5291 803 5339 item
818 5286 1183 5353 444-4444441444]
1202 5300 1251 5349 444.
1270 5287 1332 5336 Τ-
1350 5286 1391 5337 48.
1408 5285 1492 5350 deligit
1508 5291 1531 5337 44
1546 5297 1631 5336 conen

311 5365 406 5417 mediis
422 5367 527 5418 omissis
543 5369 564 5417 l·
583 5391 610 5404 -
628 5366 668 5417 49.
685 5364 759 5428 facilc
775 5376 827 5413 om.
844 5364 864 5414 0
882 5377 973 5413 errore
991 5366 1094 5427 typogr.
1111 5389 1139 5399 -
1157 5363 1252 5428 44444444]
1267 5363 1351 5425 [onus
1367 5361 1387 5411 Ε
1405 5386 1432 5396 -
1451 5361 1492 5410 st.
1510 5374 1582 5410 4444444
1597 5365 1632 5409 444

310 5438 584 5505 bonmdtpsusTE:
611 5437 1084 5503 bonorsdipuussstnemoo-ts.
1104 5436 1568 5488 monos-assumens?-
1588 5432 1629 5484 41.

311 5512 520 5578 4444144441·-
536 5515 611 5580 444444
628 5511 1071 5576 (44144144444444444444444444Ες
1088 5511 1347 5576 4444444444ωο-
1364 5510 1444 5573 444444]
1460 5508 1629 5571 44444444-
1751 5536 1754 5543 ·

310 5588 352 5638 46.
366 5588 478 5653 4444444444·
492 5588 583 5641 ultim
599 5588 685 5642 littera
702 5589 799 5653 puncto
815 5589 905 5639 notata
916 5588 950 5647 T;
969 5581 1633 5651 4444444444-44444444444--44441441444444-

312 5662 589 5727 scianusVll,tt,t58.
604 5690 631 5701 -
649 5664 690 5715 48.
709 5675 839 5713 4444444444
854 5664 874 5713 Τ
892 5688 920 5699 -
938 5662 979 5713 49.
997 5665 1130 5724 4444444444
1145 5660 1194 5711 ΤΕ
1212 5683 1241 5697 ·-
1260 5659 1300 5711 34.
1317 5672 1399 5711 nosce
1415 5657 1479 5709 TE:
1496 5669 1547 5705 4444
1562 5655 1583 5705 0
1600 5680 1629 5692 -

312 5736 353 5786 34.
371 5738 427 5789 Noe
442 5740 675 5791 cersor--dtcsro
690 5737 772 5788 babet
788 5739 809 5788 Α
828 5765 855 5774 -
880 5736 920 5788 33.
937 5737 1023 5787 videos
1038 5738 1060 5787 Α
1078 5761 1106 5773 -
1125 5735 1315 5799 4414444444Τ
1334 5762 1362 5773 -
1385 5734 1427 5786 34.
1444 5733 1549 5784 mettun
1571 5730 1631 5780 44444

312 5807 1455 5876 ruzmsutrulssao-tsssmsccT-ss.cnscsassorsuastprostcrsmru:
1474 5805 1632 5871 4444444444·

311 5888 619 5947 mosomo.

354 5979 522 6037 4444444
1374 5975 1411 6044 74
