3800 7350
676 1192 749 1259 cn.
770 1192 968 1258 xiv-xv.
995 1188 1042 1275 §t
1064 1187 1213 1256 os-an.
1539 1186 1602 1251 ase

280 1365 369 1431 tavit.
410 1364 535 1430 blecum
562 1364 667 1447 leges,
700 1384 823 1428 mecum
852 1364 1071 1446 quaestiones,
1102 1382 1227 1426 mecum
1257 1363 1327 1426 iura
1351 1368 1603 1451 magistratuum,

279 1480 403 1525 mamm
424 1468 552 1525 senatus
574 1458 753 1533 auctoritas,
775 1477 896 1522 mecum
919 1456 1057 1531 libertas,
1075 1477 1199 1521 mecum
1215 1456 1308 1520 etiam
1326 1457 1451 1543 lrngrsm
1465 1462 1604 1538 ubam,

281 1574 405 1619 mecum
435 1554 568 1620 deorum
596 1560 629 1617 et
655 1552 818 1616 bominum
846 1551 1027 1615 sanctitates
1054 1571 1164 1613 omnes
1192 1557 1225 1613 et
1251 1551 1420 1635 religiones
1434 1556 1604 1621 ,abuerunt-

282 1648 371 1725 Quae
393 1650 423 1713 si
443 1668 568 1733 semper
587 1648 748 1719 abessent,
777 1648 877 1729 magis
898 1653 1019 1709 vestras
1039 1644 1181 1709 fortunas
1201 1644 1343 1728 lugerem
1359 1669 1460 1733 quam
1482 1650 1606 1715 deside·

280 1763 384 1807 rsrenr
405 1762 507 1817 meas;
530 1742 580 1806 sin
600 1738 773 1825 aliquando
794 1748 1028 1813 revocarentur,
1049 1738 1266 1821 intelligebam
1285 1740 1363 1803 mibi
1377 1745 1526 1809 cumillis
1540 1763 1628 1809 unae

281 1858 352 1902 esse
374 1835 581 1901 redeundum.
624 1832 675 1897 35.
699 1834 796 1898 Cuius
821 1835 882 1898 mei
906 1854 1019 1897 sensus
1040 1834 1233 1897 certissimus
1254 1834 1344 1898 testis
1366 1843 1416 1900 est
1435 1837 1487 1901 bic
1508 1838 1604 1913 idem,

281 1933 339 2017 qui
360 1939 466 1995 custos
488 1930 599 2013 capitis
620 1928 696 2002 furit,
726 1928 782 1991 Cn.
804 1929 970 2002 Plancius,
997 1929 1052 2011 qui
1075 1928 1223 1991 omnibus
1244 1930 1490 2011 provincialibus
1512 1952 1605 1996 orna·

280 2026 395 2090 mentis
416 2022 655 2107 commodisque
670 2021 824 2103 depositis
846 2030 943 2085 totam
967 2041 1056 2084 suam
1070 2028 1271 2105 quaesturam
1287 2022 1321 2085 in
1335 2044 1385 2087 me
1399 2027 1604 2091 sustentando

284 2128 316 2184 et
336 2119 556 2183 conservando
577 2116 752 2181 collocavit.
785 2116 849 2192 Qui
870 2117 897 2180 si
919 2115 997 2177 mibi
1020 2123 1168 2200 quaestor
1191 2112 1397 2200 [imperatori]
1418 2117 1549 2195 luisset,
1564 2122 1605 2184 ‘iu

281 2213 340 2277 lilii
368 2213 439 2277 loeo
466 2210 598 2285 fuisset3
627 2230 711 2274 nunc
741 2217 825 2273 certe
847 2210 905 2274 erit
925 2210 959 2272 in
981 2209 1121 2291 parentis
1144 2205 1230 2292 [cum
1250 2207 1348 2274 fuerit
1367 2219 1519 2292 quaestor
1539 2234 1643 2280 nonso

280 2307 421 2390 imperii,
443 2305 500 2370 sed
522 2304 640 2369 doloris
662 2300 749 2387 meil.

365 2397 417 2462 36.
447 2399 660 2483 Quapropter,
688 2406 794 2482 patres
822 2396 1007 2480 conscripti,
1037 2398 1187 2481 quoniam
1211 2396 1246 2460 in
1267 2417 1334 2462 rem
1356 2399 1513 2483 publicam
1535 2422 1605 2465 sum

282 2493 402 2577 pariter
423 2513 494 2556 cum
515 2512 550 2556 re
572 2492 699 2575 publica
719 2493 900 2565 restitutus,
922 2512 988 2554 non
1009 2491 1103 2555 modo
1126 2491 1160 2554 in
1181 2511 1219 2554 ea
1241 2491 1441 2557 defendenda
1454 2495 1533 2558 nihil
1548 2497 1607 2558 mi·

281 2608 376 2651 uuam
405 2587 446 2652 de
475 2587 620 2650 libertate
647 2606 718 2649 mea
743 2585 892 2668 pristina,
926 2585 982 2648 sed
1008 2584 1104 2648 etiam
1126 2584 1297 2666 adaugebo.
1341 2587 1410 2649 XV.
1432 2588 1557 2651 Etenim
1579 2590 1606 2651 si

281 2700 351 2746 eam
372 2688 439 2743 tum
461 2679 684 2754 defendebam,
707 2701 778 2743 cum
799 2678 877 2742 mihi
898 2678 1021 2763 aliquid
1042 2678 1096 2740 illa
1117 2678 1266 2752 debebat,
1288 2680 1366 2762 quid
1387 2700 1473 2744 nunc
1493 2701 1544 2745 me
1561 2682 1645 2750 lawe

280 2795 353 2844 cere
375 2782 517 2858 oportet,
541 2795 612 2839 cum
633 2794 693 2856 ego
715 2774 763 2836 illi
784 2773 954 2856 plurimum
970 2773 1091 2836 debeo‘l
1113 2775 1192 2837 Nam
1207 2772 1285 2856 quid
1300 2774 1450 2858 estquod
1467 2778 1607 2841 animum

281 2889 389 2932 meum
409 2867 554 2952 inungere
575 2876 632 2931 aut
652 2867 815 2931 debilitare
837 2866 952 2950 possit,
975 2868 1065 2930 cuius
1087 2866 1187 2950 ipsam
1202 2867 1410 2932 calamitatem
1432 2890 1498 2933 non
1512 2871 1607 2934 modo

281 2963 401 3026 nullius
424 2962 548 3038 delicti,
569 2962 626 3026 sed
644 2962 739 3025 etiam
754 2961 933 3025 divinorum
947 2960 982 3022 in
998 2981 1066 3023 rem
1080 2960 1240 3044 publicam
1255 2959 1481 3029 beneficiorum
1495 2974 1608 3030 testem

282 3077 351 3121 esse
380 3056 535 3121 videatis?
568 3058 648 3119 Nam
674 3056 839 3139 importata
867 3063 930 3131 est,
960 3055 1033 3139 quia
1055 3052 1260 3118 defenderam
1281 3056 1458 3136 civitatem,
1487 3069 1518 3124 et
1539 3080 1609 3126 mea

281 3150 442 3215 voluntate
471 3158 617 3234 suscepta
645 3156 708 3224 est,
741 3170 782 3212 ne
811 3169 830 3211 a
858 3169 909 3212 me
939 3148 1069 3212 defensa
1099 3168 1150 3211 res
1172 3149 1300 3232 publiea
1320 3171 1378 3233 per
1398 3154 1535 3217 eundem
1558 3173 1646 3222 meso

283 3252 459 3309 extremum
480 3244 514 3307 in
537 3242 705 3307 discrimen
726 3248 903 3306 vocaretur.
946 3239 998 3305 37.
1020 3244 1080 3305 Pro
1102 3262 1153 3306 me
1175 3263 1254 3317 non,
1283 3251 1319 3306 ut
1339 3265 1397 3327 pro
1419 3249 1452 3310 P.
1474 3248 1608 3332 Popilio,

282 3338 480 3403 nobilissimo
502 3335 648 3412 bomine,
670 3336 888 3401 adolescentes
910 3332 983 3409 lilii,
1005 3356 1072 3399 non
1093 3338 1342 3421 propinquorum
1364 3339 1531 3404 multitudo
1552 3361 1610 3425 po·

283 3434 390 3518 pulum
418 3433 594 3495 Romanum
624 3440 673 3495 est
701 3430 887 3513 deprecata;
921 3450 1002 3505 non,
1034 3438 1071 3493 ut
1097 3450 1155 3513 pro
1184 3431 1223 3507 Q.
1244 3431 1393 3506 lletello,
1427 3453 1550 3497 summo
1579 3442 1610 3498 et

284 3526 457 3591 clarissimo
487 3526 574 3601 viro,
604 3532 743 3608 spectata
771 3525 833 3586 iam
861 3524 1075 3588 adolescentia
1104 3520 1205 3599 lilius,
1237 3544 1302 3587 non
1323 3525 1359 3588 L.
1381 3533 1413 3589 et
1436 3526 1469 3590 C.
1491 3527 1610 3591 lletelli

284 3620 481 3696 consulares,
503 3638 567 3684 non
589 3639 699 3684 eorum
721 3617 831 3692 liberi,
855 3638 919 3682 non
942 3618 981 3695 Q.
995 3617 1142 3682 Metellus
1157 3620 1274 3702 Nepos,
1297 3620 1350 3703 qui
1372 3627 1439 3685 tum
1462 3622 1647 3691 consula-so
1714 3694 1716 3699 ,

283 3723 350 3779 tum
371 3714 514 3799 petebat,
543 3735 607 3778 non
629 3712 770 3787 Luculli,
799 3713 940 3787 Servilii,
964 3713 1144 3796 Scipiones,
1173 3712 1371 3777 Metellarum
1392 3714 1466 3792 lilii,
1495 3719 1609 3781 flentes

284 3829 319 3872 ac
338 3808 493 3872 sordidati
513 3808 632 3892 populo
654 3809 795 3871 Romano
818 3806 1092 3892 supplicaverunt:
1114 3805 1170 3869 sed
1193 3826 1275 3870 unus
1295 3805 1402 3884 frater,
1424 3811 1481 3894 qui
1504 3811 1537 3873 in
1559 3831 1608 3875 me

283 3904 400 3986 pietate
422 3898 522 3976 iilius,
545 3901 686 3965 consiliis
708 3920 833 3982 parens,
855 3920 980 3975 amore,
1001 3906 1037 3963 ut
1051 3906 1134 3975 erat,
1156 3898 1253 3963 frater
1266 3900 1415 3966 inventus
1429 3912 1492 3978 est,
1515 3924 1609 3989 squa-

282 3995 350 4060 lore
372 4005 404 4060 et
425 3995 562 4060 lacrimis
584 4003 617 4059 et
638 3993 832 4078 quotidianis
854 3995 1002 4077 precibus
1024 3992 1217 4057 desiderium
1232 3993 1294 4056 mei
1311 3997 1451 4059 nominis
1465 3999 1609 4061 renovari

283 4097 315 4154 et
335 4111 440 4154 rernm
461 4097 619 4172 gestarum
641 4088 825 4152 memoriam
847 4089 993 4170 usurpari
1022 4090 1134 4171 coegit
1172 4087 1235 4164 Qui
1257 4108 1328 4152 cnm
1349 4090 1526 4166 statuisset,
1547 4088 1647 4159 nisiae

283 4205 340 4268 per
361 4205 418 4249 vos
440 4205 491 4247 me
513 4184 736 4266 reciperasset,
765 4182 897 4246 eandem
919 4181 1025 4246 subire
1046 4181 1221 4258 fortunam,
1248 4190 1345 4267 atque
1365 4183 1449 4249 idem
1472 4183 1533 4246 sibi
1554 4185 1610 4248 do·

283 4279 435 4343 micilium
458 4286 490 4341 et
511 4279 593 4341 vitae
616 4285 649 4341 et
669 4277 779 4341 mortis
802 4276 1002 4360 deposceret,
1024 4285 1130 4340 tamen
1151 4297 1324 4360 numquam
1341 4297 1400 4340 nec
1423 4276 1612 4361 magnitudi-

283 4395 357 4439 nem
378 4373 497 4457 negotii
518 4392 577 4437 nec
599 4371 803 4436 solitudinem
824 4391 914 4434 suam
935 4389 995 4433 nec
1009 4370 1074 4434 vim
1094 4371 1296 4435 inimicorum
1310 4391 1347 4435 ac
1361 4371 1424 4435 tela
1438 4372 1612 4455 pertimuit.

350 4700 374 4751 3.
392 4699 511 4750 sanctitas
527 4698 606 4748 mois
622 4698 642 4748 E
661 4724 688 4733 -
707 4698 825 4762 amount
841 4697 873 4748 P:
893 4698 1020 4762 cpiam
1035 4696 1082 4748 ΕΒ
1099 4700 1127 4748 et
1142 4701 1163 4748 G
1180 4711 1220 4762 pr.
1240 4711 1293 4757 m.;
1311 4697 1444 4761 absmu
1460 4703 1480 4750 G
1498 4714 1567 4752 corr.
1582 4725 1609 4737 -

284 4775 309 4826 4.
326 4789 395 4826 uuor
411 4807 443 4832 ..
461 4776 500 4826 sia
518 4777 537 4825 P
554 4800 581 4811 ·-
600 4773 835 4837 {sumpserimus
853 4801 880 4811 -
900 4776 923 4825 7.
939 4774 1047 4837 planae
1064 4775 1084 4824 E
1102 4801 1129 4810 -
1149 4774 1172 4824 8.
1192 4777 1306 4825 autmdc
1323 4778 1342 4826 P
1359 4789 1399 4842 pr.
1414 4788 1451 4826 m.
1465 4802 1492 4812 -
1513 4777 1536 4826 9.
1555 4791 1614 4827 cco·

284 4850 374 4900 bouelt
390 4852 409 4900 P
428 4876 455 4886 -
475 4852 516 4901 40.
532 4850 570 4915 με·
587 4852 606 4900 P
625 4877 652 4887 -·
671 4849 725 4900 loco
741 4854 801 4900 esset
818 4850 838 4900 E
857 4878 884 4888 -
903 4850 991 4902 Verba
1009 4851 1155 4913 imperatori
1172 4854 1199 4901 et
1214 4865 1272 4902 caan
1287 4852 1363 4915 sum
1376 4854 1426 4903 cet.
1440 4855 1548 4903 auctore
1560 4856 1612 4904 Ga·

285 4926 386 4975 ratonio
404 4926 431 4975 in
448 4925 521 4976 Ουήε
537 4938 583 4976 sec.
603 4926 636 4975 od
653 4925 815 4974 Ptnndoncm
833 4938 858 4989 p.
878 4925 909 4975 60
927 4927 961 4990 (p.
980 4926 1029 4976 269
1046 4938 1106 4989 sqq.
1126 4925 1169 4976 ed.
1188 4927 1240 4988 Or.)
1258 4928 1288 4976 ut
1304 4928 1393 4992 spuria
1409 4927 1562 4991 significavi.
1582 4954 1610 4966 -

285 4989 501 5064 ᾳιεεὼήιε-
526 5000 794 5063 scaraps-
818 5000 1081 5062 usparesrrenp.
1101 5001 1120 5050 u
1140 5027 1167 5036 -
1191 5001 1614 5055 camoenas-mem

284 5076 378 5126 ΕΡ-
398 5075 439 5128 44.
457 5078 532 5128 etnim
550 5079 568 5127 P
585 5090 629 5141 pr:
641 5089 692 5136 m.;
711 5082 734 5126 et
750 5077 819 5134 Erl.;
838 5076 1057 5127 atsaiw-debeo
1071 5069 1125 5126 om'.
1138 5077 1157 5125 B
1171 5102 1198 5111 -
1219 5077 1258 5127 ta.
1276 5077 1338 5127 mus
1353 5089 1406 5128 om.
1420 5078 1437 5127 S
1453 5080 1482 5128 et
1497 5080 1558 5143 lag.
1571 5081 1612 5132 so.

284 5152 325 5201 84.
344 5149 385 5202 nl.
405 5177 432 5188 -
451 5165 491 5201 me
507 5166 573 5201 nunc
589 5151 642 5202 Eri.
665 5178 691 5187 -
710 5152 751 5202 48.
770 5151 911 5200 diuinorum
927 5153 990 5202 PB:
1008 5152 1116 5201 duomm
1132 5152 1179 5201 EF
1198 5177 1225 5186 —
1244 5153 1272 5201 io
1287 5165 1340 5202 mm
1357 5165 1393 5215 ,μ
1411 5154 1470 5202 PS:
1488 5154 1515 5203 in
1530 5169 1559 5206 re
1577 5170 1611 5218 .p.

286 5227 383 5276 GE-
404 5227 444 5277 49.
462 5241 513 5278 esse
529 5240 582 5278 om.
602 5227 621 5276 E
641 5251 667 5262 -
686 5240 749 5276 ecca
765 5227 840 5276 PGS
857 5229 884 5276 et
900 5228 979 5290 Lagg.
998 5224 1105 5290 praeter
1122 5227 1169 5277 ⁴9:
1188 5240 1248 5276 nam
1265 5232 1288 5276 et
1304 5227 1365 5283 EO,
1385 5227 1446 5290 Lag.
1466 5229 1506 5279 49.
1522 5257 1549 5266 -
1567 5232 1614 5281 ἰηι-

286 5307 376 5363 petato
393 5302 441 5352 EF
460 5328 486 5337 -
505 5303 546 5353 84.
565 5303 593 5352 in
609 5303 629 5352 B
647 5315 706 5366 sup,
725 5301 769 5352 lin.
788 5303 850 5365 post
865 5315 911 5351 me.
933 5329 960 5339 -
985 5301 1070 5364 pallio
1087 5304 1175 5352 PG-
1193 5302 1288 5364 Popilio
1304 5301 1391 5351 PGS:
1406 5305 1499 5365 populo
1515 5305 1548 5365 E,
1566 5308 1614 5356 Pc-

282 5377 354 5439 pitto
371 5378 401 5427 0.
428 5378 447 5426 P
463 5375 546 5428 semel
565 5375 649 5428 babet
664 5377 782 5439 Popillius
798 5390 825 5441 p.
843 5375 900 5436 846,
919 5377 949 5436 53
968 5376 1017 5427 scd
1033 5390 1060 5441 p.
1078 5377 1135 5437 850,
1155 5378 1178 5428 4.
1196 5378 1254 5439 854,
1274 5379 1314 5427 44.
1332 5377 1392 5438 888,
1405 5379 1430 5439 4,
1448 5379 1513 5430 item
1530 5381 1556 5431 ln
1573 5396 1612 5433 or.

286 5449 320 5501 de
337 5450 417 5501 domo
440 5464 488 5502 sua
512 5452 527 5515 g
544 5452 585 5502 88.
603 5452 644 5502 87.
671 5451 791 5514 Popilius,
814 5452 842 5500 et
863 5451 902 5501 sio
920 5452 1000 5502 etiam
1016 5452 1102 5503 codex
1118 5454 1139 5502 a
1156 5453 1183 5503 in
1200 5466 1240 5504 or.
1257 5453 1333 5503 verr.
1351 5452 1394 5514 Ν,
1412 5452 1427 5516 5
1444 5453 1486 5515 345,
1504 5454 1553 5506 sed
1570 5457 1612 5515 lv,

286 5525 492 5589 §ttizpaptlto
510 5526 762 5590 exceptio-22.
781 5525 1054 5577 adamomPG—
1072 5527 1306 5578 aretoas·
1324 5526 1613 5581 succussatura

288 5627 315 5637 -
332 5615 384 5651 noo
399 5603 461 5653 ante
478 5602 505 5653 l.
518 5607 542 5652 ot
553 5602 579 5653 G.
594 5604 621 5653 et
637 5602 686 5652 tria
702 5615 753 5652 aon
771 5613 839 5665 quae
857 5605 1006 5666 sequuntur
1016 5615 1069 5652 om.
1083 5602 1175 5654 Lamb.
1189 5629 1216 5640 -
1235 5604 1277 5654 26.
1295 5603 1453 5655 Paullum
1468 5605 1612 5656 Manutius:

285 5675 440 5726 Hebdomon
455 5676 534 5728 codd.
562 5676 601 5729 Ci.
620 5677 686 5727 intra
703 5675 737 5727 ad
756 5689 782 5740 p.
800 5676 858 5738 850,
872 5677 896 5727 6.
916 5703 943 5713 -
962 5677 1003 5728 88.
1021 5678 1183 5741 squattcreli
1203 5707 1230 5717 -
1248 5679 1290 5730 29.
1308 5680 1440 5730 casetano
1455 5681 1542 5742 Pes,
1560 5685 1615 5732 cot·

286 5751 388 5802 tldiacs's
403 5752 424 5802 l:
441 5777 469 5788 -
488 5752 530 5804 34.
544 5767 593 5816 per
607 5766 652 5804 cos
666 5765 707 5804 ose
722 5753 752 5802 s:
771 5764 811 5802 me
827 5764 880 5803 om.
900 5754 962 5812 Po;
990 5765 1029 5804 nse
1043 5766 1148 5817 percos
1163 5753 1210 5804 EF
1229 5780 1257 5791 -
1274 5755 1436 5817 reciperarat
1451 5755 1487 5803 P:
1509 5767 1614 5818 recaepe-

286 5829 448 5878 rosseto-
474 5828 1065 5893 otqwetdelatqaeetdanstbtidonsl.
1086 5855 1113 5865 -
1136 5829 1419 5882 ditescendi-21³:
1442 5829 1612 5880 ombo-

286 5898 328 5952 33.
345 5913 390 5955 nec
406 5901 456 5955 teto
472 5901 543 5955 Crat.
560 5913 663 5967 margo.
