3800 7350
336 1160 398 1227 962
565 1188 567 1191 ’
757 1162 909 1228 ORATIO
931 1164 1010 1229 etto
1032 1167 1066 1230 P.
1089 1167 1231 1232 SESTIO

335 1336 457 1418 patriae
478 1350 666 1414 recuperare
686 1332 784 1396 vellet
805 1341 958 1417 ereptum.
995 1335 1138 1417 Simplex
1160 1356 1264 1411 causa,
1286 1346 1434 1404 constans
1455 1343 1548 1418 ratio,
1569 1345 1664 1429 plena

335 1426 554 1492 consensionis
581 1426 741 1500 omnium,
773 1426 868 1509 plena
896 1426 1096 1491 concordiae.
1148 1428 1293 1513 Collegas
1320 1433 1478 1499 adiutores
1511 1436 1662 1517 babebat3

334 1521 473 1586 consulis
495 1520 627 1583 alterius
648 1540 805 1583 summum
828 1520 984 1597 studium,
1006 1522 1137 1587 alterius
1159 1524 1284 1588 animus
1306 1545 1408 1608 paene
1430 1530 1583 1612 placatus.
1614 1537 1663 1599 De

333 1613 529 1697 praetoribus
550 1633 634 1677 unus
655 1613 797 1690 alienus;
826 1620 954 1677 senatus
975 1614 1171 1679 incredibilis
1193 1616 1356 1695 voluntas,
1384 1624 1526 1706 equitum
1548 1628 1663 1693 Roma·

309 1719 445 1771 snorum
466 1706 564 1770 animi
586 1707 626 1769 ad
649 1725 775 1770 causam
798 1707 941 1781 excitati,
964 1717 1068 1771 erecta
1089 1708 1189 1773 ltalia.
1226 1712 1298 1773 Duo
1320 1713 1380 1777 soli
1403 1725 1493 1782 erant
1507 1722 1603 1806 empti
1621 1723 1661 1786 ad

333 1801 587 1885 impediendum:
616 1801 673 1886 qui
701 1802 728 1863 si
755 1801 903 1864 hominos
926 1800 1066 1886 despecti
1088 1810 1120 1865 et
1141 1805 1315 1887 contempti
1337 1814 1457 1873 tantam
1479 1831 1545 1876 rem
1567 1816 1662 1879 susti-

331 1917 406 1960 nere
429 1915 495 1959 non
515 1896 712 1977 potuissent,
734 1914 769 1957 se
791 1914 929 1969 causam,
953 1914 1048 1977 ιῃιιιιιι
1067 1907 1269 1979 susceperat,
1291 1899 1380 1963 nullo
1394 1902 1504 1969 labore
1518 1916 1663 1990 peractu-

331 2012 399 2055 rum
421 1989 557 2055 ridebat
596 1988 717 2072 Agebat
745 1988 951 2063 auctoritate,
980 1989 1094 2072 agebat
1114 1990 1264 2066 consilio,
1293 1994 1406 2077 agebat
1426 2018 1484 2082 per
1504 2020 1661 2066 summum

331 2083 493 2158 ordinem,
514 2083 628 2166 agebat
651 2081 798 2165 exemplo
821 2082 979 2145 bonorum
1001 2101 1038 2145 ac
1060 2083 1188 2147 fortium
1210 2085 1344 2150 civium:
1367 2090 1445 2172 qnid
1467 2095 1661 2178 republica,

293 2177 408 2261 sequid
437 2198 472 2241 se
501 2178 630 2259 dignum
661 2183 761 2250 esset,
789 2176 861 2258 quis
893 2176 962 2258 ipse
990 2186 1089 2252 esset,
1112 2177 1190 2261 quid
1213 2198 1358 2261 sperare,
1387 2186 1466 2268 qnid
1487 2188 1660 2253 maioribus

329 2274 394 2338 suis
422 2271 557 2336 reddam
580 2269 727 2342 deberet,
756 2269 999 2351 diligentissime
1021 2271 1188 2355 cogitabat.
1232 2273 1312 2337 XLl.
1334 2273 1386 2339 88.
1407 2278 1491 2343 Huic
1513 2284 1658 2365 pruritui

328 2365 467 2429 hominis
494 2363 623 2428 ridebat
654 2362 708 2426 ille
737 2363 892 2445 gladiator
920 2386 971 2439 se,
1000 2366 1027 2428 si
1058 2366 1197 2430 moribus
1218 2379 1341 2449 ageret,
1370 2392 1478 2454 parem
1500 2394 1571 2440 esse
1592 2396 1658 2441 non

327 2482 439 2544 posse:
468 2459 509 2524 ad
531 2456 750 2542 quotidianam
772 2458 916 2533 caedem,
946 2459 1110 2533 incendia,
1131 2463 1259 2544 rapinas
1282 2482 1317 2525 se
1339 2483 1411 2526 cum
1433 2471 1575 2534 exercita
1597 2491 1657 2534 suo

327 2556 477 2631 contnlit;
500 2554 628 2615 domum
650 2570 850 2634 oppugnare,
872 2552 1039 2616 itineribus
1055 2569 1231 2629 occurrere,
1252 2556 1284 2618 vi
1307 2555 1463 2622 lacessere
1485 2570 1517 2623 et
1536 2571 1657 2630 terrere

289 2658 317 2704 ⁴⁵
326 2650 441 2733 coepit
475 2651 545 2711 Non
567 2646 665 2709 movit
686 2645 847 2709 hominem
870 2666 993 2709 summa
1008 2646 1162 2728 gravitate
1178 2668 1364 2731 summaque
1379 2655 1576 2719 constantiae
1598 2657 1656 2723 sed

325 2762 518 2827 quamquam
545 2739 635 2804 dolor
663 2738 779 2813 animi,
812 2740 921 2803 innata
950 2740 1096 2814 libertas,
1129 2749 1275 2825 prompta
1303 2744 1530 2831 excellensque
1554 2750 1657 2815 virtus

323 2837 530 2901 fortissimum
556 2834 659 2897 virum
687 2833 888 2907 hortabatur,
918 2834 949 2896 vi
971 2834 1036 2897 vim
1058 2833 1212 2909 oblatam,
1234 2839 1421 2918 praesertim
1444 2842 1590 2925 saepius,
1618 2853 1657 2908 ut

322 2930 482 3014 frangeret
508 2935 540 2992 et
566 2926 733 3001 refutaret,
762 2934 849 2990 tanta
869 2925 1046 2990 moderatio
1067 2925 1130 2991 fuit
1150 2929 1305 3005 hominis,
1333 2938 1454 2996 tantum
1477 2937 1656 3012 consilium,

321 3035 358 3091 ut
379 3024 555 3089 contineret
575 3022 717 3086 dolorem
738 3041 845 3104 neque
867 3022 979 3085 eadem
1001 3041 1035 3083 sc
1057 3041 1091 3083 re
1113 3022 1335 3099 ulcisceretur,
1362 3046 1428 3109 qua
1450 3037 1536 3093 esset
1555 3029 1657 3095 laces·

274 3121 419 3195 absitus,
441 3118 498 3183 sed
519 3116 610 3179 illum
633 3124 680 3180 tot
699 3117 761 3178 iam
783 3116 816 3177 in
837 3114 1003 3178 funeribus
1023 3117 1070 3179 rei
1093 3114 1240 3200 publicae
1262 3119 1474 3186 exsultantem
1495 3142 1533 3187 ac
1554 3124 1655 3209 tripu-

321 3215 460 3279 dientem
469 3211 604 3293 degum,
626 3209 654 3272 si
675 3216 800 3294 posset,
822 3209 946 3293 laqueis
968 3210 1206 3293 constringeret.
1245 3208 1296 3275 89.
1319 3213 1492 3280 Descendit
1506 3217 1547 3283 ad
1562 3237 1655 3283 accu-

321 3308 464 3374 sandum.
495 3305 576 3381 Quis
597 3323 747 3388 nmquam
766 3311 830 3367 tam
845 3305 974 3386 proprie
988 3304 1035 3366 rei
1054 3303 1198 3386 publicae
1213 3310 1330 3369 causat
1353 3308 1449 3373 nullis
1464 3310 1653 3389 inimicitiis,

320 3402 416 3467 nullis
437 3398 604 3484 praemiis,
626 3398 715 3461 nulla
735 3397 899 3461 hominurn
922 3396 1139 3478 postulatione
1162 3405 1216 3463 aut
1238 3398 1333 3462 etiam
1355 3400 1509 3483 opinione
1530 3405 1654 3471 ideam

318 3514 471 3580 umquam
492 3512 563 3556 esse
583 3491 750 3555 ianuarum.
783 3490 885 3554 Fracti
909 3496 999 3552 amnt
1013 3489 1111 3552 animi
1127 3490 1282 3555 hominis:
1302 3492 1364 3558 hoc
1379 3495 1465 3559 enim
1480 3507 1652 3565 accusante

214 3608 218 3616 ¹
281 3588 444 3674 sepsistini
467 3586 553 3651 illius
574 3586 624 3649 sui
639 3585 749 3650 iudicii
764 3582 993 3667 turpitudinem
1009 3582 1207 3665 desperabat.
1239 3586 1322 3650 Ecce
1337 3587 1394 3651 tibi
1411 3591 1540 3669 consul,
1561 3613 1652 3678 prae·

319 3693 386 3759 tor,
414 3680 561 3746 tribunus
588 3680 633 3764 pl.
654 3699 739 3743 nova
765 3678 841 3741 nori
870 3674 996 3760 generis
1018 3678 1119 3742 edicta
1141 3692 1342 3762 proponunt:
1377 3704 1436 3748 ane
1460 3706 1535 3751 reos
1556 3687 1650 3764 adsit,

318 3799 359 3844 ne
381 3779 512 3850 citetur,
540 3794 582 3838 ne
604 3780 789 3857 quaeratur,
819 3793 860 3835 ne
890 3773 1083 3836 mentionem
1106 3775 1236 3838 omnino
1259 3776 1407 3862 cuiquam
1429 3780 1572 3847 iudicum
1595 3792 1652 3848 ant
1676 3830 1679 3835 -

316 3873 508 3937 iudiciorum
528 3869 632 3932 faeere
653 3866 776 3930 liceat.»
814 3865 900 3942 Quid
923 3875 1032 3948 ageret
1047 3868 1095 3929 vir
1115 3870 1156 3931 ad
1171 3869 1337 3946 virtutem,
1361 3873 1558 3955 dignitatem,
1581 3877 1650 3961 glo·

316 3968 395 4031 riam
424 3972 532 4038 natus,
560 3963 592 4024 vi
624 3960 850 4024 sceleratorum
877 3960 1043 4022 hominnm
1064 3963 1284 4038 corroborata,
1308 3965 1432 4049 legibus
1454 3969 1648 4056 iudiciisque

279 4060 472 4126 aosublatisl
505 4057 652 4121 Cervices
674 4054 818 4118 tribunus
839 4053 883 4136 pl.
905 4055 1044 4135 privato,
1069 4058 1362 4137 praestantissimus
1384 4061 1434 4123 vir
1454 4064 1648 4147 profligatis·

317 4157 396 4221 simo
418 4153 542 4218 homini
564 4149 677 4213 daret?
706 4168 747 4211 an
770 4167 894 4211 causam
916 4158 1093 4232 susceptam
1115 4149 1290 4233 affligeret?
1313 4173 1354 4216 an
1376 4175 1411 4218 se
1434 4155 1522 4220 domi
1545 4158 1649 4221 eonti-

317 4252 429 4313 neret?
450 4250 491 4311 Et
511 4244 596 4309 rinei
616 4251 709 4326 turpe
730 4242 851 4326 putavit
873 4248 905 4305 et
926 4241 1077 4307 deterreri
1097 4253 1129 4308 et
1143 4244 1251 4308 latere.
1280 4246 1414 4311 Perfecit
1427 4259 1473 4326 ut,
1496 4251 1648 4335 quonism

317 4343 377 4406 sibi
399 4343 432 4404 in
454 4341 545 4404 illum
566 4337 689 4420 legibus
710 4337 755 4399 irti
778 4355 843 4399 non
866 4337 993 4411 liceret,
1022 4338 1108 4401 illius
1138 4339 1202 4400 vim
1223 4359 1328 4424 neque
1350 4342 1384 4404 in
1406 4364 1465 4408 suo
1488 4364 1594 4430 neque
1614 4346 1648 4410 in

316 4438 363 4499 rei
384 4434 529 4518 publicae
550 4430 692 4514 periculo
718 4431 962 4514 pertimesceret.
1006 4432 1102 4493 XLII.
1125 4428 1175 4494 90.
1199 4432 1272 4509 Quo
1295 4434 1392 4500 modo
1414 4438 1512 4522 igitur
1531 4441 1595 4505 boc
1614 4441 1648 4504 in

279 4540 433 4615 aspernere
454 4525 606 4611 praesidii
627 4524 800 4607 comparati
821 4543 952 4587 accusas
968 4525 1125 4599 Sestium,
1148 4547 1218 4590 curn
1240 4527 1324 4591 idern
1347 4529 1458 4596 laudes
1472 4534 1647 4600 lliloneml

315 4627 364 4688 An
387 4623 442 4706 qui
464 4640 522 4684 sua
542 4625 624 4681 tecta
645 4616 805 4692 defendit,
827 4617 882 4700 qui
904 4619 944 4680 ab
959 4618 1022 4681 aris
1040 4618 1120 4682 focis
1134 4620 1253 4684 ferrum
1268 4618 1489 4710 flammamque
1505 4626 1647 4712 depellit,

316 4716 372 4800 qui
393 4713 455 4778 sibi
476 4713 572 4776 licere
592 4711 661 4774 vult
682 4717 750 4775 tuto
774 4729 843 4774 esse
866 4711 899 4773 in
921 4709 1007 4787 foro,
1036 4713 1068 4776 in
1091 4714 1227 4798 templo,
1250 4715 1283 4779 in
1306 4717 1412 4794 curia,
1434 4718 1504 4784 iure
1525 4722 1647 4805 praesi-

369 4958 394 5006 4.
412 4967 467 5005 ers
481 4954 516 5004 .1›.
529 4957 583 5001 4444
594 4950 649 5014 (444)
663 4953 696 5010 Ρ;
714 4951 863 5015 tlsoperne
875 4955 1009 5017 punctata)
1021 4954 1059 5005 rei
1072 4968 1098 5018 p.
1111 4959 1208 5016 tumt33
1227 4957 1254 5008 in
1266 4957 1344 5010 codd.
1355 4957 1490 5024 plerisque
1500 4960 1562 5011 suot
1571 4962 1643 5012 varia

316 5026 722 5084 menda.-o.coosocerto-
742 5027 766 5077 7.
782 5030 953 5089 44444446-
973 5030 1211 5094 tammonem:
1230 5047 1365 5098 aosposss
1381 5034 1643 5099 adsmurafacestt,

316 5111 343 5159 et
359 5109 398 5158 sic
414 5107 441 5155 in
457 5107 477 5157 P
493 5103 613 5155 additum
629 5115 687 5167 sup.
706 5100 751 5152 lin.
770 5115 806 5153 m.
819 5103 835 5152 2
852 5115 923 5163 rec.;
942 5118 993 5154 ooo
1007 5119 1095 5168 posse:
1119 5108 1153 5156 ad
1167 5108 1278 5171 serrum,
1296 5110 1330 5160 ad
1344 5110 1413 5174 [4444
1429 5107 1492 5160 edd.
1511 5109 1546 5172 [in
1563 5107 1643 5162 codd.

316 5182 381 5232 dett.
403 5179 478 5231 locus
499 5178 595 5241 deest.)
614 5205 641 5212 —
671 5176 710 5227 43.
734 5177 887 5228 cotidianam
909 5180 958 5230 PG
984 5207 1010 5216 -
1038 5183 1079 5232 47.
1101 5182 1252 5234 4444444444
1276 5187 1338 5237 PG:
1364 5182 1596 5237 bortabcatsubo
1614 5209 1642 5221 -
1727 5225 1730 5229 .

316 5256 474 5308 4844444444
489 5261 586 5315 mea,
605 5251 805 5304 toatmnbamb.
818 5253 844 5303 in
857 5266 939 5317 marg.
953 5279 981 5291 -
1001 5257 1042 5306 49.
1055 5270 1084 5306 re
1098 5259 1153 5306 seG
1168 5284 1195 5294 -
1214 5258 1255 5308 30.
1268 5258 1519 5309 mdtaetemPG-
1538 5258 1646 5310 itm

314 5332 342 5381 44
357 5334 377 5383 Ρ
393 5343 453 5396 sup.
471 5328 515 5381 lin.
534 5340 571 5379 m.
589 5330 690 5378 vetere.
710 5353 736 5363 -
756 5327 796 5377 43.
815 5328 842 5376 id
858 5341 914 5379 4444
930 5343 1051 5393 unquam
1067 5330 1212 5383 Lambinus
1231 5333 1265 5394 (ia
1281 5346 1365 5398 marg.
1384 5333 1429 5383 ed.
1446 5331 1533 5395 stult:
1554 5333 1582 5385 44
1597 5331 1646 5386 44-

313 5399 1051 5469 quamP¹lprotdssisiquam);idraaouamP¹GO-
1073 5408 1287 5470 asprenas-uer
1306 5435 1332 5449 -
1353 5408 1457 5459 4444444
1476 5409 1645 5461 -34444-

312 5480 434 5532 44444444
448 5481 468 5530 Ρ
487 5506 514 5516 -
538 5479 579 5530 34.
597 5479 728 5544 addicam
743 5480 777 5538 P;
800 5477 917 5530 4444444444
933 5479 1103 5531 Ruhnkenius
1121 5482 1287 5544 (Mnemosyne
1302 5483 1350 5544 111,
1368 5494 1396 5548 p.
1408 5481 1465 5544 232)
1484 5484 1512 5533 et
1527 5484 1644 5537 Momm-

314 5557 414 5608 senius.
434 5579 463 5592 -
481 5554 523 5605 ³2.
539 5559 563 5605 44
578 5554 664 5604 tatere.
681 5553 784 5617 44444444
799 5559 828 5604 ut
844 5554 989 5616 Madvigius
1012 5567 1040 5619 p.
1057 5554 1120 5606 tte:
1139 5557 1215 5608 444444
1230 5558 1326 5622 eripere
1341 5558 1398 5608 44444
1413 5557 1488 5623 (sipi
1504 5558 1589 5609 4444444
1605 5560 1642 5623 1³¹)

312 5636 341 5682 44
356 5632 389 5693 Ρ;
407 5630 483 5682 etiam
498 5629 594 5693 4444444
609 5629 772 5692 mptum
790 5629 876 5680 Etiam
891 5640 905 5678 4
920 5628 1065 5691 republica
1079 5630 1183 5680 44444444
1198 5631 1640 5697 ιιεοριιὶίωοιοοιιί.4.4ω1)444;

312 5713 336 5756 et
351 5711 443 5759 4444444
454 5706 548 5770 petra
565 5705 691 5768 3444444444
701 5703 885 5769 Seyttertusp.
899 5703 940 5753 63.
953 5731 987 5742 -
1003 5702 1043 5755 34.
1061 5703 1089 5754 io
1104 5705 1150 5756 boc
1165 5718 1256 5770 qm
1266 5706 1310 5760 ed.
1322 5709 1389 5758 lunt.
1402 5708 1460 5758 etl.
1475 5735 1502 5745 -
1521 5707 1563 5759 33.
1580 5722 1643 5759 444-

310 5780 608 5843 squamme-
632 5776 945 5843 36.aaissocisqaecod.
964 5780 1056 5831 Fronc.
1075 5781 1308 5846 -ttamasaquel’
1327 5781 1520 5835 -ataoue
1540 5785 1643 5839 -4444

313 5853 347 5903 P:
364 5853 393 5905 44
407 5867 437 5909 rs
453 5857 483 5908 (l.
