3800 7350
706 1706 750 1801 ii.
776 1709 918 1801 iiiiii
944 1707 1175 1804 CICERONIS

452 1935 601 2026 1¹30
640 1937 696 2026 li.
727 1937 1077 2028 VALERIO
1118 1934 1419 2027 FLACCO

732 2167 884 2233 ORATIO
905 2170 961 2231 aii
983 2166 1153 2233 ionicus,

839 2365 1044 2417 nucounuviu

622 2523 682 2585 10.
705 2523 957 2586 ouonoius
981 2523 1239 2584 munitus.

627 2946 630 2954 ¹
719 2872 900 2933 corinun
919 2870 1161 2932 nxnnrcarro

315 3019 340 3039 =
358 3004 502 3058 Scholiasta
522 3004 661 3057 bobiensis
679 3005 751 3070 apud
773 3008 839 3070 ling.
857 3007 956 3059 Maium
979 3006 1056 3058 Closs
1074 3006 1145 3057 Arici.
1162 3018 1176 3056 s
1194 3004 1272 3056 iun.
1289 3004 1361 3055 codd.
1379 3002 1437 3055 edit.
1454 3004 1483 3055 T.
1501 3005 1523 3055 il
1539 3017 1567 3070 p.
1585 3004 1597 3056 4

357 3093 435 3145 seqq.
453 3079 497 3131 ed.
516 3083 622 3131 nostrae
639 3094 665 3145 p.
683 3080 733 3131 uso
750 3093 826 3145 seqq.

316 3178 342 3198 =
360 3155 443 3206 codex
460 3155 660 3216 Ambrosianus,
678 3154 749 3208 nude
766 3156 944 3220 fragmentum
962 3154 1171 3217 Mediolanense,
1189 3155 1258 3206 inter
1274 3166 1334 3219 cap.
1345 3152 1363 3203 2
1375 3152 1429 3204 eti
1445 3152 1524 3203 buius
1540 3164 1602 3202 ora-

357 3231 433 3282 tionis
449 3230 593 3289 insertum,
611 3230 712 3295 primus
730 3228 812 3281 edidit
828 3232 893 3294 iing.
907 3230 992 3281 Maius
1005 3230 1088 3283 Orctt.
1098 3243 1148 3295 pro
1159 3229 1269 3290 Sem,
1285 3241 1334 3291 pro
1347 3227 1438 3289 mie,
1453 3240 1502 3290 pro
1513 3226 1603 3277 noceo

356 3306 442 3356 Parias
455 3307 521 3356 imo.
540 3304 645 3356 iiedioi.
663 3304 736 3357 itii.
764 3305 803 3356 Ci.
822 3307 975 3368 Pawonnm
992 3318 1019 3370 p.
1035 3305 1083 3357 iti
1099 3318 1158 3369 seq.
1176 3306 1204 3356 et
1220 3317 1247 3369 p.
1264 3302 1312 3353 iiii
1328 3314 1406 3366 seqq.

311 3394 336 3414 =
355 3379 441 3432 codex
457 3380 615 3441 Vaticanus,
633 3379 667 3430 de
685 3392 739 3444 quo
750 3380 906 3431 Garumnius
922 3379 958 3430 ad
974 3381 1064 3431 maon.
1075 3392 1103 3445 p.
1115 3379 1175 3431 3⁴6:
1196 3376 1303 3429 «codex
1319 3377 1362 3427 est
1377 3375 1494 3440 optimus
1510 3376 1538 3426 at
1553 3386 1604 3425 sn·

357 3454 532 3518 nouissimus,
557 3454 686 3520 quamata
706 3455 806 3516 iorma,
833 3451 999 3506 membranis
1020 3451 1167 3514 latissimis,
1189 3465 1242 3504 una
1264 3464 1371 3516 queque
1391 3448 1486 3515 pagina
1504 3449 1531 3499 in
1548 3452 1603 3501 ires

356 3526 493 3580 columnas
511 3528 608 3591 divisa,
625 3528 790 3594 marginibus
807 3528 888 3580 etiam
904 3528 969 3579 satis
986 3526 1080 3594 amplis
1095 3527 1250 3590 interiectis,
1269 3537 1351 3591 quem
1363 3524 1389 3575 in
1400 3520 1540 3575 Tabulario
1552 3523 1604 3575 Bs-

357 3600 446 3652 siiicse
467 3614 577 3654 versare
598 3603 662 3654 mihi
683 3617 716 3654 ao
736 3606 821 3655 totum
842 3602 964 3655 conferre
984 3602 1066 3655 licuit.
1100 3602 1239 3655 sexdecim
1260 3600 1372 3667 proinde
1393 3598 1505 3665 paginae
1524 3598 1603 3650 buius

357 3677 534 3742 fragmentum
555 3680 680 3731 orationis
705 3681 743 3743 (in
761 3681 789 3732 Ι..
808 3681 943 3742 Pisonem)
962 3679 1111 3738 coniuent.
1131 3677 1205 3742 quod
1220 3680 1282 3728 ente
1299 3672 1370 3728 mille
1392 3670 1536 3739 plorasque
1553 3670 1605 3724 ior·

356 3755 427 3804 tasse
443 3765 529 3804 annos
545 3754 728 3819 conscriptum
744 3759 786 3806 est
802 3753 894 3806 litteris
912 3753 1058 3807 maioribus
1074 3766 1179 3805 summa
1191 3750 1333 3816 diligentia.
1351 3748 1428 3811 Quod
1444 3747 1542 3799 deinde
1558 3760 1604 3799 se-

356 3828 445 3893 quitur
461 3830 547 3880 totum
564 3828 711 3880 minoribns
727 3827 820 3881 litteris
836 3827 1025 3897 perscribitur,
1044 3840 1158 3893 querum
1173 3825 1259 3878 torma
1271 3823 1357 3890 quivis
1367 3821 1443 3875 iaesse
1456 3820 1605 3873 adducatur

356 3903 387 3952 ut
402 3901 494 3955 seculo
510 3903 616 3956 decimo
630 3904 823 3970 descriptorem
834 3905 931 3956 vixisse
946 3905 1065 3955 maneat.
1088 3899 1163 3954 Haud
1176 3904 1250 3953 carte
1265 3898 1406 3966 posterior,
1423 3896 1502 3964 psuio
1513 3899 1603 3948 tamen

357 3978 487 4042 antiquior
508 3979 531 4030 is
556 3991 617 4030 csse
641 3980 736 4045 potuit.
770 3979 806 4029 Ea
828 3991 894 4029 vero
914 3991 977 4043 pars
994 3982 1036 4030 est
1056 3975 1140 4028 multo
1156 3976 1285 4037 maxima,
1311 3986 1365 4039 qua
1385 3971 1533 4036 fragmenta
1554 3983 1604 4036 pro

358 4051 450 4103 Flacco
467 4051 508 4117 (ss
519 4051 624 4116 ³9—sii
642 4056 670 4104 et
685 4066 734 4119 pro
747 4054 867 4113 Fonteio,
885 4053 983 4106 deinde
994 4050 1154 4118 Philippicae
1166 4051 1360 4102 continentur.»
1378 4045 1417 4098 ci.
1429 4045 1604 4099 Niebubrinm

358 4128 438 4179 orati
454 4140 503 4190 pro
518 4128 554 4177 ii.
572 4127 673 4178 Fossae
690 4132 714 4178 st
724 4141 775 4192 pro
792 4127 818 4179 G.
836 4127 940 4180 iiam
957 4129 1085 4193 From
1102 4140 1129 4192 p.
1141 4125 1173 4177 37
1190 4137 1267 4188 seqq.
1286 4126 1315 4175 at
1329 4134 1357 4187 p.
1374 4121 1422 4173 iiiii
1438 4133 1510 4185 sqq„
1527 4121 1603 4171 cuius

358 4199 496 4253 collatione
513 4214 545 4252 ea
562 4202 603 4253 usi
620 4214 726 4264 sumus,
747 4214 828 4267 mam
845 4201 922 4254 nobis
934 4216 950 4255 e
963 4200 1100 4256 Niebnbrii
1116 4197 1239 4265 exemplo
1249 4196 1425 4250 Gamtoniano
1442 4194 1603 4259 exscriptam

356 4275 535 4343 suppeditavit
550 4276 673 4327 iiansrns.
691 4277 721 4328 in
737 4289 816 4328 nsum
833 4277 926 4328 uocaui
943 4279 1024 4331 etiam
1040 4289 1108 4342 quas
1125 4288 1158 4328 sx
1174 4274 1227 4326 boc
1243 4272 1337 4325 codlca
1354 4270 1494 4336 exsenpsit
1509 4267 1603 4322 lactio-

355 4364 404 4404 nss
420 4353 478 4417 ipse
494 4351 659 4402 Garatonius.
681 4351 720 4402 ci.
738 4363 820 4416 supra
836 4364 864 4417 p.
881 4351 939 4404 tes.

310 4439 337 4461 =
355 4425 441 4478 codex
456 4422 663 4490 salisburgensis
678 4424 780 4478 aulicus
796 4439 823 4476 n.
835 4425 881 4490 34,
899 4439 971 4480 nnnc
981 4426 1043 4480 cod.
1054 4426 1111 4480 bat.
1124 4424 1289 4478 iionsceusis
1300 4421 1394 4486 iniat,
1411 4420 1446 4473 sb
1457 4421 1478 4473 1.
1491 4423 1522 4472 (i.
1534 4421 1603 4473 iias-

356 4510 461 4549 nrsoxao
477 4496 676 4563 diligentissime
696 4498 815 4551 collatus.

311 4588 337 4608 =
355 4571 416 4625 cod.
433 4572 577 4626 Beruensis
594 4589 620 4626 n.
638 4573 696 4626 sti.
723 4574 761 4626 Ci.
780 4572 858 4626 Halm
873 4589 923 4627 sor
938 4574 1210 4640 [immittentem
1224 4576 1270 4627 dar
1285 4573 1336 4626 Oic.
1354 4571 1426 4623 Scir.
1444 4585 1471 4637 p.
1490 4570 1531 4623 io.

311 4665 338 4685 ν·-
357 4650 450 4698 aretas
466 4647 576 4711 codex»,
595 4661 610 4700 e
628 4661 682 4713 quo
699 4649 813 4700 Levinns
828 4649 982 4703 Torrentius
1001 4663 1102 4717 paucas
1117 4648 1247 4703 lectiones
1263 4643 1304 4702 ad'
1314 4648 1464 4713 marginem
1479 4645 1601 4698 editionis

355 4723 520 4774 flnuniianae
538 4724 571 4787 (a.
584 4723 657 4785 tutti
674 4724 822 4789 exscripsit.

309 4808 336 4829 =
354 4796 433 4847 editio
451 4797 543 4849 i‘aiirni
560 4798 707 4860 rarissima,
728 4800 827 4850 Rornae
845 4800 918 4853 taos.

357 4872 451 4924 Cetera
469 4870 533 4936 sigla
550 4872 610 4924 vide
628 4886 709 4939 supra
725 4887 752 4939 p.
771 4874 828 4925 bt'i.

333 4959 474 5008 Praeterea
495 4955 615 5009 consului
633 4956 761 5010 lectiones
782 4958 906 5011 codicum
926 4972 973 5012 sex
996 4959 1184 5014 oxoniensium
1200 4961 1228 5012 et
1243 4959 1372 5026 Excerpta
1388 4954 1600 5009 Niebuhr-launa

272 5031 427 5098 quindecim
442 5031 581 5085 codicibus
596 5033 843 5098 nagomarsinienia.

338 5243 363 5306 Ι.
384 5236 415 5305 i.
438 5239 516 5306 Cum
538 5240 572 5304 in
593 5241 741 5306 maximis
761 5242 912 5329 perieulis
929 5241 1027 5306 huius
1041 5242 1127 5307 urbis
1140 5248 1236 5325 atque
1250 5239 1392 5325 imperii,
1413 5237 1599 5323 gravissimo

273 5343 371 5424 atquo
402 5335 602 5401 acerbissimo
631 5336 677 5399 rei
705 5335 852 5420 publicae
878 5355 972 5413 casu,
1000 5335 1088 5400 sorio
1109 5342 1206 5420 atque
1226 5335 1372 5400 adiutura
1394 5333 1599 5398 consiliorum

338 5560 475 5610 irsoarrrro
492 5560 605 5610 coniers.
635 5559 684 5609 Pro
703 5559 732 5610 1..
753 5559 852 5612 Valerio
867 5560 957 5611 Fioooo
973 5562 1006 5617 i²;
1032 5559 1070 5609 ii.
1088 5557 1114 5609 T.
1133 5557 1257 5609 monti
1278 5569 1327 5620 pro
1343 5556 1372 5607 1..
1389 5554 1479 5608 Fiooco
1494 5554 1529 5605 od
1543 5553 1597 5605 trad.

272 5635 356 5686 orotio
371 5635 458 5698 incipit
473 5636 504 5695 S;
519 5648 569 5699 pro
587 5634 686 5686 Valerio
701 5635 792 5687 Ftooro
808 5635 925 5688 isidorus
941 5635 1015 5698 iiisp.
1034 5633 1121 5698 origg.
1138 5633 1175 5694 11,
1194 5633 1220 5694 i,
1237 5631 1279 5682 at.

339 5712 364 5762 i.
381 5711 470 5764 ilalim
485 5711 598 5775 meisi,
621 5711 648 5761 ta
667 5712 815 5776 proebnmo
835 5712 887 5763 cet.
908 5737 935 5747 -
958 5709 985 5760 i.
1004 5706 1108 5760 Grillius
1124 5706 1188 5773 (vid.
1205 5720 1287 5773 snpra
1303 5705 1338 5757 ad
1355 5719 1382 5771 p.
1399 5703 1448 5756 itii
1463 5717 1490 5755 v.
1508 5702 1533 5768 3)
1552 5700 1598 5756 iol.

271 5782 306 5836 is
321 5797 350 5836 a:
376 5789 422 5837 «ut
438 5789 480 5838 est
497 5787 524 5838 in
541 5784 692 5838 Flacciana:
718 5799 776 5837 eura
798 5787 865 5837 socio
888 5790 912 5837 st
935 5784 1052 5836 addon
1069 5784 1230 5835 mm
1250 5781 1469 5847 pmmbmgits
1486 5789 1599 5830 sim

271 5861 352 5924 flocco
372 5861 472 5914 rosdon
492 5874 510 5911 o
527 5861 597 5913 nobis
614 5860 760 5927 minatoria
781 5859 1017 5925 insonamus·
1032 5862 1060 5912 et
1076 5862 1194 5912 eatam.»
