3800 7350
309 1203 392 1271 ttoo
741 1209 892 1274 orario
914 1209 1138 1275 PHILIPPICA
1159 1212 1198 1276 V.

309 1378 492 1443 ficiscuntur
518 1378 638 1460 legati?
666 1378 741 1441 dum
770 1383 989 1443 revertantur?
1022 1399 1157 1463 quorum
1187 1380 1380 1462 exspectatio
1403 1375 1653 1441 dubitationem

309 1471 385 1537 belli
406 1474 514 1536 aliert:
536 1472 621 1536 bello
643 1480 748 1536 autem
769 1472 865 1537 dubio
887 1472 973 1557 quod
994 1480 1100 1558 potest
1121 1472 1262 1536 studium
1284 1493 1354 1537 esse
1377 1473 1550 1537 dilectus?

396 1566 499 1641 Quam
520 1566 561 1630 ob
582 1585 665 1643 rem,
686 1573 793 1651 patres
815 1566 1001 1649 conscripti,
1023 1567 1197 1650 legatorum
1218 1569 1409 1631 mentionem
1424 1566 1556 1631 nullam
1571 1584 1651 1628 oen·

310 1679 364 1726 seo
385 1659 579 1736 iaciendam3
600 1680 668 1725 rem
688 1659 968 1725 administrandam
992 1661 1127 1724 arbitror
1147 1662 1216 1724 sine
1236 1660 1302 1724 ulla
1315 1680 1403 1725 mora
1418 1669 1454 1725 et
1466 1658 1649 1724 confertim

282 1754 478 1837 ¹operandam
505 1773 637 1831 censeo;
666 1754 833 1820 tumultum
863 1753 1008 1829 decerni,
1040 1754 1197 1819 iustitium
1226 1754 1324 1831 edici,
1353 1773 1430 1837 saga
1457 1752 1548 1817 sumi
1571 1750 1648 1815 dico

308 1855 470 1930 oportere,
492 1847 641 1912 dilectum
662 1847 772 1911 baberi
793 1847 924 1911 sublatis
940 1849 1157 1912 vacationibus
1179 1849 1213 1912 in
1234 1847 1313 1912 urbe
1335 1855 1368 1912 et
1386 1849 1421 1911 in
1439 1847 1537 1911 ltalia
1550 1864 1648 1931 prae-

307 1949 357 2006 ter
378 1940 511 2005 Galliam
532 1949 607 2006 tota.
650 1938 701 2006 34.
724 1942 814 2017 Quae
836 1943 864 2005 si
886 1951 979 2005 erunt
999 1941 1101 2018 iacta,
1123 1943 1232 2026 opinio
1254 1943 1376 2026 ipsust
1397 1942 1486 2005 tama
1508 1947 1646 2005 nostrae

306 2035 483 2099 severitatis
505 2034 617 2100 obruet
638 2035 782 2099 scelerati
804 2036 988 2119 gladiatoris
1004 2037 1182 2100 amentiam.
1216 2036 1338 2101 Sentiet
1351 2035 1412 2099 sibi
1427 2034 1553 2098 bellum
1570 2052 1645 2097 oum

303 2148 339 2209 re
360 2127 487 2212 publica
508 2148 577 2192 esse
599 2137 799 2211 susceptum,
822 2130 1003 2213 experietur
1019 2130 1248 2194 consentientis
1264 2137 1391 2193 senatus
1404 2147 1525 2192 nervos
1539 2133 1643 2211 atque

265 2222 405 2287 sovires:
434 2241 507 2285 nam
533 2242 618 2286 nuno
641 2222 769 2308 quidem
797 2224 934 2307 partium
964 2224 1198 2288 contentionem
1224 2243 1293 2287 esse
1316 2224 1447 2287 dictitat.
1491 2222 1642 2297 Quarum

302 2318 460 2401 partiumt
490 2316 589 2380 Alteri
615 2317 691 2381 vieti
720 2325 810 2393 sunt,
843 2315 934 2381 alteri
966 2325 1040 2381 sunt
1068 2337 1086 2380 e
1117 2316 1229 2381 mediis
1252 2316 1286 2380 C.
1309 2316 1450 2380 Caesaris
1473 2315 1640 2400 partibus:

302 2410 364 2474 nisi
386 2409 465 2473 torte
488 2409 629 2475 Caesaris
651 2418 755 2495 partes
779 2431 797 2476 a
819 2412 921 2474 Pansa
943 2419 976 2476 et
997 2411 1102 2474 Hirtio
1126 2411 1307 2475 consulibus
1330 2418 1362 2474 et
1382 2431 1401 2474 a
1421 2408 1489 2474 lilio
1507 2410 1544 2474 C.
1561 2409 1642 2474 Cae·

303 2503 383 2567 saris
404 2504 579 2587 oppugnari
603 2513 761 2586 putamus.
797 2505 866 2568 Hoc
887 2525 964 2570 vero
987 2505 1106 2569 bellum
1127 2524 1193 2568 non
1215 2511 1264 2569 est
1285 2525 1326 2568 ex
1340 2502 1546 2568 dissensione
1566 2523 1641 2588 par

303 2598 397 2671 tium,
419 2598 475 2661 sed
497 2618 538 2662 ex
558 2599 678 2663 notaria
692 2620 749 2683 spe
767 2599 1056 2683 perditissimorum
1072 2599 1188 2663 civium
1204 2599 1393 2663 excitatum:
1416 2598 1536 2682 quibus
1552 2598 1641 2662 bons

268 2690 511 2775 ttiortunaeque
538 2700 664 2757 nostrae
693 2701 820 2757 notatae
848 2700 922 2756 sunt
944 2702 978 2756 et
998 2694 1061 2757 iam
1083 2691 1123 2755 ad
1147 2694 1301 2776 cuiusque
1323 2692 1507 2775 opinionem
1531 2691 1642 2756 distri·

303 2785 407 2849 butae.
451 2782 502 2849 33.
524 2787 599 2870 Lepi
630 2787 795 2870 epistolam
826 2787 975 2861 Antonii,
1009 2805 1103 2869 quam
1135 2784 1175 2848 ad
1209 2785 1368 2868 quendam
1397 2785 1641 2868 septemvirum,

304 2879 469 2963 capitalem
490 2879 668 2957 bominem,
689 2882 843 2965 collegam
866 2901 976 2954 suum,
999 2880 1136 2943 miserat.
1176 2878 1281 2954 «Quid
1303 2880 1509 2962 concupiscas
1531 2887 1571 2943 tu
1592 2878 1642 2941 vi·

305 2972 406 3038 deris:
429 2974 515 3058 quod
537 2975 755 3058 concupiveris
770 2983 853 3039 certe
874 2974 1037 3038 babebis.»
1064 2975 1111 3036 En
1134 2972 1174 3036 ad
1198 2991 1293 3056 quem
1315 2971 1436 3055 legatos
1458 2971 1641 3045 mittamus,

305 3067 356 3130 cui
376 3067 494 3131 bellum
515 3088 674 3132 moremur
693 3068 828 3133 inferre:
858 3070 914 3152 qui
942 3086 983 3130 ne
1014 3066 1091 3129 sorti
1114 3066 1241 3149 quidem
1263 3065 1408 3129 fortunas
1429 3074 1558 3129 nostras
1583 3063 1643 3128 de·

306 3273 400 3339 quam
429 3256 599 3339 integrum,
627 3256 710 3342 quod
740 3275 804 3321 non
834 3255 935 3320 alicui
960 3255 1151 3337 promissum
1173 3254 1236 3317 iam
1259 3253 1316 3327 sit,
1337 3252 1512 3337 reliquerit.
1559 3251 1643 3315 Cum

304 3348 380 3422 boo,
409 3358 513 3433 patres
535 3350 720 3434 conscripti,
747 3349 852 3425 bello,
880 3348 981 3422 bello,
1013 3348 1161 3431 inquam,
1192 3346 1416 3410 decertandum
1437 3353 1504 3421 est,
1536 3344 1644 3429 idque

306 3442 488 3507 confestim:
510 3444 685 3527 legatorum
706 3443 837 3509 tarditas
860 3441 1057 3526 repudiando
1081 3450 1140 3504 est.
1173 3438 1234 3511 ,34
1258 3441 1458 3523 Quapropter
1478 3459 1519 3503 ne
1534 3439 1646 3503 multa

304 3533 398 3598 nobis
426 3534 569 3621 quotidie
597 3537 795 3602 deremenda
822 3537 900 3612 sint,
932 3534 1117 3600 consulibus
1144 3541 1242 3599 totam
1275 3556 1341 3599 rem
1367 3532 1524 3618 publicam
1550 3553 1644 3598 com-

269 3630 515 3694 mmendandam
547 3650 661 3696 censeo
689 3632 792 3716 iisque
827 3629 1090 3714 permittendum,
1123 3637 1160 3693 ut
1188 3649 1254 3694 rem
1277 3627 1436 3712 publicam
1458 3627 1644 3693 defendant

305 3722 557 3808 provideantque
579 3745 619 3788 ne
641 3725 719 3808 quid
739 3745 791 3788 res
812 3724 940 3809 publice
960 3723 1140 3787 detrimenti
1164 3724 1312 3807 accipiat,
1335 3741 1517 3806 censeoque
1533 3732 1574 3786 ut
1587 3723 1643 3798 iis,

307 3817 417 3901 quiin
439 3818 579 3881 exercitu
602 3820 643 3881 ld.
665 3819 792 3880 Antonii
815 3825 903 3893 sunt,
925 3837 966 3880 ne
989 3818 1030 3880 sit
1052 3837 1090 3880 ea
1112 3837 1163 3881 res
1185 3816 1307 3892 fraudi,
1330 3817 1356 3878 si
1378 3825 1451 3879 ante
1472 3816 1643 3880 Kalendas

306 3909 490 3974 Februarias
519 3911 558 3974 ab
585 3931 624 3974 eo
654 3911 865 3976 discesserint
912 3912 998 3975 Haec
1028 3912 1054 3975 si
1085 3911 1289 3986 censueritis,
1323 3917 1428 3994 putres
1451 3912 1642 3995 conscripti,

306 4004 394 4069 brevi
423 4014 562 4089 tempore
591 4005 766 4069 libertatem
795 4007 904 4088 populi
926 4006 1058 4070 Romani
1082 4005 1365 4087 auctoritatemque
1388 4013 1519 4067 vestram
1544 4024 1644 4068 recu·

269 4098 471 4181 superabitis:
499 4099 526 4161 si
547 4106 652 4162 autem
675 4099 779 4162 lenius
801 4102 916 4182 agetis,
942 4109 1048 4164 tamen
1071 4098 1198 4173 endem,
1221 4097 1276 4160 sed
1299 4097 1432 4161 fortasse
1454 4098 1557 4160 serius
1582 4098 1643 4161 de-

308 4192 452 4257 cernetis.
485 4193 531 4256 De
552 4212 587 4256 ro
608 4193 752 4277 publica,
776 4194 881 4278 quoad
904 4194 1088 4266 rettulistis,
1112 4193 1189 4256 satis
1212 4191 1389 4255 decrevisse
1410 4190 1531 4254 videor.

307 4480 423 4531 tionibus
440 4482 493 4533 Cic.
512 4493 577 4533 usus
594 4484 647 4544 est,
671 4481 715 4532 hic
737 4494 844 4546 qnoque
865 4484 997 4546 offermnus
1013 4493 1046 4531 ex
1068 4479 1269 4544 interpolatione
1286 4480 1419 4532 adiectum
1437 4494 1497 4533 esse
1512 4485 1641 4535 statuen-

308 4555 372 4607 dum
389 4557 446 4607 erit
467 4582 492 4601 —-
518 4556 543 4607 4.
562 4558 642 4620 adfert
662 4556 697 4606 V:
722 4559 796 4621 opert
812 4559 849 4616 υς
872 4558 959 4620 offeret
983 4555 1021 4606 40
1041 4581 1067 4590 -
1087 4554 1188 4604 dilectos
1204 4553 1313 4605 Vabt:
1332 4556 1436 4606 dslsotur
1451 4556 1496 4620 30
1516 4582 1544 4593 —
1564 4556 1590 4609 3.
1607 4571 1638 4621 p.

307 4644 402 4682 consor.
420 4643 473 4681 om.
492 4633 519 4689 t;
539 4630 579 4682 te.
593 4631 648 4694 (sio)
667 4632 689 4679 V
708 4658 735 4668 -
753 4632 908 4694 mentionem]
924 4631 1001 4681 mectt
1016 4632 1044 4686 t;
1061 4630 1137 4680 menti
1153 4625 1171 4678 44
1188 4643 1217 4687 ar
1234 4635 1340 4680 mamam
1356 4643 1386 4694 g,
1404 4631 1495 4680 mmtto
1512 4632 1570 4692 quis
1584 4646 1639 4682 uon

307 4707 374 4757 uidet
390 4719 467 4769 quom
483 4706 564 4756 elimo
581 4711 688 4769 tompore
704 4718 769 4755 omre
785 4718 803 4754 o
819 4705 888 4755 uobis
902 4705 974 4768 teoto
988 4710 1024 4754 est
1039 4703 1067 4754 b.
1090 4706 1153 4756 Post
1168 4703 1220 4754 hoc
1230 4701 1390 4754 vocabulum
1402 4707 1443 4754 est
1459 4705 1520 4754 inD
1535 4717 1638 4769 magua

307 4779 402 4832 lacuna
423 4792 509 4844 usque
530 4779 564 4831 ad
582 4793 702 4843 ucsqucm
718 4782 753 4842 (in
769 4780 787 4830 b
805 4793 889 4844 usque
905 4779 939 4830 ad
959 4780 1047 4839 linum)
1064 4793 1090 4843 p.
1110 4778 1182 4839 4444,
1200 4778 1230 4839 4,
1254 4791 1304 4843 per
1324 4776 1396 4842 quod
1417 4781 1532 4843 spatium
1550 4780 1635 4832 stiam

308 4867 341 4906 ex
357 4855 366 4905 t
381 4853 508 4906 lectiones
525 4854 644 4905 diversas
660 4866 754 4904 omnes
771 4853 959 4906 oderemus-
975 4854 999 4906 t.
1018 4853 1129 4904 arbitror
1144 4867 1198 4904 om.
1212 4853 1337 4904 lamb.—
1356 4855 1381 4904 s.
1399 4852 1537 4918 perssdom
1547 4866 1638 4905 censeo

307 4929 361 4979 Vl:
379 4931 560 4985 remmono
577 4942 608 4980 er
622 4928 713 4980 Lamb.
726 4928 833 4979 coni·
852 4929 875 4979 6.
888 4929 1052 4980 dilectomV:
1070 4928 1117 4978 oet.
1136 4929 1208 4978 io·
1227 4929 1251 4979 4.
1270 4934 1323 4978 toto
1337 4929 1468 4980 Muretus:
1486 4929 1635 4991 tototh;

308 5011 420 5071 topotom
441 5007 509 5056 coni.
528 5004 686 5065 Lambinus;
714 5002 746 5054 cl.
766 5016 805 5053 or.
823 5003 892 5064 4444,
912 5003 927 5068 5
944 5004 970 5054 6.
989 5030 1017 5039 -
1040 5003 1140 5066 oppinio
1156 5002 1180 5050 V
1198 5025 1225 5038 —
1252 5009 1353 5053 sauros
1371 5004 1406 5052 V:
1432 5008 1529 5054 uestros
1545 5004 1584 5054 40
1604 5029 1633 5043 —

308 5082 333 5133 8.
351 5080 463 5130 sentienti
479 5079 632 5131 libsttmoV¹
651 5106 678 5117 ·-
702 5092 805 5130 comro
821 5092 856 5141 po
873 5080 881 5128 i
898 5104 925 5115 -
953 5079 977 5129 9.
996 5085 1096 5129 motos
1112 5079 1136 5127 lt
1163 5079 1189 5127 to
1205 5077 1229 5126 V
1247 5104 1274 5114 -
1294 5079 1334 5128 40.
1351 5091 1418 5127 mooe
1434 5079 1458 5128 i:
1483 5079 1584 5128 omnV
1604 5103 1634 5116 -

308 5157 349 5206 44.
366 5156 671 5206 uiciiv-smsdiac.
689 5154 826 5205 cocroriV
843 5179 871 5190 -
891 5154 931 5204 44.
949 5167 1011 5204 cors.
1030 5155 1054 5213 i;
1073 5165 1122 5204 cos.
1141 5152 1163 5202 V
1181 5178 1208 5189 -
1229 5152 1269 5204 44.
1288 5158 1322 5204 sst
1339 5165 1393 5204 om.
1409 5153 1448 5202 Vi
1466 5178 1494 5187 -
1514 5151 1555 5203 44.
1572 5166 1638 5215 per·

308 5231 491 5281 ditissimorum
506 5231 599 5280 uictum
615 5230 779 5280 eosrmtotum
796 5230 818 5277 V
837 5255 864 5266 -
883 5230 922 5279 45.
941 5233 1026 5278 cotots
1040 5229 1076 5287 4;
1094 5233 1168 5278 octos
1184 5229 1192 5278 i
1212 5257 1239 5266 -
1259 5229 1381 5292 optionem
1398 5228 1542 5287 llanutius;
1562 5231 1590 5278 at
1606 5242 1636 5281 v.

307 5319 334 5369 p.
354 5306 410 5367 470,
430 5303 469 5354 ll.
487 5330 521 5341 -
537 5305 576 5356 46.
596 5306 683 5355 octoni
698 5304 738 5354 Vl
757 5331 784 5340 -
806 5305 849 5354 Vll
862 5304 946 5354 uirum
961 5304 983 5353 V
997 5329 1022 5338 -·
1043 5304 1084 5354 48.
1102 5304 1313 5366 coucupiscmisV
1327 5329 1354 5340 -
1373 5318 1403 5354 m
1420 5301 1578 5354 Lambinus:
1595 5316 1638 5354 erm

307 5380 360 5440 Vl,
384 5383 414 5429 ut
434 5381 476 5430 est
495 5392 575 5442 supra
592 5380 623 5440 V,
641 5378 656 5442 S
674 5379 719 5437 ⁴53
746 5379 800 5428 hcm
817 5377 859 5428 ed.
879 5380 945 5429 lunt.
972 5377 1047 5429 Conl.
1067 5378 1159 5428 llandii
1178 5377 1287 5431 Turseli.
1306 5381 1353 5440 lli,
1372 5394 1398 5444 p.
1416 5377 1457 5429 bl.
1474 5404 1508 5416 -
1529 5379 1572 5429 44.
1590 5379 1638 5430 ds—

306 5454 392 5503 sttmsit
408 5454 462 5513 Vi,
481 5453 530 5504 sed
547 5455 555 5503 i
571 5455 609 5503 oit
624 5456 650 5504 ln
668 5465 719 5503 ras.
739 5453 828 5504 habet.
843 5481 871 5490 -
889 5454 930 5503 40.
950 5455 1084 5515 quicquum
1099 5455 1178 5503 Vi·
1198 5454 1238 5505 44.
1258 5454 1318 5506 betto
1335 5453 1417 5505 semel
1434 5453 1535 5504 babent
1551 5454 1591 5504 44
1605 5480 1634 5491 -

308 5529 482 5579 demetendum
498 5529 520 5578 V
539 5555 567 5564 -
585 5528 626 5580 44.
644 5530 812 5591 repudiandos
828 5533 864 5579 est
880 5528 902 5577 V
921 5554 947 5564 -
967 5527 1007 5579 44.
1027 5528 1117 5578 cotidie
1133 5530 1298 5579 decernendos
1314 5530 1362 5579 sict
1379 5531 1435 5592 (sim
1450 5530 1477 5579 in
1493 5529 1557 5591 ras.)
1569 5530 1592 5579 V
1605 5556 1635 5566 -

307 5604 506 5653 committendam
522 5605 530 5653 i
549 5629 575 5640 -
594 5605 635 5655 45.
653 5617 739 5654 omaso
755 5605 777 5651 V
794 5618 864 5654 corr.
877 5616 910 5653 ex
926 5615 1027 5653 comens
1045 5631 1071 5640 -
1091 5605 1132 5653 46.
1148 5605 1360 5668 prooidmtqusV
1375 5631 1402 5642 -
1420 5605 1461 5655 47.
1479 5605 1506 5653 io
1522 5606 1638 5656 commta

307 5677 343 5725 44.
362 5675 449 5728 Klotz:
468 5679 496 5728 io
511 5680 647 5729 coercitum
663 5680 698 5738 4;
718 5680 744 5729 io
761 5680 873 5730 cumcito
889 5678 926 5729 to
940 5704 968 5715 -
987 5679 1073 5727 outoni
1090 5679 1113 5725 V
1126 5705 1153 5714 -
1171 5679 1194 5728 si
1210 5678 1285 5728 Vbis
1302 5678 1390 5729 habet.
1406 5704 1433 5714 -
1452 5679 1493 5729 48.
1511 5681 1638 5731 consuete

308 5749 330 5799 V
350 5777 377 5787 -
394 5752 436 5801 as.
455 5753 588 5803 bssttorom
602 5755 782 5816 recuperamus
797 5755 830 5804 V¹
849 5782 876 5792 -
900 5753 941 5804 30.
963 5754 984 5802 ai
1001 5758 1084 5803 autem
1099 5752 1158 5802 Vi:
1176 5753 1215 5802 sin
1232 5759 1314 5803 outsm
1330 5752 1362 5810 03
1383 5751 1415 5802 cl.
1434 5766 1473 5802 or.
1492 5753 1538 5815 lll,
1557 5752 1573 5816 g
1591 5752 1635 5805 ll.

311 5849 337 5948 -f
357 5826 458 5875 conduc
474 5827 536 5877 V·
555 5828 596 5879 34.
613 5829 651 5879 vsi
664 5828 810 5892 publicosV
823 5855 849 5864 -
869 5829 935 5890 qood
951 5828 1082 5889 baernum
1101 5840 1153 5890 quo
1169 5829 1200 5879 dc
1216 5825 1356 5877 Lambinus
1370 5852 1396 5862 -
1414 5827 1531 5879 mutetis
1545 5827 1632 5888 V0i;

308 5910 343 5949 c.
363 5912 389 5964 p.
408 5899 482 5964 4344,
499 5901 540 5953 44.
