3800 7350
642 1218 715 1283 cn.
738 1220 1003 1284 xum-mvn
1033 1218 1079 1303 §5
1102 1217 1249 1283 os-os.
1546 1212 1626 1321 aas

283 1411 361 1457 mes.
392 1391 486 1454 xiv,
500 1390 571 1454 Duo
593 1408 708 1472 genera
730 1409 855 1472 semper
878 1390 910 1452 in
928 1389 988 1453 bac
1003 1390 1127 1453 civitate
1142 1389 1269 1453 bierunt
1283 1410 1402 1463 eorum,
1419 1390 1474 1472 qui
1489 1388 1607 1452 versari

282 1487 313 1550 in
332 1503 367 1548 re
387 1483 515 1568 publica
536 1491 630 1567 atque
652 1484 685 1545 in
708 1504 745 1546 ca
772 1503 806 1545 se
829 1484 1036 1546 excellentius
1060 1503 1168 1565 gerere
1190 1482 1396 1547 studuerunt:
1428 1483 1545 1567 quibus
1568 1502 1609 1544 ex

281 1578 448 1666 metibus
476 1577 567 1641 alteri
589 1597 623 1640 se
650 1577 838 1660 populares,
869 1575 959 1640 alteri
983 1578 1149 1659 optimates
1172 1586 1203 1640 ot
1224 1577 1332 1640 baberi
1356 1584 1388 1641 et
1409 1597 1479 1639 esse
1501 1576 1609 1639 volue-

281 1681 364 1737 runt.
397 1671 460 1747 Qui
482 1691 534 1746 ea,
557 1691 639 1755 quae
660 1670 818 1734 faciebant
840 1690 988 1754 quaeque
1004 1670 1167 1746 dicebaut,
1191 1671 1381 1735 multitudini
1402 1670 1540 1733 iucunda
1554 1689 1609 1733 vo·

281 1767 390 1832 lebant
410 1785 496 1839 esse,
520 1758 706 1847 populares,
730 1765 784 1847 qui
800 1772 904 1828 autem
924 1766 967 1827 ita
982 1785 1016 1827 se
1031 1765 1197 1846 gerebant,
1221 1771 1255 1827 ut
1269 1785 1325 1829 sua
1340 1763 1474 1828 consilia
1488 1764 1632 1846 optimos

282 1862 398 1946 cuique
426 1860 613 1944 probarent,
646 1860 811 1940 optimates
839 1858 1045 1922 habebantur.
1089 1856 1139 1919 97.
1170 1858 1249 1934 Quis
1279 1878 1354 1940 ergo
1382 1859 1442 1922 iste
1471 1858 1609 1940 optimus

281 1954 444 2044 quiaque?
476 1954 630 2025 Numero,
653 1952 680 2015 si
703 1952 848 2036 quaeris,
880 1952 1144 2027 innumerabilem
1171 1972 1278 2036 nequo
1307 1951 1391 2014 enim
1413 1952 1505 2014 aliter
1525 1959 1608 2013 stare

280 2068 464 2138 possemus:
487 2053 562 2109 sunt
582 2046 741 2130 principes
757 2046 879 2109 consilii
895 2046 1031 2128 publici,
1055 2054 1128 2109 sunt
1143 2048 1197 2129 qui
1213 2067 1320 2110 eorum
1337 2054 1454 2109 sectam
1470 2065 1609 2128 sequun-

282 2154 350 2219 tur,
381 2148 456 2206 sunt
476 2139 686 2203 maximorum
709 2140 854 2203 ordinum
875 2141 1036 2214 homines,
1067 2141 1184 2225 quibus
1206 2150 1293 2224 patet
1314 2140 1417 2214 curia,
1446 2147 1520 2202 sunt
1540 2160 1609 2202 mu·

281 2235 434 2322 nicipales
456 2233 631 2316 rusticique
654 2234 805 2308 Romani,
838 2244 912 2297 sunt
933 2236 1052 2317 negotii
1075 2244 1237 2317 gerentes,
1260 2243 1333 2298 suut
1354 2235 1448 2297 etiam
1470 2233 1609 2296 libertini
1619 2251 1646 2297 to

282 2332 460 2420 optimates.
497 2329 671 2402 Numeros,
702 2335 737 2389 ut
759 2326 844 2403 dixi,
873 2328 967 2392 buius
997 2329 1121 2419 gbueris
1144 2330 1206 2393 late
1229 2339 1261 2393 et
1282 2330 1368 2391 varie
1391 2327 1522 2390 diffusus
1544 2334 1609 2390 est:

283 2426 337 2492 sed
366 2442 467 2507 genus
495 2422 695 2495 universum,
726 2429 761 2485 ut
788 2423 916 2486 tollatur
943 2443 1048 2497 error,
1082 2423 1170 2486 brevi
1199 2423 1412 2486 circumscribi
1434 2428 1466 2485 et
1486 2418 1610 2485 definiri

283 2524 397 2604 potest.
431 2515 549 2579 Omnes
572 2516 738 2599 optimates
760 2524 848 2590 sunt,
871 2516 925 2600 qui
948 2536 1053 2601 neque
1075 2525 1225 2580 nocentes
1244 2526 1317 2581 sunt
1338 2536 1397 2580 nec
1419 2523 1532 2579 natura
1552 2516 1610 2578 im-

284 2611 374 2700 probi
403 2630 462 2674 nec
492 2609 604 2673 furiosi
634 2630 693 2672 nec
724 2610 813 2673 malis
845 2608 1027 2674 domesticis
1043 2607 1203 2693 impediti.
1241 2612 1297 2675 Est
1318 2612 1415 2694 igitar
1434 2616 1469 2673 ut
1490 2610 1513 2671 ii
1535 2608 1609 2683 sint,

282 2725 375 2792 quam
397 2712 431 2770 tu
453 2704 614 2769 nationem
637 2703 818 2787 appellasti,
846 2706 900 2787 qui
924 2705 1035 2786 integri
1058 2712 1132 2767 sunt
1154 2714 1185 2767 et
1205 2707 1274 2768 sani
1296 2712 1328 2768 et
1348 2706 1431 2769 bene
1452 2704 1492 2768 de
1513 2704 1609 2768 rebus
1619 2718 1648 2764 ts

283 2798 464 2864 domesticis
492 2798 666 2861 constituti.
705 2798 824 2861 llornm
856 2798 912 2882 qni
934 2798 1106 2869 voluntati,
1136 2797 1324 2871 commodis,
1353 2798 1554 2881 opinionibus
1575 2799 1609 2860 in

281 2890 485 2978 gubernanda
505 2912 539 2956 rc
562 2892 689 2975 publica
710 2891 863 2965 serviunt,
886 2891 1071 2955 defensores
1086 2892 1284 2973 optimatium
1302 2892 1428 2977 ipsique
1442 2892 1609 2975 optimates

281 2983 456 3070 gravissimi
480 2992 511 3048 et
532 2985 696 3049 clarissimi
719 2986 803 3048 cives
823 2992 1030 3048 numerantur
1053 2992 1084 3047 et
1104 2984 1263 3067 principes
1280 2986 1424 3049 civitatis.
1457 2983 1508 3048 98.
1525 2986 1609 3061 Quid
1722 2991 1725 3002 '

282 3088 330 3143 est
358 3077 457 3162 igitur
482 3080 678 3163 propositum
706 3078 754 3142 bis
788 3079 833 3141 rei
855 3078 1000 3162 publicae
1022 3078 1302 3159 gubernatoribus,
1333 3080 1419 3163 quod
1440 3078 1555 3143 intueri
1578 3084 1610 3140 et

282 3192 346 3257 qno
367 3192 493 3250 cursum
517 3193 609 3236 suum
631 3172 775 3255 derigere
794 3172 953 3235 debeant?
982 3170 1018 3233 ld
1041 3172 1127 3255 quod
1150 3180 1199 3234 est
1219 3173 1522 3255 praestantissimum
1544 3188 1648 3235 ma·to

281 3267 432 3350 ximeque
455 3266 593 3349 optabile
616 3266 761 3330 omnibus
785 3267 870 3328 sanis
886 3272 918 3327 et
939 3265 1031 3328 bonis
1052 3271 1084 3327 et
1104 3264 1221 3340 beatis,
1244 3286 1314 3329 oum
1330 3266 1484 3349 dignitate
1499 3267 1609 3330 otium.

266 3359 349 3424 'lloc
371 3360 427 3443 qui
449 3359 576 3434 volunt,
603 3380 712 3423 omnes
734 3359 920 3442 optimates;
952 3359 1008 3442 qni
1031 3354 1325 3444 efficiunt‚'summi
1348 3361 1461 3430 viriet
1483 3380 1611 3424 conser-

281 3458 406 3517 vatores
428 3451 562 3515 civitatis
583 3460 742 3536 putantur.
779 3454 890 3535 Neque
913 3452 999 3515 enim
1021 3471 1125 3514 rerum
1148 3454 1355 3535 gerendarum
1378 3454 1532 3537 dignitate
1553 3455 1611 3518 bo-

282 3547 382 3610 mines
404 3544 508 3608 efferri
531 3545 576 3609 ita
599 3546 762 3620 convenit,
784 3554 819 3609 ut
841 3545 907 3608 otio
929 3566 993 3610 non
1016 3546 1221 3630 prospiciant,
1243 3566 1350 3631 neque
1370 3547 1471 3612 ullum
1492 3550 1612 3632 ample-

277 3640 350 3706 ‚xari
379 3639 504 3715 otium,
532 3639 618 3725 quod
648 3639 817 3704 abhorreat
846 3660 865 3703 a
893 3639 1057 3723 dignitate.
1101 3640 1211 3704 XLVI.
1233 3640 1336 3705 Huius
1363 3648 1468 3706 autem
1491 3643 1648 3707 otisssess

283 3732 445 3816 dignitatis
465 3733 545 3797 baec
565 3733 772 3797 fundamenta
792 3742 876 3807 sunt,
898 3734 978 3796 baec
997 3736 1155 3809 membra,
1169 3755 1251 3818 quae
1272 3735 1391 3800 tuenda
1413 3738 1610 3821 principibus

283 3834 314 3891 et
334 3826 386 3891 rel
408 3826 520 3911 capitis
541 3828 684 3911 periculo
706 3827 905 3891 defendenda
926 3837 1018 3892 sunt:
1047 3829 1236 3911 religiones,
1258 3830 1415 3914 auspicia,
1436 3837 1611 3915 potestates

282 3920 537 4004 magistratuum,
566 3931 694 3985 senatus
726 3923 914 3996 auctoritas,
943 3922 1049 4005 leges,
1079 3943 1147 3986 mos
1170 3925 1340 3998 maiorum,
1370 3922 1503 3999 iudicia,
1532 3923 1609 3987 iuris

282 4013 396 4089 dictio,
423 4014 520 4089 fides,
549 4016 749 4098 provinciae,
779 4017 874 4090 socii,
904 4017 1029 4100 imperii
1057 4016 1143 4089 laus,
1175 4037 1224 4079 res
1254 4016 1414 4091 militaris,
1444 4017 1608 4080 aerarium.

281 4106 332 4172 99.
354 4109 475 4173 Harum
495 4130 600 4172 rerum
622 4117 670 4173 tot
684 4119 779 4194 atque
803 4118 959 4174 tantamm
975 4129 1044 4173 esse
1060 4109 1259 4173 defensorem
1274 4117 1306 4173 et
1321 4119 1487 4193 patronum
1504 4110 1646 4193 magniso

281 4204 377 4267 animi
394 4209 458 4279 est,
480 4203 584 4286 magni
607 4202 727 4287 ingenii
750 4224 945 4287 magnaeque
968 4206 1175 4267 constantiae.
1196 4205 1323 4268 Etenim
1342 4205 1375 4266 in
1390 4212 1477 4268 tanto
1492 4204 1608 4267 civium

281 4317 412 4361 numero
445 4316 558 4380 magna
590 4297 759 4362 multitudo
790 4306 838 4360 est
868 4316 995 4369 eorum,
1029 4297 1085 4380 qui
1115 4305 1170 4360 ant
1198 4305 1328 4380 propter
1348 4305 1465 4360 metum
1486 4316 1608 4379 poenae

281 4398 481 4475 peccatorum
510 4411 638 4455 suorum
669 4390 788 4455 conscii
817 4410 916 4455 novos
947 4398 1051 4453 motus
1081 4391 1368 4474 conversionesque
1391 4388 1436 4453 rei
1461 4389 1608 4472 publicae

347 4719 371 4768 4.
388 4730 475 4768 matun
491 4731 545 4768 our.
564 4721 584 4767 G
602 4743 630 4754 —
649 4718 674 4767 2.
692 4719 884 4777 autumate,
903 4719 1028 4768 studerent
1044 4718 1113 4767 coni.
1132 4717 1244 4767 Ernesti.
1264 4742 1291 4750 -
1311 4714 1365 4765 {lot
1376 4716 1416 4766 22.
1435 4721 1573 4778 optumates
1590 4720 1608 4767 P

283 4820 310 4830 -
324 4791 349 4844 4.
367 4793 501 4843 leucadam
518 4797 538 4844 G
558 4819 585 4828 -
603 4792 717 4842 volebant
733 4807 782 4843 esso
800 4794 832 4842 P:
853 4805 903 4842 esso
917 4792 1030 4842 uolebant
1048 4794 1097 4842 GO
1112 4819 1139 4828 -
1157 4793 1182 4841 5.
1201 4790 1338 4840 concdiot}
1353 4818 1379 4826 -
1399 4797 1499 4853 optumo
1517 4797 1565 4844 PG
1579 4822 1606 4831 -

282 4869 306 4919 6.
325 4873 462 4931 optumutcs
478 4871 496 4919 P
516 4896 543 4904 —
566 4870 626 4931 (luis
648 4881 707 4933 erpo
724 4870 768 4919 istc
784 4878 898 4930 optumus
914 4869 1019 4930 quisquc
1035 4869 1095 4916 PG:
1122 4867 1170 4928 (lui
1186 4880 1246 4930 erpo
1263 4865 1325 4915 isti?
1342 4866 1453 4928 Optimus
1470 4868 1608 4929 quisqucO

283 4957 315 4995 ex
332 4957 380 4995 sua
398 4945 467 4995 coni.
492 4970 519 4979 -
545 4943 569 4991 l.
588 4956 691 4992 nwmro
714 4946 776 4993 PG:
800 4943 830 4992 do
850 4957 953 4993 numero
970 4945 1005 5002 05
1029 4948 1143 5005 optumo
1159 4942 1232 5003 quis?
1248 4943 1278 4992 dc
1293 4956 1397 4992 numm
1414 4944 1433 4992 P
1450 4952 1574 4993 corr.·m.
1593 4946 1609 4992 2

282 5017 364 5070 multo
387 5021 544 5071 recentiore.
574 5018 613 5068 Cl.
633 5018 662 5068 C.
683 5019 721 5067 Fr.
742 5019 831 5068 llerm.
850 5018 875 5067 in
897 5020 961 5068 Mssa.
981 5019 1055 5068 ittam
1073 5033 1137 5068 acuo
1154 5018 1197 5088 lv,
1216 5031 1242 5082 p.
1261 5016 1317 5068 447.
1339 5044 1366 5052 -
1389 5017 1413 5067 8.
1432 5017 1518 5066 coculli
1542 5019 1560 5067 P
1580 5046 1606 5054 -

280 5098 415 5155 acquoatur
430 5096 463 5154 P;
486 5098 603 5143 secuntur
619 5091 649 5142 G¹
665 5121 698 5129 —
721 5094 745 5143 tl.
764 5093 895 5142 bordiuum
911 5092 940 5143 P¹
958 5095 1142 5155 (proximorum
1159 5094 1274 5153 ordinum
1291 5093 1320 5142 C.
1338 5093 1379 5142 l'r.
1398 5092 1565 5143 llermannus
1582 5093 1608 5142 in

280 5170 404 5236 Pbu'lolopo
420 5173 466 5231 111,
485 5184 511 5236 p.
530 5171 579 5222 4409
596 5183 636 5234 sq.
656 5168 716 5221 coll.
736 5170 750 5234 ᾖ
768 5170 830 5229 tam
854 5172 881 5219 at
897 5183 922 5219 v.
942 5169 1031 5219 adnot.
1050 5182 1139 5220 meam
1157 5171 1183 5218 in
1201 5169 1244 5220 ed.
1263 5169 1333 5233 Lips.
1353 5167 1435 5231 4853.)
1454 5194 1481 5203 -
1506 5168 1545 5217 to.
1564 5183 1609 5218 us-

281 5245 342 5310 pottt
358 5247 378 5296 P
396 5248 423 5294 st
437 5247 583 5298 Arusianus
600 5259 627 5311 p.
640 5245 688 5295 232
700 5246 789 5296 lind:
808 5246 940 5309 uepottutt
961 5273 987 5280 -
1007 5246 1033 5294 lt
1049 5247 1077 5294 et
1089 5245 1128 5294 43.
1147 5249 1284 5306 optumates
1301 5244 1320 5293 P
1339 5270 1366 5280 -
1386 5244 1426 5293 44.
1439 5243 1536 5307 panaro
1552 5255 1606 5293 om.

282 5321 303 5370 G
322 5347 349 5357 -
366 5319 456 5372 varim
473 5324 492 5372 P
510 5349 537 5356 —
558 5322 598 5371 43.
617 5320 715 5384 iuprobs'
733 5322 750 5369 P
771 5348 796 5356 —
817 5319 856 5371 44,
876 5325 920 5369 out
935 5320 1024 5383 fumosi
1041 5320 1110 5371 coni.
1129 5319 1255 5383 Koechly,
1273 5319 1302 5367 nt
1318 5317 1446 5382 tripertita
1464 5317 1547 5366 oratio
1564 5315 1607 5380 (cl.

281 5407 307 5445 v.
327 5395 357 5444 444
375 5397 402 5445 at
417 5394 458 5458 st)
476 5396 520 5447 bic
537 5408 644 5461 quoque
662 5398 791 5447 servetur.
813 5423 840 5432 -
864 5396 964 5459 inpediti
981 5398 1000 5446 P
1013 5421 1041 5432 -
1061 5392 1075 5444 si
1095 5395 1119 5455 (i.
1137 5408 1162 5445 e.
1181 5395 1223 5456 ost)
1240 5394 1319 5458 igitur
1334 5395 1365 5444 P:
1385 5397 1435 5442 esto
1450 5392 1528 5456 igitur
1544 5393 1606 5451 003

281 5469 392 5532 mortim
408 5471 476 5521 coni.
494 5472 639 5535 Madvigius
656 5486 682 5536 p.
696 5470 757 5527 t85;
776 5471 883 5533 eflicitur
899 5470 982 5528 Bekc;
1000 5483 1030 5519 cu
1047 5469 1125 5532 ipitur
1141 5470 1212 5533 lecp.
1225 5495 1252 5505 -
1271 5468 1290 5516 u·
1307 5468 1369 5518 PG:
1386 5468 1412 5516 tt
1429 5467 1449 5516 0
1466 5492 1493 5502 -
1513 5466 1552 5514 to.
1565 5466 1627 5526 qui.

281 5543 439 5609 Madvigius:
457 5550 480 5596 st
496 5547 539 5608 qui
555 5549 618 5607 PG,
638 5548 681 5608 qut
696 5551 720 5596 ct
736 5547 831 5596 ocum
843 5546 967 5596 Munatio.
983 5567 1009 5579 -
1030 5544 1070 5594 46.
1083 5543 1239 5606 opinionibus
1255 5555 1322 5593 nos:
1340 5542 1421 5604 opinis
1431 5542 1492 5599 Po;
1510 5539 1609 5602 optimis

200 5651 207 5665 ·
282 5616 325 5679 G’;
343 5619 454 5682 opiam
470 5622 516 5670 80
536 5648 564 5658 -
586 5622 625 5671 44.
644 5610 809 5684 optumatium
825 5621 920 5682 ipsiquo
936 5623 1075 5681 optumates
1091 5620 1110 5668 P
1129 5645 1155 5653 -
1177 5618 1218 5668 20.
1237 5618 1350 5680 ἀνήρετο
1366 5619 1399 5667 P:
1422 5615 1530 5679 dirigere
1546 5612 1605 5662 GO.

282 5691 321 5743 cl.
335 5693 495 5745 Lachmanni
506 5695 655 5746 comment.
669 5694 703 5744 ad
721 5695 870 5745 Lucretium
882 5708 908 5759 p.
921 5694 979 5745 ill.
996 5721 1023 5731 -
1041 5692 1082 5744 il.
1095 5693 1185 5756 cosam·
1201 5694 1249 5743 Po
1264 5718 1291 5728 -
1308 5705 1359 5741 uon
1376 5692 1393 5740 S
1410 5692 1437 5741 ct
1453 5690 1473 5739 P
1489 5700 1547 5752 sup.
1561 5686 1604 5736 liu.

283 5779 351 5818 am.
364 5781 435 5819 rec:
454 5781 507 5821 om.
519 5772 576 5820 P¹G
597 5798 623 5807 -
643 5772 683 5821 25.
703 5770 835 5819 abhorreat
851 5768 913 5819 edd.
931 5772 995 5819 vett.
1015 5770 1042 5818 et
1058 5770 1077 5818 P
1095 5780 1164 5818 corr.
1182 5780 1219 5818 m.
1233 5767 1350 5816 recenti:
1369 5764 1484 5815 obbomct
1500 5763 1558 5812 P¹G
1577 5788 1603 5796 —

281 5840 344 5893 illut
360 5838 388 5894 P¹
401 5871 429 5882 -
445 5845 486 5896 28.
503 5847 681 5911 magistratum
697 5848 726 5897 P¹
746 5871 770 5882 -
791 5845 832 5895 29.
849 5844 940 5907 impert
957 5846 985 5895 P¹
1003 5870 1032 5882 -
1050 5844 1088 5895 rol
1104 5846 1124 5894 G
1143 5871 1171 5880 -
1189 5843 1231 5895 34.
1248 5843 1333 5909 lugent
1350 5841 1369 5893 P
1386 5868 1413 5878 -
1437 5839 1478 5891 32.
1496 5836 1606 5889 multitu·

283 5917 416 5970 doatP-
436 5923 614 5985 poeuusP-
633 5920 673 5974 33.
691 5921 957 5984 coouorsicuaspucl’.
