3800 7350
673 1189 747 1254 uu.
768 1187 964 1253 vu-vru
992 1183 1037 1271 §t
1061 1181 1210 1250 u-ss.
1520 1180 1602 1246 uos

280 1382 343 1447 qne
363 1360 512 1424 meritum
533 1358 740 1434 arbitrantur,
761 1358 953 1421 existimant
982 1353 1047 1419 40.
1069 1356 1221 1420 Memoria
1241 1359 1350 1418 tenent
1367 1372 1418 1416 me
1431 1360 1505 1417 ante
1518 1354 1602 1418 diem

189 1503 192 1510 -
280 1477 340 1521 xus
369 1454 529 1519 Kalendas
556 1454 715 1517 hunarias
740 1454 918 1536 principem
946 1450 1143 1516 revocandae
1169 1449 1321 1514 libertatis
1346 1447 1460 1523 fuisse3
1490 1467 1541 1511 me
1562 1468 1603 1513 ex

279 1548 433 1615 Kalendis
453 1548 608 1612 Ianuariis
630 1547 670 1610 ed
690 1547 773 1610 hanc
794 1545 905 1609 horam
921 1545 1103 1627 invigilasse
1116 1548 1164 1610 rei
1177 1543 1338 1629 publicae3
1360 1563 1461 1607 meam
1476 1544 1603 1608 domum

281 1662 431 1727 measque
459 1662 552 1706 aures
574 1640 643 1704 dies
673 1648 846 1725 noctesque
868 1640 1008 1703 omnium
1034 1640 1211 1724 praeceptis
1233 1638 1425 1722 monitisque
1446 1639 1604 1721 patuisse;

280 1739 360 1803 meis
381 1737 506 1810 litteris,
529 1738 609 1798 meis
630 1735 765 1809 nuntiis,
792 1734 871 1797 meis
893 1732 1162 1797 cohortationibus
1184 1752 1309 1806 omnes,
1337 1734 1391 1815 qui
1413 1732 1532 1818 ubique
1554 1751 1628 1798 ese

280 1838 366 1904 sent,
388 1830 428 1893 ad
449 1829 570 1913 patriae
591 1827 784 1911 praesidium
807 1829 978 1903 excitatos3
1001 1828 1080 1891 meis
1101 1827 1269 1891 sententiis
1288 1824 1471 1891 aKalendis
1492 1829 1605 1892 lanua·

279 1925 336 1987 riis
357 1943 529 2007 numquam
552 1923 673 2006 legatos
695 1921 734 1985 ad
757 1922 944 1995 Antonium3
976 1941 1100 2004 semper
1120 1921 1209 1986 illum
1230 1921 1371 1994 hostem,
1400 1940 1525 2004 semper
1544 1920 1604 1987 hoc

279 2017 412 2091 bellum,
443 2023 479 2080 ut
509 2037 586 2099 ego,
614 2017 668 2099 qui
699 2015 785 2077 omni
816 2023 956 2099 tempore
985 2035 1078 2078 verae
1104 2016 1192 2098 pacis
1219 2034 1258 2078 au
1352 2013 1497 2090 inissem,
1529 2014 1605 2080 huic

280 2132 382 2176 essem
410 2111 530 2175 nomini
559 2109 728 2194 pestiferae
759 2110 846 2193 pacis
869 2109 1027 2172 inimicus.
1070 2104 1121 2171 hl.
1143 2108 1230 2173 Idem
1253 2110 1287 2171 P.
1338 2109 1506 2183 antidium,
1533 2128 1605 2172 cum

280 2204 335 2267 alii
356 2204 380 2285 †
401 2211 440 2267 tr.
461 2204 504 2289 pl.
527 2204 732 2278 uolusennm,
763 2223 822 2286 ego
851 2222 976 2286 semper
1004 2201 1139 2268 hostem.
1175 2203 1240 2266 llas
1266 2204 1298 2266 in
1326 2203 1497 2266 sententias
1519 2223 1606 2267 meas
1615 2221 1644 2269 to

281 2299 309 2361 si
331 2297 478 2361 consules
501 2297 724 2361 discessionem
746 2296 849 2360 lacere
872 2296 1064 2372 voluissent,
1094 2296 1240 2360 omnibns
1266 2298 1335 2360 istis
1356 2296 1529 2361 latronibus
1551 2316 1606 2361 au·

281 2393 424 2456 ctoritate
446 2393 516 2475 ipsa
536 2399 664 2456 senatus
686 2392 749 2455 iam
767 2391 891 2474 pridem
905 2391 945 2454 de
961 2391 1104 2455 manibus
1118 2410 1206 2454 arma
1219 2391 1390 2455 cecidissen
1478 2392 1517 2453 ll.
1532 2391 1605 2466 Sed,

270 2484 366 2571 ⁸quod
387 2493 455 2550 tum
475 2505 540 2549 non
561 2485 668 2560 licuit,
690 2493 796 2568 patres
819 2485 1006 2568 conscripti,
1028 2485 1061 2547 id
1084 2484 1145 2549 hoc
1165 2492 1308 2568 tempore
1328 2505 1369 2549 no
1407 2486 1508 2550 solum
1522 2486 1606 2561 licet,

281 2597 391 2640 rerum
415 2579 509 2642 etiam
531 2599 661 2642 necesse
684 2587 745 2653 est,
768 2599 840 2653 cos,
863 2579 917 2663 qui
938 2599 973 2642 re
988 2586 1063 2642 sunt
1076 2579 1201 2655 hostes,
1222 2579 1327 2642 serbis
1340 2580 1458 2654 notari,
1480 2587 1607 2644 senten-

280 2672 332 2734 tiis
355 2675 472 2736 nostris
495 2673 602 2736 hostes
624 2673 767 2737 iudicari.
811 2668 863 2734 22.
884 2675 987 2735 Antea
1014 2694 1084 2736 cum
1105 2672 1230 2736 hostem
1252 2692 1288 2736 ac
1309 2672 1426 2736 bellum
1448 2675 1608 2737 nominas·
1617 2692 1645 2739 44

282 2785 366 2839 sem,
390 2767 489 2828 semel
512 2774 543 2829 et
564 2768 690 2849 saepius
713 2769 900 2836 sententiam
923 2784 1026 2829 meam
1049 2765 1088 2829 de
1110 2785 1242 2830 numero
1261 2766 1487 2830 sententiarum
1502 2774 1608 2832 sustu·
1674 2775 1677 2781 '

281 2859 404 2922 lerunt:
427 2859 513 2942 quod
536 2861 568 2923 in
591 2860 649 2924 hac
671 2881 766 2926 causa
788 2862 851 2924 iam
872 2858 940 2924 lieri
961 2880 1026 2923 non
1041 2868 1158 2943 potest.
1188 2850 1238 2923 ll'x
1251 2859 1366 2923 litteris
1380 2862 1463 2922 enim
1479 2860 1512 2924 C.
1527 2863 1608 2925 Pan·

282 2972 337 3017 sae
358 2955 395 3016 A.
418 2954 514 3017 Hirtii
535 2954 716 3032 consulum,
740 2954 773 3018 C.
790 2955 933 3018 Caesaris
954 2974 1013 3037 pro
1034 2962 1195 3037 praetore,
1218 2954 1257 3017 de
1273 2953 1395 3017 honore
1409 2953 1459 3016 dis
1480 2954 1609 3018 immor·

281 3046 399 3110 talibus
420 3046 566 3112 habendo
590 3051 760 3113 sententias
782 3048 926 3111 dicimus.
971 3047 1240 3132 supplicationem
1261 3047 1356 3111 modo
1378 3048 1433 3132 qni
1455 3046 1608 3125 decrevit,

282 3138 370 3203 idem
392 3141 577 3226 imprudens
598 3142 706 3206 hostes
727 3142 896 3207 iudicavit:
923 3162 1095 3227 numquam
1118 3142 1201 3205 enim
1222 3142 1256 3205 in
1277 3142 1363 3206 civili
1384 3141 1469 3205 bello
1490 3143 1647 3227 suppli-a)

281 3235 361 3297 catio
391 3235 515 3300 decreta
545 3243 602 3299 est
646 3239 809 3300 Decretum
834 3237 927 3300 dico?
954 3256 996 3300 ne
1017 3236 1142 3300 victoris
1165 3235 1294 3320 quidem
1316 3236 1430 3299 litteris
1450 3236 1609 3320 postulata

284 3336 342 3390 est.
386 3326 437 3393 23.
462 3329 561 3394 Civile
591 3331 708 3394 bellum
738 3330 848 3394 consul
871 3330 960 3393 Sulla
981 3331 1094 3412 gessit3
1125 3328 1302 3412 legionibus
1323 3331 1356 3393 in
1377 3332 1487 3396 urbem
1510 3332 1609 3395 addu-

286 3422 344 3485 ctis
366 3444 447 3508 quos
468 3424 569 3487 voluit
591 3425 729 3507 expulit,
753 3444 833 3507 quos
855 3423 960 3506 potuit
974 3422 1107 3485 occidit:
1130 3423 1364 3507 supplicationis
1379 3426 1497 3490 mentio
1510 3425 1608 3488 nulla.

283 3514 386 3578 Grave
406 3517 525 3580 bellum
542 3516 747 3581 Octavianum
769 3519 945 3581 insecutum
964 3524 1028 3579 est:
1050 3516 1237 3601 snpplicatio
1254 3518 1373 3581 Cinnae
1387 3518 1475 3583 nullu
1487 3519 1609 3583 victori.

285 3607 403 3673 Cinnae
425 3611 586 3675 victoriam
608 3614 777 3696 imperator
799 3611 885 3674 ultus
908 3617 956 3674 est
978 3609 1082 3673 Sulla:
1111 3609 1199 3673 nulla
1226 3611 1415 3695 supplicatio
1442 3611 1569 3675 decreta
1590 3627 1647 3677 aas

281 3712 403 3768 senatu.
436 3705 485 3768 Ad
507 3713 537 3768 te
558 3706 676 3791 ipsum,
698 3707 731 3768 Ρ.
755 3704 884 3781 Servili,
906 3725 982 3768 num
1003 3704 1091 3767 misit
1110 3704 1192 3768 ullas
1209 3705 1331 3788 collega
1351 3705 1472 3770 litteras
1493 3706 1533 3770 de
1554 3707 1610 3771 illa

281 3796 552 3863 calamitosissima
574 3819 680 3882 pugna
702 3799 884 3863 Pharsalia?
906 3819 981 3862 num
1004 3805 1036 3862 te
1058 3798 1098 3861 de
1113 3798 1341 3882 supplicatione
1355 3799 1455 3863 voluit
1469 3800 1608 3865 reterre?

283 3890 427 3955 Profecto
443 3893 555 3956 noluit.
591 3893 632 3955 At
652 3893 737 3958 misit
758 3900 869 3976 postea
890 3891 930 3956 de
944 3891 1155 3967 Alexandria,
1177 3892 1217 3954 de
1232 3893 1408 3956 Pharnace:
1429 3893 1608 3959 Pharsaliae

281 4005 357 4048 vero
385 4006 511 4070 pugnae
543 4007 584 4051 ne
612 3986 805 4071 triumphum
835 3985 965 4070 quidem
993 3986 1067 4068 egit.
1109 3987 1174 4049 Eos
1199 3986 1284 4049 enim
1305 3987 1392 4051 cives
1418 4008 1525 4071 pugna
1552 3989 1609 4053 illa

282 4079 470 4155 sustulerat,
497 4081 614 4165 quibus
640 4100 706 4144 non
735 4080 829 4144 modo
860 4079 955 4154 viris,
983 4079 1040 4142 sed
1066 4079 1161 4142 etiam
1182 4079 1353 4144 victoribus
1380 4081 1549 4145 incolumis
1577 4091 1646 4146 etse

282 4173 399 4237 tlorens
421 4174 531 4238 civitas
552 4193 622 4238 esse
644 4182 762 4258 posset
805 4170 857 4237 24.
878 4173 972 4249 Quod
993 4172 1078 4237 idem
1093 4173 1270 4255 contigerat
1282 4173 1499 4257 superioribus
1515 4174 1608 4239 bellis

346 4450 454 4501 444411.
473 4451 623 4503 Ferrarius:
645 4451 721 4502 Xllll.
740 4452 811 4512 mei;
834 4449 868 4502 cl.
887 4451 975 4501 Garat.
994 4449 1072 4501 adh.
1090 4448 1108 4501 Ι.
1129 4477 1156 4487 -
1178 4451 1433 4514 4444444444--444
1450 4453 1507 4504 lue.
1525 4468 1579 4507 om.
1597 4457 1609 4506 t

282 4525 354 4576 -3.
378 4525 575 4589 4444444444-
602 4525 821 4588 4.4444444444;
847 4530 980 4585 uoctesa3
1006 4524 1295 4577 etsocterblvo-
1320 4527 1605 4592 moetmeattsquev-

282 4600 306 4650 5.
325 4600 434 4663 meisque
448 4601 503 4651 4444
521 4600 530 4650 4
548 4627 576 4637 -
595 4602 708 4652 44444444
723 4614 742 4652 v
760 4628 787 4638 -
806 4600 831 4650 o.
849 4600 884 4650 od
899 4600 957 4651 Kal.
974 4599 1030 4650 444.
1049 4601 1057 4650 4
1075 4627 1103 4636 -
1122 4601 1147 4651 7.
1165 4602 1200 4652 nd
1216 4613 1270 4652 om.
1288 4598 1318 4651 b¹
1336 4627 1363 4637 -
1382 4601 1406 4652 9.
1418 4603 1445 4653 Ρ.
1459 4604 1606 4658 Ferrarius:

284 4687 317 4724 .r.
335 4677 358 4736 4,
377 4677 407 4726 ll.
425 4689 454 4736 v;
478 4688 531 4727 om.
550 4675 640 4728 abio
658 4677 728 4740 (44444
745 4680 889 4737 praetorem
907 4675 935 4725 V.
954 4674 1023 4726 coni.
1041 4672 1119 4726 Orelli
1135 4676 1162 4726 in
1179 4674 1222 4726 ed.
1239 4677 1291 4741 pr.)
1309 4701 1338 4712 -
1360 4689 1418 4726 cres
1438 4678 1496 4729 44444
1512 4685 1555 4730 .tr.
1570 4681 1607 4743 pl.

281 4745 410 4800 colosensi.
428 4764 473 4815 eqo
491 4754 515 4811 t;
532 4764 590 4801 cum
605 4751 651 4802 4444
663 4765 691 4814 p.
703 4765 727 4799 r.
742 4755 760 4800 t.
773 4763 797 4800 r.
816 4751 861 4813 (p.
880 4754 898 4800 t.
909 4763 933 4800 r.
943 4764 972 4813 p.
985 4752 1009 4812 4)
1025 4749 1172 4800 colvenum
1187 4763 1232 4813 eqo
1249 4749 1306 4807 ab:
1323 4764 1381 4801 cres
1396 4750 1442 4800 4444
1458 4757 1490 4802 tr.
1506 4752 1543 4816 pl.
1560 4768 1609 4806 44-

281 4826 383 4877 44444444
398 4840 459 4876 num
474 4839 519 4890 eqo
535 4828 583 4885 iv;
601 4839 658 4876 cum
674 4825 720 4875 4444
735 4824 863 4876 4444444444
875 4824 913 4887 pl.
930 4824 1097 4885 4444444444,
1114 4838 1165 4874 nou
1181 4837 1226 4888 eqo
1243 4826 1374 4886 Fabrnns3
1396 4839 1454 4876 4444
1469 4827 1515 4877 ulii
1527 4842 1608 4892 prae-

281 4908 372 4961 torem,
395 4915 445 4951 444
466 4914 511 4965 epo
532 4901 653 4950 Garatoni
671 4898 730 4951 coll.
748 4912 789 4950 or.
806 4899 862 4957 llll,
882 4898 897 4963 5
915 4899 961 4959 44;
983 4913 1041 4949 meu
1056 4899 1102 4949 4444
1119 4904 1275 4962 4444444444,
1296 4899 1424 4951 triburam
1442 4902 1606 4966 Volruiemen,

282 4991 327 5042 eqo
343 4974 422 5027 Orelli
438 4975 480 5039 (3),
498 4975 540 5025 cul
558 4977 725 5026 coniecturae
742 4975 796 5026 iam
813 4972 959 5024 verborum
976 4973 1042 5024 ordo
1058 4975 1179 5038 ratioque
1195 4975 1328 5027 rhetorica
1344 4975 1498 5041 refragatur.
1518 5005 1545 5016 -
1565 4981 1606 5030 444.

281 5054 346 5103 buter
362 5065 378 5101 4
396 5078 424 5087 -
448 5051 488 5101 44.
505 5050 652 5102 deosculer
667 5051 812 5103 llanutius:
835 5050 926 5114 cipp.
944 5051 968 5110 t;
992 5062 1047 5100 om.
1065 5063 1093 5111 a;
1112 5050 1199 5102 44444.
1217 5049 1302 5116 (coss.)
1318 5051 1412 5117 destas.
1429 5052 1572 5120 (4444444444)
1588 5055 1607 5106 b

282 5128 317 5177 iv
333 5128 360 5176 et
376 5124 454 5176 codd.
473 5123 602 5190 plerique.
623 5153 650 5163 -
675 5126 715 5177 ts.
733 5126 763 5175 de
779 5125 894 5176 44444444
910 5137 987 5175 crosa
1002 5124 1033 5175 de
1047 5123 1162 5175 44444444
1177 5127 1189 5174 4
1206 5151 1233 5162 -
1258 5125 1299 5176 43.
1317 5139 1368 5176 sos
1383 5128 1445 5178 anta
1461 5127 1503 5179 444.
1520 5142 1574 5180 om.
1590 5143 1608 5181 v

284 5200 414 5263 -44144
436 5202 457 5258 4;
483 5200 601 5250 uda-
629 5198 1086 5251 uacuam-uerus·
1115 5201 1248 5250 46.444;
1275 5199 1469 5253 44444411.ωοί
1492 5205 1605 5255 440-

270 5264 324 5327 'lt
340 5276 397 5340 44444
412 5274 465 5323 tom
481 5274 551 5324 abv
569 5301 595 5312 -
616 5275 656 5325 48.
674 5274 734 5325 hirti
750 5274 769 5325 b
789 5302 816 5312 -
832 5288 938 5338 propr.
956 5275 982 5335 i;
1003 5273 1284 5339 prupmlpercomp.)
1297 5279 1379 5326 retore
1393 5277 1418 5335 t;
1434 5281 1552 5338 prnetm
1568 5289 1609 5326 av

285 5377 312 5389 -
332 5348 443 5400 dtrbe:
462 5349 545 5400 diiso
564 5350 671 5400 -4444,
690 5363 751 5399 4-
772 5350 811 5400 49.
830 5348 1027 5400 dumabt:
1049 5349 1284 5398 4444444440-
1302 5349 1530 5412 supplicacicsea3
1548 5366 1609 5416 erep-

279 5427 426 5490 pltcutiooer
445 5424 463 5474 b
483 5453 511 5462 -
533 5425 574 5476 44.
591 5427 659 5488 inps.
678 5438 694 5474 a
714 5449 742 5461 -
765 5425 807 5476 44.
824 5425 924 5475 decretu
945 5421 1037 5475 maluit
1057 5425 1186 5484 Faernus,
1204 5425 1234 5473 nt
1250 5424 1291 5473 est
1313 5425 1339 5475 ln
1355 5426 1372 5474 2
1388 5425 1504 5486 Oxonn.;
1529 5428 1556 5477 44
1572 5428 1607 5478 44.

282 5514 311 5567 p.
329 5502 402 5562 4449,
420 5500 462 5550 444.
481 5525 508 5534 -
535 5501 633 5561 quidem
654 5513 707 5551 om.
725 5513 741 5549 a
759 5522 788 5536 —
814 5499 847 5549 44
866 5499 947 5549 etit.
965 5498 1030 5560 rullo
1050 5498 1104 5548 mei
1128 5523 1155 5534 -
1181 5497 1222 5548 43.
1239 5497 1310 5548 sulla
1327 5499 1438 5549 44444444.
1455 5512 1535 5564 praue
1552 5501 1559 5550 4
1577 5526 1605 5537 -

282 5575 324 5627 at.
338 5576 435 5626 0444444
446 5575 463 5635 4,
482 5576 545 5624 etv.
559 5574 593 5625 de
605 5576 658 5625 nat.
672 5574 747 5624 deor.
760 5575 791 5635 ll,
806 5572 905 5638 944-
924 5575 1153 5624 4444444444-
1172 5585 1269 5634 mosae
1285 5575 1321 5622 tv
1334 5600 1361 5610 -
1379 5574 1470 5624 4444444
1486 5576 1512 5624 t:
1531 5575 1609 5626 sictu-

282 5651 320 5700 444
335 5648 391 5701 4414.
409 5649 463 5699 mei
480 5650 553 5709 et03
573 5649 607 5700 ct.
620 5648 651 5713 §g
664 5650 703 5699 44.
717 5648 749 5700 al
766 5652 793 5699 et
809 5661 891 5713 saepe
908 5646 982 5701 alias.
995 5673 1023 5684 -
1043 5648 1084 5699 44.
1102 5647 1193 5698 sends·
1208 5660 1269 5697 4444
1286 5646 1344 5697 ab:
1362 5648 1491 5698 4444444444
1507 5648 1559 5700 itr
1578 5676 1606 5686 -

283 5725 325 5776 27.
338 5724 484 5774 4444444444
500 5724 508 5773 l
527 5750 554 5760 -
574 5723 704 5774 4444444444
719 5736 780 5775 nos:
797 5723 909 5788 porculis
925 5721 1027 5783 abtv;
1043 5721 1172 5786 4444444444
1188 5722 1211 5781 4;
1229 5721 1418 5783 4444444444ος
1437 5735 1463 5773 v.
1476 5722 1606 5785 adonll,

285 5798 359 5863 539.
380 5826 407 5836 -
428 5798 522 5861 resme
542 5799 610 5862 serre
631 5811 672 5847 av
695 5825 723 5836 -
749 5796 973 5863 28.ptomwob
996 5823 1025 5834 -
1050 5797 1197 5847 Phornltae
1218 5795 1314 5848 ubit:
1339 5797 1558 5850 Pbmaltcoevo
1578 5824 1605 5834 -

285 5873 732 5926 344444444444444444444444444
750 5872 1017 5925 -4444444444440
1035 5899 1064 5911 -
1082 5871 1318 5939 344444414444.
