3800 7350
312 1162 395 1230 4406
715 1165 867 1230 ORATIO
889 1166 1116 1232 PHILIPPICA
1136 1167 1220 1232 XIV.

310 1336 466 1401 civilibus.
511 1335 590 1398 liam
621 1335 699 1398 mihi
729 1335 852 1399 consuli
885 1338 1076 1421 supplicatio
1104 1336 1203 1401 nullis
1229 1337 1324 1400 armis
1352 1340 1489 1424 sumptis
1514 1353 1589 1399 non
1612 1330 1659 1395 oh

309 1429 438 1495 caedem
460 1427 614 1503 bostium,
636 1430 693 1493 sed
715 1430 756 1493 ob
778 1431 1189 1496 conservationem-civium
1212 1438 1344 1496 noscet
1362 1431 1511 1496 inaudito
1528 1445 1657 1513 genere

308 1522 435 1588 decreta
456 1530 515 1585 est.
552 1522 653 1598 Quam
676 1524 717 1587 ob
739 1543 807 1587 rem
829 1531 882 1588 aut
904 1524 1093 1609 supplicatio
1113 1544 1149 1588 re
1169 1524 1296 1608 publica
1318 1525 1539 1609 pulcherrime
1557 1524 1657 1605 gesta

306 1617 540 1701 postulantibus
562 1616 677 1680 nostris
699 1618 940 1701 imperatoribus
964 1619 1149 1702 deneganda
1172 1625 1239 1691 est,
1262 1619 1348 1701 quod
1370 1628 1499 1703 praeter
1520 1618 1561 1680 Α.
1586 1615 1655 1678 Ga·

283 1711 429 1774 ibinium
458 1710 590 1792 contigit
618 1711 751 1785 nemini,
782 1717 836 1773 aut
866 1711 1098 1795 supplicatione
1127 1712 1328 1776 decernenda
1358 1715 1466 1778 hostes
1496 1732 1575 1786 eos,
1610 1707 1655 1770 de

307 1805 422 1886 quibus
444 1803 632 1878 decernitis,
659 1803 806 1867 iudicetis
827 1824 958 1869 necesse
980 1813 1038 1868 est
1081 1806 1137 1868 lli.
1160 1806 1253 1882 Quod
1275 1826 1350 1889 ergo
1371 1807 1426 1869 ille
1447 1829 1502 1881 re,
1525 1806 1559 1869 id
1585 1821 1651 1885 ego

307 1899 402 1962 ctiam
424 1897 539 1973 verbo,
561 1917 634 1961 cum
655 1897 862 1981 imperatores
884 1919 939 1962 eos
963 1899 1108 1982 appello:
1131 1899 1191 1963 hoc
1213 1899 1286 1982 ipso
1301 1902 1429 1965 nomine
1444 1906 1477 1963 et
1492 1918 1563 1973 eos,
1590 1896 1650 1979 qui

306 1994 370 2056 iam
399 1990 513 2056 devicti
542 1998 631 2066 suni,
663 1997 694 2053 et
721 2011 793 2066 eos,
824 1994 877 2076 qui
904 2001 1092 2076 supersunt,
1123 1993 1232 2056 hostes
1254 1993 1376 2069 iudico,
1407 2015 1479 2059 cum
1502 1993 1648 2056 victores

306 2085 432 2170 appello
455 2086 669 2169 imperatores.
712 2081 764 2147 25.
788 2085 860 2161 Quo
883 2085 978 2149 modo
1000 2086 1084 2151 enim
1101 2088 1207 2171 potius
1222 2088 1356 2151 Pansam
1371 2088 1558 2172 appellem?
1584 2085 1646 2149 cisi

267 2180 401 2244 sehabet
421 2178 551 2243 honoris
573 2198 688 2241 nomen
712 2178 910 2261 amplissimi.
945 2180 1017 2256 Quo
1032 2181 1194 2244 Hirtiumi
1215 2182 1272 2244 list
1292 2181 1346 2244 ille
1369 2181 1500 2265 quidem
1514 2178 1645 2252 consul,

306 2273 364 2337 sed
393 2274 526 2336 alterum
553 2292 670 2336 nomen
691 2269 838 2337 beneficii
861 2274 970 2357 populi
992 2275 1126 2338 Romani
1148 2281 1211 2349 est,
1238 2274 1372 2338 alterum
1394 2275 1518 2338 virtutis
1540 2282 1645 2356 atque

306 2369 465 2432 victoriae.
502 2365 611 2442 Quidi
642 2366 823 2440 Caesarem,
853 2367 984 2431 deorum
1015 2365 1168 2431 beneficio
1189 2368 1236 2431 rei
1258 2368 1403 2451 publicae
1425 2374 1644 2452 procreatum,

307 2462 489 2526 dubitemne
511 2458 670 2543 appellare
692 2460 936 2543 imperatorem?
959 2461 1014 2543 qui
1037 2461 1157 2544 primus
1175 2463 1303 2525 Antonii
1326 2462 1493 2525 immanem
1518 2468 1552 2524 et
1574 2459 1646 2523 ioe-

307 2557 379 2622 dam
402 2556 619 2620 crudelitatem
641 2572 705 2617 non
728 2554 829 2618 solum
853 2575 871 2618 4
892 2555 1011 2637 iugulis
1033 2557 1165 2630 nostris,
1193 2556 1250 2619 sed
1274 2556 1368 2618 eiiam
1391 2575 1409 2618 4
1432 2554 1587 2617 membris
1610 2560 1645 2617 et

268 2649 480 2713 isvisceribns
501 2647 623 2711 avertit.
659 2647 758 2711 Unius
780 2655 884 2711 autem
907 2648 971 2711 diei
985 2656 1064 2731 quot
1085 2657 1115 2713 et
1130 2657 1267 2732 quantae
1281 2650 1430 2722 virtutes,
1452 2648 1485 2714 di
1508 2649 1646 2712 immor·

306 2743 400 2818 tales,
422 2740 567 2806 suerunti
612 2736 663 2803 26.
684 2742 834 2825 Princeps
857 2742 941 2805 enim
964 2741 1105 2806 omnium
1119 2744 1221 2806 Pensa
1238 2743 1351 2826 proelii
1366 2741 1504 2806 faciendi
1518 2749 1552 2806 et
1567 2761 1645 2805 com

304 2836 444 2902 Antonio
473 2835 661 2917 confligendi
692 2833 771 2897 inii:
802 2835 915 2917 dignus
936 2836 1110 2917 imperator
1131 2835 1256 2918 legione
1277 2835 1405 2909 Martia,
1434 2837 1529 2919 digna
1553 2834 1644 2917 legio

304 2933 505 3015 imperatore.
543 2929 639 2993 Cuius
662 2928 690 2992 si
712 2930 898 2992 acerrimum
911 2929 1073 3012 'impetum
1087 2928 1236 2992 cohibere
1255 2931 1356 2994 Pansa
1377 2930 1549 3012 potuisset,
1572 2947 1644 2991 uno

304 3026 427 3110 proelio
449 3023 592 3089 coniecta
623 3043 676 3087 res
698 3029 791 3086 esset.
828 3022 890 3086 Sed
912 3042 983 3085 cum
1007 3022 1158 3087 libertatis
1179 3023 1272 3087 avida
1292 3024 1376 3107 legio
1397 3023 1582 3087 effrenatius
1604 3022 1644 3084 in

268 3120 405 3184 iiaciem
426 3118 566 3182 hostium
587 3117 754 3199 irrupisset
774 3117 907 3199 ipseque
929 3117 963 3179 in
986 3117 1094 3199 primis
1117 3118 1219 3180 Pansa
1240 3124 1407 3201 pugnaret,
1433 3116 1561 3180 duobus
1583 3134 1644 3200 pe—

305 3213 451 3277 riculosis
473 3211 657 3275 vulneribus
679 3211 816 3292 acceptis
839 3209 981 3273 sublatus
1004 3231 1022 3273 e
1043 3210 1165 3292 proelio
1188 3212 1235 3275 rei
1256 3211 1400 3295 publicae
1415 3211 1511 3275 vitam
1533 3228 1642 3272 resen-

304 3308 398 3372 44444.
440 3307 507 3388 Ego
535 3326 610 3368 vero
639 3304 723 3367 hunc
754 3324 817 3367 non
840 3303 941 3367 solum
964 3303 1200 3385 imperatorem,
1231 3304 1403 3368 sedetiam
1425 3304 1641 3368 clarissimum

304 3400 526 3483 imperatorem
554 3398 677 3463 iudico:
704 3400 759 3481 qui
791 3418 862 3460 cum
891 3405 945 3460 aut
973 3406 1074 3461 morte
1096 3404 1150 3461 aut
1171 3398 1302 3461 victoria
1324 3418 1359 3461 se
1380 3397 1641 3462 satisfacturum

304 3495 350 3557 rei
381 3494 524 3578 publicae
553 3491 793 3576 spopondisset,
821 3491 954 3554 alterum
983 3490 1074 3566 fecii,
1106 3490 1236 3555 alterius
1265 3491 1296 3553 di
1324 3492 1517 3556 immortales
1540 3511 1641 3558 omen

267 3587 465 3651 &avertenti
508 3587 549 3650 x.
571 3583 623 3648 27.
646 3585 730 3661 Quid
759 3584 861 3648 dicam
891 3584 931 3647 de
958 3586 1082 3648 Hirtioi
1111 3585 1167 3667 qui
1195 3606 1230 3649 re
1251 3585 1359 3649 audita
1380 3606 1398 3650 e
1420 3588 1531 3650 casina
1554 3586 1639 3649 duas

304 3682 446 3765 legiones
468 3682 581 3746 eduxit
601 3679 778 3744 incredibili
801 3678 907 3742 studio
929 3687 1025 3763 atque
1039 3679 1171 3754 virtute,
1193 3687 1335 3764 quartam
1357 3679 1459 3754 illam,
1482 3700 1567 3763 quae
1585 3701 1639 3743 re·

303 3775 379 3841 licto
400 3776 541 3840 Antonio
563 3797 598 3839 se
620 3775 695 3837 olim
718 3795 790 3837 cum
811 3773 923 3836 Martia
944 3773 1067 3855 legione
1089 3773 1267 3847 coniunxit,
1290 3781 1323 3837 et
1344 3774 1526 3857 septimam,
1549 3794 1637 3859 quae

304 3873 475 3936 constituta
504 3891 543 3933 ex
570 3868 727 3932 veteranis
756 3868 864 3930 docuit
892 3867 952 3930 hoc
979 3866 1101 3949 proelio
1128 3866 1281 3930 militibus
1308 3866 1366 3941 iis,
1399 3869 1457 3951 qui
1487 3867 1637 3932 Caesaris

303 3964 457 4030 beneficia
478 3968 670 4036 servassent,
693 3969 821 4024 senatus
844 3960 1017 4043 populique
1039 3961 1173 4024 Romani
1195 3981 1301 4025 carum
1323 3981 1438 4025 nomen
1459 3982 1542 4025 esse.
1574 3963 1637 4026 His

266 4061 416 4143 ³⁰viginii
438 4059 635 4130 cohortibus,
657 4056 745 4118 nullo
769 4056 927 4138 equitatu,
949 4054 1072 4118 Hirtius
1095 4055 1165 4136 ipse
1187 4055 1324 4138 aquilam
1340 4061 1471 4138 quartae
1492 4055 1636 4138 legionis

304 4174 375 4216 cum
404 4153 551 4228 inferret,
580 4170 644 4235 qua
670 4148 790 4212 nullius
816 4147 1027 4232 pulchriorem
1056 4149 1193 4230 speciem
1219 4147 1417 4230 imperatoris
1439 4150 1635 4232 accepimus,

304 4266 375 4310 cum
400 4247 500 4310 tribus
528 4244 658 4309 Antonii
685 4242 863 4326 legionibus
892 4242 1100 4326 equitatuque
1123 4242 1265 4305 conflixit
1286 4241 1459 4326 hostesque
1480 4242 1634 4318 nefarios,

368 4515 392 4563 4.
410 4514 513 4576 44444444
529 4515 608 4563 om.t
625 4537 653 4548 -
672 4511 696 4562 ³.
714 4509 834 4573 srsppiicio
850 4522 866 4558 4
881 4535 907 4545 -
926 4522 950 4560 r.
965 4522 993 4572 p.
1009 4509 1093 4572 pulch.
1110 4515 1180 4574 gestu
1196 4511 1223 4561 t:
1244 4509 1275 4561 ob
1290 4523 1314 4560 r.
1329 4524 1357 4573 p.
1373 4511 1458 4573 puicu.
1474 4516 1558 4575 gerim
1574 4525 1631 4574 av;

302 4586 388 4639 obrcr
406 4601 437 4638 .r.
458 4600 485 4649 p.
506 4587 588 4649 prusa.
606 4584 736 4650 gestum
762 4585 791 4634 44
810 4597 864 4635 rem
884 4597 911 4646 p.
929 4583 1012 4647 puicu.
1029 4590 1124 4649 pesum
1141 4587 1178 4644 0;
1201 4585 1554 4651 obcousoructiouemrsip.
1571 4590 1636 4652 pui-

301 4662 463 4721 cacumen
486 4661 520 4712 ci.
539 4675 565 4726 p.
584 4661 646 4722 600,
665 4662 706 4711 40.
727 4659 797 4751 zi.
815 4658 1024 4709 smrussbtv:
1042 4661 1185 4712 4444444440
1204 4687 1232 4698 -
1250 4661 1505 4724 supermirati:
1524 4658 1586 4728 torp.
1603 4678 1632 4728 p.

302 4754 343 4805 ab
363 4756 459 4816 (onum
476 4767 509 4805 ex
526 4752 684 4819 compendio
700 4753 777 4816 impp.
796 4751 830 4803 cl.
843 4751 915 4802 adv.
929 4754 944 4802 7
962 4755 990 4803 ei
1005 4765 1032 4816 p.
1046 4751 1119 4814 4404,
1132 4752 1187 4815 44);
1204 4754 1397 4817 imperatoribus
1408 4756 1507 4817 publice
1523 4758 1548 4816 i;
1567 4758 1630 4820 4444.

298 4835 494 4893 putrescenscr.
513 4830 533 4879 0
550 4842 611 4880 cum
629 4829 711 4879 Oxou.
729 4841 746 4878 v
765 4855 792 4864 -
811 4827 840 4879 Δ.
859 4831 882 4878 t:
907 4840 938 4878 cc
954 4822 1012 4886 'ab3
1037 4839 1090 4877 om.
1110 4827 1173 4878 ivo
1192 4853 1218 4863 -
1238 4829 1340 4892 pubium
1356 4840 1374 4878 v
1392 4851 1420 4864 -
1438 4831 1464 4880 5.
1480 4832 1633 4894 supplicatio

300 4910 336 4956 444
351 4904 398 4954 di
417 4931 443 4941 —
462 4904 635 4955 444444444-
653 4903 832 4966 hostes--qui
847 4907 979 4965 supersum
995 4902 1073 4952 omi
1092 4928 1119 4938 -
1138 4901 1252 4952 0444444
1268 4915 1313 4966 ego
1330 4915 1387 4952 a-
1405 4903 1430 4952 7.
1444 4900 1503 4964 imp.
1518 4918 1632 4967 peasa

303 5009 330 5019 -
343 4981 368 5032 8.
381 4980 424 5043 qui
439 4991 514 5042 aspa·
529 4981 578 5029 4-
591 4977 675 5030 uerba
687 4991 744 5029 cum
754 5004 791 5017 ·-
801 4979 965 5040 imperotores
975 4977 1094 5027 Ferrario
1107 4989 1140 5026 ex
1156 4974 1315 5040 glossemate
1332 4976 1435 5027 adiecta
1452 4977 1631 5038 videbanturz

300 5054 445 5107 defendere
469 5055 579 5105 conatus
596 5057 637 5105 est
652 5050 788 5117 Wopkens
805 5054 831 5102 in
849 5051 920 5103 lectt.
938 5049 1004 5103 Tull.
1022 5052 1046 5113 l,
1064 5051 1094 5112 0,
1116 5063 1142 5115 p.
1161 5051 1203 5102 00.
1224 5078 1252 5090 -
1276 5051 1301 5102 0.
1320 5065 1369 5114 quo
1384 5064 1426 5102 ruo
1441 5064 1502 5117 ergo
1515 5055 1631 5117 polluet

301 5156 328 5168 -
348 5130 388 5180 40.
406 5141 495 5180 umnec
512 5130 588 5192 copi.
607 5130 677 5180 mei:
697 5126 773 5192 ampl.
792 5140 881 5179 nomen
897 5129 918 5179 0
937 5155 963 5166 -
984 5141 1033 5190 quo
1048 5128 1122 5177 modo
1139 5127 1207 5178 coni.
1226 5129 1256 5178 Α.
1275 5128 1435 5191 Augustinus
1454 5154 1481 5165 -
1499 5127 1605 5191 40444444
1621 5131 1634 5180 4

302 5279 330 5290 -
348 5256 383 5303 cst
402 5251 468 5301 44444
487 5249 529 5300 illc
550 5250 557 5298 i
582 5275 609 5284 -
633 5250 673 5299 44.
690 5263 717 5312 p.
735 5262 758 5298 r.
775 5254 811 5300 est
831 5251 880 5300 tv:
905 5207 948 5312 pir.
967 5263 991 5298 r.
1009 5247 1092 5307 csib3
1116 5244 1175 5311 pirp.
1192 5261 1219 5310 p.
1237 5262 1261 5298 r.
1279 5252 1315 5298 cst
1335 5261 1365 5306 a;
1393 5252 1429 5298 est
1445 5262 1479 5311 .p.
1496 5263 1521 5300 r.
1539 5250 1580 5300 io
1600 5277 1630 5287 —

299 5328 339 5377 is.
358 5325 474 5388 0444444444
491 5327 502 5374 4
519 5348 547 5359 -
570 5323 610 5373 43.
628 5323 760 5374 Antoniis
782 5327 843 5386 post
864 5323 958 5374 crudci.
977 5321 1104 5372 babet-
1128 5324 1255 5372 inmunem
1270 5334 1302 5380 a;
1324 5323 1433 5372 immone
1448 5324 1459 5371 4
1477 5349 1505 5360 -
1526 5323 1568 5375 il.
1586 5325 1632 5375 red

298 5401 351 5451 iem
371 5398 389 5449 b
413 5425 441 5435 -
468 5400 508 5448 ⁴5.
531 5395 631 5460 auertit]
659 5396 702 5446 hic
724 5397 814 5449 deficit
835 5400 857 5460 4,
887 5400 1017 5463 sequente
1039 5399 1212 5460 quaternione
1234 5399 1294 5447 ocio
1317 5395 1439 5447 loliorum
1468 5396 1629 5461 deperdito;

298 5475 424 5524 auertitur
439 5472 467 5533 b,
486 5472 534 5524 ssd
551 5485 585 5522 ur
600 5473 689 5534 punct.
703 5497 730 5507 -
749 5474 814 5534 quod
830 5479 853 5523 44
869 5477 976 5536 quartus
992 5484 1008 5521 a
1026 5498 1053 5508 -
1072 5474 1098 5522 di
1114 5486 1142 5522 v:
1163 5474 1197 5522 dii
1215 5473 1276 5522 0-
1296 5472 1335 5522 il.
1353 5471 1516 5534 condiendis
1534 5496 1564 5508 -
1584 5474 1633 5523 eut

297 5550 394 5600 Mortis
410 5547 555 5600 delendum
572 5548 618 5596 aui
633 5547 715 5597 Pausa
732 5550 791 5611 post
806 5549 957 5611 imperatore
972 5546 1127 5598 addendum
1143 5546 1284 5598 videbatur
1299 5547 1432 5604 Ferraria:
1451 5547 1479 5596 at
1495 5560 1520 5596 v.
1536 5548 1630 5597 Garat.

298 5623 376 5674 adh.
394 5621 412 5674 l.
432 5646 459 5660 -
480 5624 520 5675 48.
538 5625 621 5674 Pausa
637 5624 704 5673 mei:
722 5626 809 5675 om.0
827 5649 855 5661 -
875 5625 915 5674 49.
933 5637 974 5674 res
990 5636 1045 5673 om.
1063 5636 1080 5672 v
1098 5648 1126 5659 -
1145 5624 1186 5673 40.
1205 5623 1338 5685 inrupisset
1354 5636 1385 5679 a;
1402 5623 1544 5686 {eripuisset
1560 5620 1580 5672 b
1600 5647 1630 5658 -

295 5697 495 5762 pupucrcb¹-
513 5700 555 5750 si.
571 5697 593 5763 4]
610 5712 628 5748 a
644 5711 725 5749 av·
744 5700 883 5749 mummuli
899 5699 953 5750 bi:
971 5699 1083 5748 4444444444
1099 5711 1185 5748 av-
1201 5697 1243 5749 si.
1261 5698 1288 5748 di
1304 5710 1335 5747 v:
1354 5697 1389 5746 dii
1405 5697 1426 5747 0
1445 5722 1472 5734 -
1491 5697 1634 5760 4044444·-
1669 5709 1671 5713 ·

298 5774 585 5824 tcmcnirnillcma-
605 5772 938 5826 hbbocmeiziiioo-
956 5773 1215 5825 miiitibuaom.a-
1233 5771 1331 5824 btsbv
1350 5798 1377 5810 -
1399 5771 1440 5822 ³0.
1458 5770 1631 5835 baiocis-

298 5846 339 5898 34.
358 5845 482 5910 quobus
500 5848 562 5910 quie
580 5848 622 5899 ai.
