3800 7350
667 1140 977 1206 cmxur-xrv.
1003 1138 1219 1225 §sse-as.
1528 1142 1611 1210 rroo

286 1308 369 1375 blica
390 1316 501 1392 posset
521 1310 638 1385 oratio,
667 1329 731 1395 qna
752 1310 947 1394 deponerent
967 1329 1141 1375 maerorem
1163 1318 1260 1395 atque
1281 1312 1399 1376 luctum
1421 1314 1611 1397 gauderent·

288 1424 350 1489 que
378 1402 503 1488 potius,
533 1424 603 1467 eum
625 1404 724 1468 multa
746 1414 778 1469 et
799 1406 885 1470 varia
910 1403 1129 1488 impenderent
1149 1404 1332 1469 hominibus
1354 1426 1470 1489 genera
1491 1409 1610 1485 mortis,

285 1498 319 1562 id
340 1517 457 1582 genus,
480 1497 564 1582 quod
587 1506 672 1563 esset
693 1498 953 1583 pulcherrimum,
975 1499 1041 1564 suis
1063 1498 1230 1584 obtigisse,
1252 1520 1371 1585 eosque
1386 1521 1444 1565 nec
1466 1502 1611 1567 inhuma-

285 1598 333 1656 tos
361 1611 431 1656 esse
459 1610 519 1655 nec
546 1592 704 1668 desertos,
733 1594 820 1677 quod
848 1601 953 1656 tamen
980 1593 1083 1676 ipsum
1111 1612 1169 1676 pro
1190 1595 1291 1678 patria
1313 1615 1376 1660 non
1398 1596 1610 1661 miserendum

283 1692 427 1769 putatur,
455 1706 515 1750 nec
543 1686 695 1772 dispersis
723 1688 825 1751 bustis
846 1686 960 1750 humili
981 1687 1145 1770 sepultura
1166 1696 1338 1765 crematos,
1367 1691 1423 1754 sed
1446 1698 1633 1756 contectos⁵

284 1779 418 1861 publicis
443 1781 592 1865 operibus
614 1790 709 1864 atque
730 1781 913 1846 muneribus
934 1802 1037 1866 eaque
1060 1781 1292 1857 exstructione,
1315 1804 1398 1867 quae
1420 1784 1461 1849 sit
1482 1787 1521 1850 ad
1544 1806 1610 1849 me·

284 1874 416 1935 moriam
445 1876 640 1939 aeternitatis
668 1896 721 1939 ara
750 1876 890 1939 Virtutis.
934 1874 986 1938 35.
1009 1877 1111 1953 Quam
1134 1875 1264 1940 obrem
1287 1879 1456 1942 maximum
1479 1878 1609 1962 quidem

284 1966 435 2030 solacium
454 1969 513 2033 erit
529 1972 790 2055 propinquorum,
805 1970 918 2034 eodem
937 1978 1142 2034 monumento
1162 1970 1314 2035 declarari
1328 1980 1360 2037 et
1374 1973 1520 2036 virtutem
1535 1992 1609 2036 suo·

283 2081 352 2124 rum
370 2070 401 2126 et
417 2063 527 2146 populi
542 2064 675 2127 Romani
692 2066 840 2149 pietatem
859 2073 890 2127 et
907 2072 1036 2129 senatus
1052 2062 1144 2128 fidem
1159 2072 1191 2127 et
1202 2065 1411 2130 crudelissimi
1425 2068 1608 2130 memoriam

281 2155 378 2218 belli:
399 2157 433 2220 in
455 2178 519 2241 quo
541 2159 603 2221 nisi
625 2166 712 2223 tauta
737 2158 873 2222 militum
895 2159 995 2222 virtus
1018 2158 1205 2231 exstitisset,
1227 2158 1397 2240 parricidio
1421 2162 1463 2224 Μ.
1477 2160 1607 2224 Antonii
1618 2170 1646 2216 ⁴⁰

283 2268 400 2312 nomen
421 2251 530 2335 populi
553 2253 686 2315 Romani
708 2252 881 2316 occidisset.
918 2253 1022 2335 Atque
1042 2252 1137 2316 etiam
1153 2271 1284 2327 censeo,
1306 2259 1412 2335 patres
1426 2254 1608 2336 conscripti,

284 2365 366 2428 quae
387 2345 527 2429 praemia
548 2346 699 2410 militibus
721 2346 922 2431 promisimus
945 2365 1004 2408 nos
1026 2366 1060 2409 re
1081 2345 1209 2428 publica
1226 2354 1410 2427 recuperata
1424 2346 1608 2421 tributuros,

284 2458 322 2503 ea
342 2439 423 2503 vivis
443 2439 679 2522 victoribusque
701 2439 876 2514 cumulate,
899 2460 971 2502 cum
995 2447 1119 2522 tempus
1139 2438 1280 2513 venerit,
1302 2439 1528 2523 persolvenda:
1551 2438 1606 2524 qui

283 2540 388 2597 autem
410 2552 450 2596 ex
471 2533 526 2608 iis,
555 2533 672 2617 quibus
692 2535 747 2598 illa
769 2533 925 2618 promissa
946 2541 1037 2607 sunt,
1065 2553 1122 2615 pro
1144 2532 1246 2615 patria
1268 2531 1468 2609 occiderunt,
1496 2551 1608 2597 eorum

282 2627 482 2710 parentibus,
504 2626 626 2702 liberis,
648 2629 852 2711 coniugibus,
873 2626 1022 2692 fratribus
1045 2627 1154 2690 eadem
1178 2625 1345 2690 tribuenda
1365 2646 1491 2692 censeo.
1616 2641 1645 2687 44

366 2720 449 2783 XIV.
471 2716 523 2783 36.
545 2721 625 2797 Sed,
647 2729 684 2786 ut
703 2722 875 2805 aliquando
898 2723 1055 2786 sententia
1076 2721 1282 2804 complectar,
1306 2721 1350 2784 ita
1372 2741 1505 2786 censeo:
1528 2721 1607 2785 Cum

284 2812 317 2876 C.
339 2814 456 2890 Pansa,
485 2816 611 2891 consul,
641 2816 828 2900 imperator,
856 2817 980 2881 initium
1007 2837 1080 2879 cum
1107 2815 1249 2879 hostibus
1272 2815 1461 2899 eonlliqendi
1482 2815 1606 2891 fecerit,

282 2925 346 2989 quo
368 2908 490 2989 proelio
517 2907 601 2991 legio
623 2911 735 2974 Martia
756 2909 930 2973 admirabili
952 2909 1195 2993 incredibilique
1216 2910 1331 2972 virtute
1353 2909 1528 2975 libertatem
1550 2929 1608 2994 po·

280 2999 348 3083 puli
377 3002 510 3066 Romani
540 3003 731 3078 defenderit,
763 3002 849 3087 quod
872 3004 957 3067 idem
980 3004 1122 3086 legiones
1144 3003 1281 3066 tironum
1303 3002 1451 3078 iecerint,
1473 3005 1606 3088 ipseque

283 3091 316 3156 C.
338 3095 453 3171 Pansa,
482 3098 607 3172 consul,
634 3099 818 3182 imperator,
848 3118 919 3161 curn
945 3098 1028 3161 inter
1050 3096 1153 3160 media
1175 3096 1311 3158 bostium
1334 3096 1398 3159 tela
1419 3105 1644 3171 versaretur„

282 3187 411 3253 vulnera
432 3192 608 3273 acceperit:
631 3212 766 3276 cumque
785 3191 822 3254 A.
837 3191 973 3266 Hirtius,
995 3191 1123 3265 consul,
1145 3191 1328 3273 imperator,
1349 3189 1472 3272 proelio
1488 3189 1607 3264 audito,

281 3283 480 3366 recognita,
507 3284 680 3349 fortissimo
710 3286 1045 3370 praestantissimoque
1074 3285 1180 3348 animo
1202 3284 1375 3346 exercitum
1398 3284 1506 3347 castris
1530 3283 1607 3346 edu·

282 3375 363 3438 xerit
385 3377 601 3461 impetumque
623 3380 655 3441 in
678 3382 719 3442 Μ.
734 3379 904 3441 Antonium
928 3379 1166 3462 exercitumque
1189 3378 1327 3441 bostium
1349 3375 1458 3439 fecerit
1474 3377 1607 3459 eiusque

283 3470 390 3552 copias
413 3469 578 3535 occidione
601 3473 768 3547 occiderit,
798 3493 856 3535 suo
878 3474 1017 3535 exercitu
1039 3473 1083 3535 ita
1105 3471 1271 3546 incolumi,
1297 3479 1333 3534 ut
1354 3490 1395 3533 ne
1417 3488 1514 3533 unum
1537 3469 1608 3552 qui·

283 3562 354 3626 dem
377 3564 507 3628 militem
529 3565 732 3630 desiderarit:
765 3562 817 3628 37.
840 3585 976 3648 cumque
1000 3566 1034 3630 C.
1059 3566 1188 3641 Caesar,
1210 3584 1267 3648 pro
1289 3570 1451 3646 praetore,
1472 3564 1644 3647 impera-re

281 3663 347 3733 tor,
379 3658 512 3724 consilio
542 3660 770 3746 diligentiaque
798 3682 853 3725 sua
882 3667 982 3724 eastra
1009 3659 1141 3724 feliciter
1162 3658 1337 3723 defenderit
1357 3659 1529 3742 copiasque
1549 3656 1608 3720 bo-

282 3752 389 3828 stium,
420 3774 501 3837 quae
528 3755 568 3818 ad
591 3764 692 3820 castra
712 3762 925 3829 accesserant,
952 3753 1127 3836 profligarit
1152 3752 1320 3816 occiderit:
1347 3752 1386 3815 ob
1409 3773 1463 3816 eas
1485 3773 1536 3817 res
1558 3773 1607 3817 se·

281 3854 390 3909 natum
412 3849 594 3912 existimare
617 3858 649 3913 et
670 3849 809 3913 iudicare
824 3869 932 3912 eorum
955 3847 1048 3910 trium
1069 3847 1293 3928 imperatorum
1310 3846 1440 3921 virtute,
1462 3845 1606 3930 imperio,

282 3941 435 4017 consilio,
466 3941 635 4024 gravitate,
666 3942 858 4018 constantia,
885 3939 1102 4024 magnitudine
1131 3941 1243 4016 animi,
1273 3940 1424 4003 felicitate
1452 3939 1607 4024 populum

281 4032 459 4097 Romanum
485 4033 667 4099 foedissima
691 4036 974 4118 crudelissimaque
996 4034 1146 4097 servitute
1167 4032 1351 4109 liberatum:
1381 4053 1517 4117 cumque
1538 4049 1644 4097 remeo

281 4126 454 4208 publicam,
475 4129 603 4204 urbem,
618 4129 735 4214 templa
750 4128 881 4193 deorum
896 4127 1130 4201 immortalium,
1144 4127 1229 4191 bona
1243 4127 1450 4211 fortunasque
1465 4128 1627 4194 omnium.

282 4217 465 4305 liberosque
493 4223 709 4287 conservarint
737 4221 938 4286 dimicatione
961 4229 993 4285 et
1014 4219 1157 4303 periculo
1179 4221 1261 4284 vitae
1284 4240 1378 4296 snae,
1419 4219 1466 4283 uti
1489 4220 1529 4284 ob
1552 4239 1606 4284 eas

282 4331 333 4376 res
354 4314 452 4390 bene,
473 4313 595 4379 fortiter
615 4315 813 4401 feliciterque
841 4323 946 4400 gestas
970 4315 1003 4378 C.
1025 4315 1126 4376 Pansa
1148 4314 1184 4377 Α.
1205 4314 1328 4379 Hirtius
1357 4315 1521 4392 consules,
1547 4317 1607 4381 im·

282 4415 462 4491 peratores,
483 4408 564 4473 alter
584 4412 732 4486 ambove,
760 4419 830 4486 aut,
858 4411 884 4474 si
906 4409 1055 4482 aberunt,
1076 4409 1119 4471 Μ.
1143 4407 1299 4472 Cornutus
1320 4416 1448 4493 praetor
1467 4410 1606 4474 urbanus

282 4502 531 4586 supplicationes
563 4524 620 4588 per
649 4506 717 4568 dies
748 4503 978 4589 quinquaqinta
1007 4501 1047 4565 ad
1080 4501 1187 4565 omnia
1214 4502 1393 4586 pulvinaria
1418 4503 1644 4567 constituenda

281 4591 333 4658 38.
359 4616 494 4681 cumque
521 4597 620 4662 virtus
648 4599 807 4682 legionum
836 4598 932 4681 digne
959 4595 1141 4661 clarissimis
1171 4596 1412 4679 imperatoribus
1434 4597 1605 4671 exstiterit,

348 4868 372 4918 4.
390 4867 525 4919 consolatio
543 4864 660 4918 malebat
680 4867 847 4920 Burmannus
868 4867 1013 4920 secundus.
1033 4894 1061 4905 -
1084 4866 1107 4918 3.
1127 4865 1186 4918 0444
1206 4892 1234 4904 -
1257 4865 1308 4916 44444
1324 4879 1377 4917 om.
1396 4867 1404 4916 i
1421 4893 1449 4905 -
1473 4868 1498 4918 6.
1516 4871 1606 4918 004044-

281 4945 362 4995 0440440
378 4946 437 4995 aiv
454 4969 482 4982 -
501 4943 525 4993 7.
544 4943 642 5005 quidem
657 4943 799 4995 0400404400
814 4942 883 4994 04444
903 4970 931 4980 -
950 4944 975 4994 8.
992 4942 1112 4993 4040044404
1128 4955 1183 4990 av:
1200 4939 1317 4991 4040440444
1333 4942 1393 4991 0-
1413 4942 1460 4992 erit
1476 4952 1529 4992 om.
1548 4940 1604 5000 ab:

283 5019 343 5071 lort.
361 5019 534 5071 0044440446οω
551 5021 604 5069 est:
625 5019 706 5080 Quom
721 5017 752 5069 ob
767 5032 821 5070 rem
836 5021 884 5069 ortt
898 5019 962 5069 illud
977 5019 1075 5081 quidem
1090 5017 1231 5067 0400404400
1247 5017 1368 5065 4040044404
1384 5019 1435 5066 004.
1452 5042 1477 5052 -
1497 5015 1522 5065 9.
1540 5020 1563 5065 04
1576 5026 1604 5076 ρ.

281 5109 305 5144 r.
321 5095 439 5158 pictatem
455 5094 487 5144 b:
505 5099 529 5145 04
545 5099 635 5144 etatem
651 5095 676 5153 i:
694 5095 847 5157 etptetetcm
864 5095 934 5145 evO
948 5121 975 5130 -
995 5095 1034 5144 46.
1052 5093 1159 5143 0444444404
1175 5092 1223 5142 nist
1239 5090 1341 5142 4044404)
1357 5118 1384 5127 -
1403 5093 1490 5143 04440444
1506 5091 1538 5150 44;
1557 5103 1607 5139 044-

282 5170 381 5220 4044400
401 5195 426 5208 -
447 5171 488 5220 44.
505 5182 594 5220 44004044
609 5183 633 5218 r.
650 5183 676 5232 ρ.
694 5182 710 5218 a
729 5195 757 5208 -
776 5168 1031 5232 patres--repuor
1050 5182 1103 5219 om.
1122 5180 1138 5217 a
1157 5193 1183 5203 -
1211 5167 1294 5230 lap.
1311 5180 1337 5216 r.
1354 5179 1371 5216 v
1389 5192 1416 5203 ·-
1437 5167 1476 5217 43.
1493 5163 1606 5216 44044444)1

284 5270 312 5281 -
331 5244 373 5298 44.
391 5245 477 5297 mro
492 5245 536 5295 bv
553 5271 579 5282 -
599 5246 737 5296 4600440444
753 5245 829 5296 omi
846 5272 873 5282 —
893 5246 934 5297 46.
952 5243 988 5308 444]
1004 5249 1032 5294 ot
1048 5241 1413 5294 sia-lortrsnteutiom-
1432 5238 1606 5303 complectatb

285 5345 313 5358 -
331 5320 524 5373 4344444-
543 5321 864 5385 43.4404004404044444.40.
880 5347 907 5357 -
925 5317 1208 5371 3600044004οάΜο
1228 5345 1255 5353 -
1272 5317 1314 5367 tt.
1331 5317 1361 5367 Δ.
1378 5327 1500 5366 om.a-
1520 5315 1608 5363 04444440

282 5398 306 5444 04
320 5397 419 5459 coquito
435 5397 443 5445 4
461 5421 489 5432 -
507 5397 548 5448 22.
564 5397 812 5458 prudentissimoque
827 5396 934 5448 Ursinus
953 5421 980 5431 -
999 5400 1022 5445 et
1038 5395 1206 5444 0004044440ιο
1226 5419 1253 5429 -
1273 5391 1313 5443 33.
1332 5404 1384 5442 erm
1400 5404 1415 5441 a
1431 5417 1465 5427 -
1481 5388 1522 5440 34.
1540 5389 1609 5438 0004·-

283 5469 356 5521 4440440
371 5472 506 5523 Ferrarius
524 5474 550 5522 et
566 5470 600 5521 b:
622 5472 742 5521 occisione
758 5471 816 5521 aiv
835 5499 861 5508 -
882 5472 923 5522 25.
942 5470 1089 5520 6046040444
1105 5466 1161 5517 ab:
1184 5467 1360 5517 6004440νο00νᾶ
1376 5467 1438 5517 440
1457 5493 1483 5502 -
1504 5460 1607 5525 Caesar]

282 5541 332 5596 cis.
351 5560 366 5597 a
385 5575 412 5585 -
429 5562 477 5611 pro
489 5551 573 5609 praet.
591 5544 691 5611 aliquot
707 5545 785 5596 codd.
804 5546 930 5597 Ferrarii:
949 5560 1002 5598 om.
1016 5546 1083 5603 mei:
1102 5545 1241 5595 Garatouio
1257 5544 1337 5593 etiam
1352 5541 1467 5606 pontisare
1482 5542 1544 5589 ante
1558 5550 1608 5600 pro

270 5615 323 5682 pr.
340 5620 493 5673 addendum
509 5621 663 5683 videbatur,
682 5624 711 5672 ut
727 5624 768 5674 est
784 5623 810 5672 in
828 5622 936 5673 decreto
954 5622 985 5683 V,
1005 5620 1063 5685 §46
1080 5623 1107 5670 04
1123 5619 1165 5670 63.
1178 5644 1207 5656 -
1225 5617 1266 5668 26.
1283 5617 1367 5680 selide
1382 5614 1451 5666 nbv
1468 5640 1496 5651 -
1514 5613 1556 5664 27.
1575 5611 1609 5661 ad

284 5696 504 5749 0000444οΜ044
521 5723 550 5734 -
569 5695 876 5749 comorosmabr-
895 5696 937 5746 34.
955 5697 1044 5746 trasna
1063 5722 1091 5734 -
1109 5694 1151 5745 32.
1168 5692 1371 5743 conmiserint
1387 5704 1444 5740 a-
1462 5686 1609 5750 4444440044-

282 5769 467 5833 64440044044-
490 5774 588 5824 4444-
612 5771 826 5826 3604040444.
847 5771 886 5824 Cl.
904 5772 982 5836 adp.
1001 5770 1057 5833 634,
1076 5769 1117 5820 44.
1138 5795 1165 5805 -
1189 5762 1607 5824 commeasti-aem.

324 5934 414 5986 6404400
428 5936 456 5985 τ.
469 5935 497 5986 lt
1352 5933 1395 5999 89
