3800 7350
581 1203 998 1268 cunm-xxxv.
1025 1199 1239 1285 §sar-re
1508 1195 1569 1260 ser

248 1379 343 1444 ὼ
365 1375 474 1441 ornari
493 1393 514 1438 a
533 1381 646 1436 senam
668 1372 790 1436 decere.
822 1373 1001 1456 Disputasit
1022 1375 1116 1435 etiam
1138 1372 1236 1435 multa
1257 1369 1448 1453 prudenter,
1468 1369 1513 1432 ita
1531 1370 1571 1432 de

246 1492 299 1537 me
318 1472 410 1536 illum
429 1469 678 1534 amentissimum
700 1477 733 1529 et
752 1467 1042 1549 profligatissimum
1064 1466 1186 1528 hostem
1207 1464 1339 1547 pudoris
1353 1472 1385 1528 et
1398 1463 1571 1548 pudicitiae

198 1605 210 1630 .
246 1565 414 1649 scripsisse
426 1581 511 1645 quae
527 1562 721 1643 scripsisset,
742 1562 782 1624 iis
797 1561 916 1634 verbis,
937 1561 1050 1632 rebus,
1072 1558 1255 1631 sententiis,
1278 1567 1328 1628 ut,
1350 1558 1485 1621 etiamsi
1500 1557 1570 1620 iure

247 1667 332 1724 met
350 1663 515 1739 murm,
535 1663 641 1718 umen
662 1655 726 1717 rim
747 1653 864 1717 babere
878 1674 943 1717 non
966 1661 1091 1737 posset:
1113 1672 1212 1737 quare
1227 1671 1293 1725 me,
1315 1651 1371 1735 qui
1393 1651 1481 1716 ncilla
1501 1652 1570 1734 lege

246 1753 410 1824 mm,
441 1769 507 1812 non
536 1748 660 1810 restitui
688 1746 777 1828 lege,
809 1748 866 1810 sed
890 1747 1034 1809 revocari
1055 1755 1184 1810 senatus
1205 1746 1390 1810 auctoritate
1412 1753 1597 1827 oportere-e

247 1841 298 1908 74.
317 1844 413 1906 ilnnc
440 1862 534 1906 nerem
561 1850 630 1904 erat
650 1841 730 1923 quin
751 1842 915 1904 verissime
936 1842 1054 1904 sentire
1076 1841 1206 1904 diceret.
1247 1840 1310 1903 Sed
1332 1847 1404 1922 post
1425 1859 1498 1902 eum
1519 1858 1571 1902 ro·

247 1947 337 2023 gatus
359 1936 416 2000 Cn.
437 1935 621 2017 Pompeius,
650 1935 825 2017 approbata
846 1934 1036 2016 laudataque
1060 1933 1170 1996 Cottae
1199 1932 1371 2006 sententia,
1400 1933 1480 1996 dixit
1499 1952 1570 1995 sese

246 2032 301 2095 otii
320 2030 385 2094 mci
406 2047 522 2103 causa,
543 2035 580 2090 ut
599 2028 685 2090 omni
706 2029 852 2110 populari
874 2028 1086 2091 concitatione
1109 2027 1314 2110 defimgerer,
1335 2045 1466 2090 censere
1480 2034 1515 2089 ut
1529 2027 1569 2090 ad

246 2131 374 2188 mnu
400 2121 617 2186 auctoritatem
638 2121 750 2204 populi
772 2142 900 2206 quoque
921 2123 1058 2185 Romani
1080 2119 1268 2185 beneficium
1290 2140 1365 2204 erga
1388 2141 1438 2183 me
1459 2120 1571 2184 adiun-

245 2223 383 2302 geretur.
422 2215 501 2278 Cum
528 2235 639 2278 omnes
666 2215 808 2278 certatim
835 2216 985 2298 aliusque
1016 2216 1080 2278 alio
1105 2216 1231 2298 gravius
1251 2224 1346 2297 atque
1367 2215 1510 2279 ornatius
1531 2214 1570 2278 de
1581 2229 1608 2274 ro

245 2329 316 2374 mea
343 2308 446 2372 salute
475 2307 611 2371 dixisset
631 2306 783 2391 tieretque
807 2311 876 2372 sine
897 2309 962 2372 ulla
984 2309 1134 2373 varietate
1156 2309 1324 2383 discessio,
1352 2310 1507 2382 surrexit,
1536 2318 1571 2372 ut

245 2404 350 2480 scitis,
368 2402 485 2466 Atilius
504 2402 560 2465 bic
580 2403 757 2476 Garianus3
788 2423 846 2466 nec
867 2423 963 2466 ausus
985 2412 1049 2475 est,
1076 2423 1147 2465 cum
1170 2409 1256 2464 esset
1275 2409 1416 2484 emptus,
1437 2402 1572 2466 interce·

245 2497 339 2562 dere:
359 2505 485 2562 noctem
502 2495 562 2559 sibi
576 2495 617 2558 ad
635 2494 875 2559 deliberandum
890 2496 1068 2579 postulavit.
1100 2495 1226 2558 Clamor
1238 2503 1379 2569 senatus,
1401 2495 1571 2578 querellae,

244 2611 370 2677 preces,
403 2610 495 2654 socer
522 2589 563 2653 ad
592 2591 691 2672 pedes
717 2591 868 2654 abiectus.
905 2590 964 2652 llle
993 2611 1028 2652 se
1050 2585 1205 2652 affirmare
1226 2597 1355 2670 postero
1376 2587 1429 2651 die
1452 2609 1571 2653 momm

244 2686 367 2750 nullam
387 2705 460 2749 esse
478 2683 645 2746 iacturum.
684 2684 844 2747 Creditum
867 2693 933 2757 est,
956 2684 1130 2747 discessum
1152 2692 1210 2746 est.
1242 2682 1291 2746 llli
1313 2683 1434 2746 interea
1451 2682 1608 2747 delibero

244 2779 345 2844 ratori
368 2797 489 2842 merces
511 2776 606 2859 longa
626 2779 812 2860 interposita
834 2786 926 2841 nocte
940 2777 1102 2860 duplicata
1120 2785 1178 2839 est
1212 2777 1382 2840 Consecuti
1396 2776 1464 2841 dies
1479 2778 1569 2861 pauci

244 2874 376 2938 omnino
405 2871 552 2935 ianuario
578 2890 705 2944 mense,
732 2892 789 2954 per
817 2891 900 2954 quos
930 2881 1074 2935 senatum
1095 2870 1204 2934 baberi
1224 2869 1351 2934 liceret:
1384 2869 1441 2935 sed
1464 2880 1569 2937 tamen

244 2973 350 3030 aetum
370 2964 453 3030 nibil
472 2964 534 3027 uisi
555 2962 596 3025 de
618 2984 680 3027 mc.

331 3059 465 3122 XXXV.
485 3054 538 3119 75.
561 3057 639 3121 Cum
660 3060 746 3121 omni
770 3078 873 3132 mora,
896 3056 1126 3132 ludificatione,
1147 3057 1303 3121 calumnia
1317 3067 1446 3124 senatus
1461 3070 1570 3125 aucto·

244 3153 321 3218 ritas
349 3151 572 3236 impediretur,
600 3153 687 3215 venit
715 3154 841 3216 tandem
868 3152 1002 3216 concilio
1030 3151 1070 3214 de
1101 3173 1151 3215 me
1172 3151 1287 3234 agendi
1309 3153 1393 3229 dies,
1420 3175 1478 3218 rur
1500 3155 1607 3219 listro

245 3246 336 3310 Febr.
370 3245 521 3328 Princeps
542 3246 734 3328 rogationis,
756 3248 804 3310 vir
824 3245 901 3309 mibi
917 3246 1139 3320 amicissimus,
1162 3247 1200 3322 Q.
1216 3247 1397 3321 Fabricius,
1419 3248 1569 3332 templum

245 3340 410 3424 aliquanto
437 3349 511 3402 ante
541 3337 644 3402 iucem
666 3340 840 3423 occupavit.
876 3341 1011 3416 Quietus
1034 3361 1071 3403 eo
1093 3340 1145 3403 die
1169 3341 1305 3414 Sestius,
1334 3343 1362 3403 is
1384 3341 1438 3423 qui
1460 3348 1509 3403 est
1530 3342 1569 3403 de

246 3434 277 3498 ri
304 3452 397 3506 reus3
426 3441 514 3496 actor
538 3433 590 3496 bic
616 3432 827 3514 defensorque
848 3451 961 3495 causae
984 3452 1073 3496 meae
1095 3433 1175 3495 nibil
1197 3433 1409 3516 progreditur,
1438 3435 1569 3498 consilia

246 3532 409 3609 exspectat
430 3526 631 3590 inimicorum
653 3546 806 3589 meorum.
839 3525 924 3602 Quid
945 3526 1008 3600 illi,
1032 3546 1168 3609 quorum
1191 3528 1325 3592 consilio
1346 3529 1381 3590 P.
1399 3529 1521 3592 Sestius
1536 3529 1569 3592 in

245 3619 400 3683 iudicium
420 3627 567 3696 uocatur,
589 3640 653 3704 quo
676 3641 710 3685 se
732 3629 825 3704 pacto
847 3623 985 3703 gerunt?
1014 3620 1092 3684 Cum
1113 3620 1232 3697 torum,
1254 3621 1431 3696 comitium,
1453 3623 1607 3686 curiamse

245 3713 347 3777 multa
368 3712 408 3776 de
430 3721 521 3777 nocte
542 3717 669 3778 armatis
690 3713 872 3777 bominibus
895 3735 930 3777 ac
944 3715 1044 3778 servis
1065 3715 1228 3799 plerisque
1242 3717 1492 3800 occupavissent,
1513 3719 1571 3782 im·

245 3816 355 3891 petum
375 3807 498 3871 faciunt
515 3808 550 3871 iu
570 3809 755 3882 Fabricium,
777 3827 889 3871 manus
909 3809 1062 3882 atterunt,
1084 3809 1233 3872 occidunt
1247 3810 1439 3885 nonnullos,
1460 3811 1570 3875 vulne·

245 3910 324 3965 rant·
336 3902 465 3965 multos.
498 3899 550 3964 76.
565 3903 753 3966 Venientem
775 3903 808 3964 in
821 3901 925 3965 iorum
941 3903 1042 3965 virum
1057 3903 1211 3986 optimum
1226 3912 1258 3966 et
1271 3904 1569 3980 constantissimum,

245 3996 287 4061 il.
310 3995 451 4079 Cispium
473 3996 632 4059 tribunum
647 3997 702 4078 pt..
724 3996 755 4057 vi
778 3995 964 4079 depellunt,
984 3994 1112 4060 caedem
1127 3997 1159 4059 in
1173 3996 1243 4060 toro
1259 3998 1426 4059 maximam
1439 3997 1570 4071 faciunt,

245 4089 452 4173 universique
474 4089 632 4153 destrictis
654 4090 764 4173 gladiis
788 4097 820 4151 et
841 4090 982 4152 cruentis
1003 4091 1037 4151 in
1052 4091 1197 4153 omnibus
1214 4090 1274 4152 lori
1289 4089 1429 4173 partibus
1443 4091 1607 4156 iratremso

246 4203 368 4259 meum,
390 4184 492 4247 virum
507 4185 678 4267 optimum,
701 4183 904 4246 fortissimum
924 4183 1052 4265 meique
1068 4183 1334 4256 amantissimum,
1356 4184 1457 4250 oculis
1473 4207 1570 4270 quae·

246 4277 374 4352 rebant,
401 4297 481 4341 voce
508 4277 690 4360 poscebant.
734 4276 876 4353 Quorum
905 4276 960 4338 ille
988 4276 1060 4339 telis
1089 4277 1223 4339 libenter
1251 4276 1285 4338 in
1315 4283 1401 4340 tauto
1423 4278 1510 4343 luctu
1532 4299 1569 4344 ac

247 4369 406 4435 desiderio
440 4372 501 4435 mei
528 4392 592 4435 non
622 4371 833 4455 repugnandi,
866 4369 923 4433 sed
954 4369 1108 4433 moriendi
1137 4389 1233 4433 causa
1260 4389 1374 4452 corpus
1404 4371 1570 4436 obtulisset

247 4486 355 4541 suum,
385 4465 447 4529 nisi
475 4486 565 4529 suam
586 4465 683 4529 vitam
705 4465 744 4528 ad
766 4483 854 4545 spem
876 4462 938 4526 mei
961 4463 1082 4526 reditus
1104 4470 1304 4525 reservasset
1338 4463 1442 4529 Subiit
1463 4472 1568 4529 umen

247 4560 309 4623 rim
330 4559 417 4624 illam
439 4559 592 4623 nefariam
613 4559 896 4623 consceleratorum
918 4556 1076 4620 latronum
1098 4563 1144 4631 et,
1167 4577 1238 4621 cum
1259 4555 1299 4619 ad
1316 4555 1420 4623 tratris
1435 4559 1605 4624 salutemao

311 4914 337 4964 ἱ.
351 4914 602 4978 pwptpeoteemom
618 4915 647 4965 ΡΙ
665 4942 692 4952 -
711 4916 736 4966 3.
754 4914 888 4978 capesso
904 4918 970 4968 PG:
988 4917 1122 4980 scripserat
1137 4917 1183 4967 a0
1202 4936 1230 4953 -
1250 4913 1274 4966 6.
1292 4910 1356 4977 putri
1375 4914 1399 4978 (i.
1414 4929 1437 4966 e.
1450 4917 1494 4978 pst
1509 4920 1567 4984 soa)

246 4990 282 5052 G,
299 4987 349 5040 sed
366 4986 436 5038 linea
452 5002 512 5054 sup.
529 5004 548 5039 s
564 4989 668 5039 ridetur
684 5004 699 5039 a
717 5004 753 5041 m.
766 4992 790 5041 2.
812 5019 839 5029 —
865 4997 901 5042 set
918 4996 936 5044 P
960 5019 984 5030 -
1012 4993 1036 5043 7.
1054 4992 1195 5056 adprobato
1209 4994 1229 5043 Ρ
1248 5018 1276 5028 -
1301 4993 1326 5043 8.
1344 5004 1423 5042 cerua
1438 4999 1483 5045 cut
1499 4998 1520 5045 G
1538 5020 1565 5034 ·-

246 5066 287 5115 444.
304 5064 418 5126 altorque
433 5065 498 5114 PG:
524 5063 589 5114 otius
610 5065 658 5114 Lo
682 5077 744 5115 cum
762 5066 822 5114 Car.
840 5066 983 5130 Stephano.
1005 5094 1038 5103 -
1060 5068 1100 5116 tt.
1119 5067 1221 5118 dicim
1243 5067 1307 5117 PG:
1334 5066 1452 5118 &tum
1472 5070 1519 5119 80
1539 5096 1564 5109 -

245 5141 287 5192 tt.
304 5140 389 5191 maus
405 5141 464 5190 L-
477 5137 567 5188 utum
583 5139 647 5197 PG,
666 5140 778 5202 uterque
796 5151 902 5190 corner
919 5141 1014 5191 settim
1029 5140 1067 5204 (at
1083 5141 1174 5205 444443).
1194 5141 1292 5192 Auidus
1302 5140 1323 5192 0
1333 5167 1367 5178 -
1382 5141 1422 5193 tic
1438 5156 1491 5195 om.
1505 5146 1524 5195 G
1540 5172 1566 5182 —

245 5214 286 5265 43.
299 5213 465 5277 panther:
484 5211 672 5274 wetan-
687 5211 726 5263 44.
740 5213 850 5275 optectus
866 5216 885 5263 P
899 5240 926 5251 -
941 5216 1147 5279 Mffluunl’-
1164 5215 1367 5266 tbcrcditumst.
1380 5217 1533 5270 dicem
1549 5221 1568 5270 P

246 5315 275 5325 -
289 5288 329 5339 te.
344 5288 474 5352 publicato
490 5290 525 5337 cst
536 5289 570 5344 G;
589 5287 739 5349 duplicatae
754 5291 773 5339 Ρ
790 5291 821 5350 (st
837 5293 910 5340 extra
927 5289 973 5340 liu.
990 5290 1039 5343 sed
1056 5288 1154 5341 delude
1179 5293 1240 5340 ante
1257 5291 1387 5351 cosm,
1405 5305 1420 5341 a
1438 5305 1492 5357 quo
1508 5306 1567 5345 voc.

245 5375 330 5415 novus
342 5374 437 5413 versus
453 5362 556 5426 incipit,
574 5364 628 5413 tres
643 5361 745 5412 litterae
762 5376 855 5415 erasae
871 5365 950 5427 sunt.)
972 5391 996 5404 -
1017 5367 1059 5416 47.
1076 5365 1167 5415 tabere
1182 5367 1203 5414 G
1221 5390 1248 5400 -
1266 5364 1308 5415 20.
1325 5365 1429 5415 msctttc
1444 5363 1489 5417 1²¹:
1507 5382 1569 5418 cos·

243 5439 296 5490 ctttt
312 5438 334 5487 (t
350 5440 378 5488 et
393 5440 424 5488 Pa
439 5450 509 5488 corr.
528 5450 564 5487 m.
583 5437 613 5498 ²5
632 5438 766 5488 consiliio
782 5443 812 5490 ut
827 5442 947 5504 spurium
965 5454 998 5491 ex
1015 5441 1118 5492 Ernesti
1135 5441 1264 5491 sententie
1281 5437 1397 5500 inclusit;
1423 5440 1450 5490 in
1466 5443 1568 5493 omero

244 5510 402 5576 margine
426 5512 454 5562 to
472 5512 571 5563 comato
592 5511 684 5562 bamb.
713 5512 752 5563 Cl.
770 5515 824 5565 Liv.
837 5516 884 5576 111,
902 5515 946 5576 bi,
966 5518 1007 5567 tt.
1025 5530 1056 5568 eo
1074 5515 1158 5566 emota
1174 5515 1202 5564 ta
1219 5515 1304 5578 pratis
1318 5514 1449 5565 Ftontsits
1463 5517 1567 5568 ceretto

241 5586 320 5651 ptebtr
337 5591 405 5637 octo.
427 5584 615 5652 luterpolatam
630 5586 772 5639 lectionem
787 5591 885 5640 cmctttt
900 5591 1016 5655 praefert
1032 5592 1199 5642 ltermannus
1215 5602 1242 5655 p.
1260 5590 1285 5642 8.
1305 5615 1333 5627 ·-
1358 5589 1399 5641 tt.
1416 5589 1533 5654 sumtu
1548 5594 1568 5643 P

245 5686 273 5698 -
292 5661 335 5712 tt.
353 5661 492 5725 elimando
507 5660 537 5713 Ρι
554 5688 581 5698 -
606 5663 637 5713 de
652 5695 674 5724 ,.
688 5664 832 5728 (superscr.
849 5666 884 5729 or]
901 5669 920 5716 P
938 5692 966 5703 -
990 5667 1031 5717 2³.
1049 5664 1205 5729 armeus
1223 5666 1253 5717 Ρι
1275 5690 1302 5701 -
1323 5662 1364 5716 ti.
1384 5669 1498 5727 aspectat
1517 5667 1567 5717 PG

246 5737 739 5801 warum-aecusatus·
762 5741 974 5804 tunctorum?
994 5767 1021 5778 -
1046 5741 1087 5793 tt.
1107 5741 1566 5804 enueesturpuvarasura

246 5813 1569 5882 -ectorrtesmmqwmso-aa.rrepumere-ee.puumro-et.sto-rosat-

245 5894 287 5943 tau
301 5887 331 5943 1³¹
349 5914 379 5929 -
395 5889 460 5942 uto
474 5893 531 5943 PG.
