3800 7350
308 1228 371 1300 828
651 1305 653 1311 ,
722 1242 873 1309 ORATIO
894 1241 974 1309 PRO
989 1241 1031 1314 L.
1052 1241 1210 1309 FLACCO

309 1407 384 1483 tibi,
406 1410 477 1493 quis
500 1409 534 1473 C.
555 1410 740 1495 Pomptino,
761 1412 933 1479 fortissimo
955 1412 1042 1487 viro,
1064 1432 1255 1497 quemquam
1277 1412 1398 1476 bonum
1417 1418 1542 1496 putaret
1562 1434 1634 1475 um·

308 1523 405 1586 quam
427 1524 492 1568 non
514 1504 664 1581 salutem,
685 1527 794 1571 serum
816 1508 969 1572 honorem
992 1506 1091 1569 ullum
1107 1507 1357 1590 denegaturum?
1383 1505 1410 1569 0
1433 1526 1536 1570 nonae
1557 1506 1633 1570 illae

307 1597 512 1674 Decembres,
535 1619 617 1684 quae
639 1620 689 1664 me
704 1600 835 1664 consule
856 1599 978 1665 fuistis!
1002 1621 1097 1686 quem
1113 1620 1171 1684 ego
1186 1601 1270 1664 diem
1286 1620 1361 1664 vere
1383 1600 1519 1664 natalem
1537 1601 1632 1665 buius

308 1689 395 1756 urbis
416 1700 472 1757 aut
492 1701 575 1757 certe
594 1694 763 1758 salutarem
778 1694 939 1778 appellare
954 1714 1093 1778 possum.
1137 1695 1219 1759 XLL
1235 1690 1307 1756 ⁴03.
1323 1693 1349 1757 0
1365 1714 1430 1757 nox
1444 1695 1515 1771 illa,
1537 1716 1634 1779 quarn

284 1784 368 1849 oiste
390 1791 439 1850 est
460 1786 529 1852 dies
550 1793 754 1864 consecutus,
776 1787 877 1853 fausta
897 1790 973 1854 huic
994 1789 1083 1864 urbi,
1115 1791 1264 1853 miserum
1287 1809 1355 1863 me,
1377 1798 1500 1864 metuo,
1522 1809 1564 1853 ne
1584 1789 1635 1853 iu·

307 1885 399 1943 nesta
419 1881 529 1943 nobisl
554 1882 616 1958 Qui
639 1890 705 1947 tum
727 1884 851 1946 animus
872 1884 907 1946 L.
926 1884 1030 1947 Flacci
1052 1916 1094 1932 -
1112 1884 1192 1948 nibil
1215 1883 1318 1946 dicam
1340 1882 1425 1945 enim
1447 1883 1487 1946 de
1509 1904 1561 1948 me
1580 1916 1633 1960 -,

308 1973 364 2058 qui
385 1993 473 2037 amor
494 1975 527 2038 in
550 1978 697 2059 patriam,
727 1997 808 2062 quae
829 1977 946 2052 virtus,
976 1997 1057 2062 quae
1087 1978 1222 2060 gravitas
1245 1976 1383 2040 exstitit!
1412 1976 1475 2040 Sed
1497 1976 1575 2060 quid
1597 1996 1635 2040 ea

308 2086 538 2145 commemoro,
566 2089 647 2154 quae
676 2077 761 2146 tum,
791 2091 863 2134 cum
893 2072 1082 2154 agebantur,
1114 2092 1178 2135 uno
1200 2091 1358 2135 consensu
1380 2070 1538 2144 omnium,
1571 2091 1636 2134 una

308 2180 386 2225 voce
412 2162 525 2246 populi
551 2164 703 2239 Romani,
734 2184 798 2227 uno
829 2164 914 2228 orbis
939 2171 1040 2229 terrae
1068 2166 1250 2230 testimonio
1280 2165 1314 2228 in
1344 2162 1465 2227 caelum
1487 2163 1635 2228 laudibus

270 2254 540 2321 loederebanturt
563 2277 647 2320 nunc
667 2277 794 2332 vereor,
815 2277 856 2321 ne
877 2278 943 2322 non
965 2259 1061 2323 modo
1083 2280 1147 2323 non
1169 2260 1308 2344 prosint,
1330 2278 1439 2321 verum
1461 2257 1556 2321 etiam
1577 2256 1635 2320 ali-

309 2349 387 2433 quid
417 2350 531 2414 obsint.
567 2350 692 2414 Etenim
722 2352 821 2415 multo
850 2355 1005 2418 acriorem
1035 2354 1248 2437 improborum
1271 2352 1430 2417 interdum
1451 2350 1634 2413 memoriam
1726 2423 1728 2427 ,

309 2462 379 2506 esse
401 2444 503 2507 sentio
526 2464 621 2528 quam
642 2445 808 2511 bonorum.
841 2447 909 2530 Ego
932 2454 979 2522 te,
1012 2447 1140 2531 siquid
1171 2447 1297 2530 gravius
1319 2445 1484 2520 acciderit,
1512 2465 1571 2529 ego
1593 2451 1635 2519 te,

308 2537 455 2619 inquam,
477 2537 604 2614 Flacce,
625 2539 814 2622 prodidero:
837 2561 907 2604 mea
925 2542 1058 2605 dextera
1079 2540 1152 2614 illa,
1174 2560 1244 2604 mea
1264 2540 1358 2614 tides,
1380 2558 1451 2601 mea
1471 2538 1635 2623 promissa,

309 2650 381 2695 oum
410 2638 458 2705 te,
489 2631 516 2696 si
544 2651 610 2695 rem
640 2633 797 2715 publicam
827 2653 1099 2707 conservaremus,
1130 2633 1269 2697 omnium
1290 2633 1446 2696 bonorum
1467 2631 1636 2715 praesidio,

272 2736 300 2787 u
309 2726 414 2810 quoad
435 2727 573 2800 viveres,
603 2746 668 2790 non
690 2728 784 2791 modo
807 2729 978 2803 munitum,
1001 2727 1056 2791 sed
1079 2728 1172 2791 etiam
1196 2736 1341 2790 ornatum
1362 2726 1431 2789 tore
1453 2724 1636 2809 pollicebar.

308 2821 434 2894 Potavi,
456 2821 596 2903 speravi,
619 2822 714 2885 etium
737 2821 764 2884 si
786 2821 889 2885 bonos
911 2830 1019 2885 noster
1033 2821 1123 2884 vobis
1138 2821 1232 2884 vilior
1250 2820 1378 2894 luisset,
1401 2820 1535 2883 salutem
1551 2826 1636 2882 certe

309 2934 412 2978 caram
433 2912 579 2978 futuram.
615 2911 687 2978 lot.
709 2918 755 2978 Ae
778 2916 813 2978 L.
831 2915 979 2979 Flaccum
1001 2915 1149 3000 quidem,
1172 2914 1309 2988 iudices,
1338 2916 1382 2989 si,
1409 2914 1494 2998 quod
1521 2914 1554 2977 di
1579 2915 1638 2977 im·

308 3007 457 3071 mortales
486 3028 578 3072 omen
607 3015 767 3084 avertant,
796 3009 900 3091 gravis
921 3008 1037 3071 iniuria
1059 3008 1224 3083 afflixerit,
1245 3028 1416 3092 numquam
1437 3015 1542 3071 umen
1564 3027 1638 3092 pro·

308 3103 452 3185 spexisse
473 3109 596 3167 vestrae
618 3102 730 3177 saluti,
760 3102 959 3166 consuluisse
980 3101 1088 3177 vobis,
1119 3103 1245 3176 liberis,
1268 3101 1472 3185 coniugibus,
1501 3102 1638 3166 fortunis

270 3197 419 3261 tosestris
446 3196 635 3279 paenitebit3
664 3215 789 3279 semper
817 3197 862 3259 ita
891 3199 1024 3271 sentiet,
1054 3197 1148 3260 talem
1171 3213 1209 3261 ‘se
1231 3199 1371 3261 animum
1392 3204 1425 3259 et
1446 3198 1569 3279 generis
1590 3197 1638 3260 di·

308 3291 419 3373 gnitati
442 3297 474 3354 et
494 3291 607 3373 pietati
627 3308 703 3353 suae
726 3298 758 3353 et
780 3292 899 3373 patriae
922 3291 1085 3354 debuisse:
1107 3311 1227 3356 vosne
1249 3290 1409 3373 paeniteat
1425 3288 1480 3351 tali
1496 3291 1557 3353 civi
1571 3310 1637 3353 non

308 3384 506 3470 pepercisse,
527 3403 584 3467 per
598 3382 675 3447 deos
698 3382 908 3459 immortales,
931 3385 1071 3459 iudices,
1094 3386 1271 3468 providete.
1307 3383 1431 3459 Quotus
1449 3383 1533 3447 enim
1549 3384 1637 3467 quis-

310 3498 371 3563 que
395 3485 458 3552 est,
481 3478 536 3563 qui
559 3477 641 3541 banc
662 3479 695 3541 in
719 3497 753 3541 re
775 3478 902 3561 publica
924 3486 1043 3543 sectam
1066 3481 1239 3562 sequatur?
1262 3477 1316 3562 qui
1338 3477 1445 3552 vobis,
1470 3480 1526 3563 qui
1540 3477 1636 3541 vestri

310 3570 464 3639 similibus
486 3572 612 3656 placere
635 3572 765 3655 cupisti
788 3573 843 3656 qui
867 3572 978 3656 optimi
999 3578 1098 3657 atque
1119 3571 1304 3655 amplissimi
1325 3571 1478 3655 cuiusque
1499 3571 1637 3635 hominis

272 3680 406 3752 mamus
437 3665 557 3730 ordinis
579 3666 796 3733 auctoritatem
820 3667 925 3751 magni
947 3673 1055 3751 putet,
1083 3665 1171 3730 illam
1194 3664 1278 3730 viam
1302 3666 1328 3728 si
1357 3664 1418 3728 sibi
1447 3665 1557 3729 vident
1582 3685 1639 3728 ex·

310 3761 500 3846 peditiorem
520 3761 561 3823 ad
582 3760 722 3825 bonores
744 3770 776 3825 et
798 3761 838 3825 ad
862 3763 969 3827 omnia
983 3782 1066 3845 quae
1081 3761 1357 3843 concupiverunt?
1393 3759 1490 3823 XLlI.
1508 3759 1571 3824 Sed
1588 3779 1639 3823 oo·

309 3864 377 3920 tera
399 3855 464 3919 sint
484 3874 609 3918 eorum:
637 3856 699 3921 sibi
726 3857 864 3921 babeant
891 3857 1084 3940 potentiam,
1114 3855 1175 3918 sibi
1197 3855 1350 3928 bonores,
1380 3851 1440 3916 sibi
1462 3862 1638 3917 ceterorum

311 3947 548 4012 commodorum
570 3968 708 4012 summas
729 3948 910 4014 facultates:
939 3950 1034 4014 liceat
1053 3951 1122 4025 bis,
1145 3952 1201 4034 qui
1230 3950 1309 4014 baec
1329 3947 1416 4011 salva
1437 3967 1507 4012 esse
1528 3947 1639 4011 volue-

310 4049 400 4117 runt,
422 4041 500 4125 ipsis
523 4062 593 4106 esse
616 4043 719 4106 salsis.
764 4040 836 4107 405.
858 4044 981 4119 Nolite,
1003 4045 1142 4119 iudices,
1165 4043 1347 4106 existimare
1361 4060 1435 4116 eos,
1459 4041 1576 4125 quibus
1590 4040 1640 4102 in·
1744 4099 1747 4104 .

272 4145 434 4220 ootegrum
457 4143 522 4211 est,
552 4137 607 4220 qui
629 4136 770 4201 nondum
792 4139 832 4201 ad
854 4138 994 4202 bonores
1016 4146 1233 4211 accesserunt,
1255 4155 1319 4199 non
1341 4141 1523 4218 exspectare
1543 4133 1639 4196 buius

312 4233 432 4294 exitum
460 4230 583 4294 iudicii.
631 4231 663 4295 Si
685 4233 720 4294 L.
743 4232 856 4296 Flacco
885 4240 991 4297 tantus
1020 4252 1107 4296 amor
1129 4234 1161 4295 in
1183 4232 1286 4294 bonos
1309 4248 1432 4302 omnes,
1461 4235 1584 4292 tantam
1605 4227 1639 4289 in

312 4345 379 4388 rem
400 4325 559 4409 publicam
583 4326 724 4391 studium
747 4326 915 4391 calamitati
930 4325 1042 4402 fuerit,
1065 4347 1161 4410 quem
1175 4325 1306 4409 posthae
1320 4331 1384 4386 tam
1399 4329 1556 4386 amentem
1568 4320 1639 4383 fore

312 4419 446 4502 putatis,
474 4419 530 4502 qui
560 4438 625 4481 non
648 4419 735 4483 illam
757 4421 840 4483 riam
861 4422 964 4495 vitae,
996 4440 1090 4504 quam
1111 4426 1185 4483 ante
1206 4417 1410 4502 praecipitem
1432 4424 1464 4480 et
1485 4414 1640 4479 lubricam

313 4532 383 4576 esse
406 4513 557 4587 ducebat,
579 4512 652 4576 buic
674 4512 787 4596 planae
810 4520 842 4575 st
855 4514 960 4577 stabili
975 4513 1234 4598 praeponendam
1248 4531 1318 4575 esse
1333 4511 1523 4575 arbitretur?
1545 4508 1639 4584 Quod

275 4606 340 4674 assi
361 4604 471 4668 talium
493 4607 608 4670 civium
630 4626 703 4680 sos,
731 4606 871 4681 iudices,
899 4607 1020 4682 taedet,
1049 4606 1223 4671 ostendite:
1253 4605 1419 4669 mutabunt
1440 4605 1640 4679 sententiam,

313 4702 369 4783 qui
388 4707 555 4782 poterunt3
584 4701 793 4775 constituent,
825 4700 903 4783 quid
925 4707 1036 4782 agant,
1067 4700 1184 4783 quibus
1206 4701 1362 4783 integrum
1384 4708 1449 4763 est:
1477 4718 1555 4773 nos,
1584 4697 1641 4780 qui

312 4795 376 4857 iam
398 4796 556 4877 progressi
578 4815 704 4869 sumus,
725 4794 811 4858 bunc
833 4795 955 4856 exitum
976 4802 1103 4857 nostrae
1121 4792 1307 4856 temeritatis
1321 4793 1469 4856 feremus.
1502 4793 1558 4855 Sin
1580 4793 1641 4857 boc

312 4888 417 4951 animo
444 4907 540 4971 quam
570 4888 723 4973 plurimos
748 4908 818 4952 esse
844 4887 958 4961 vultis,
993 4887 1192 4951 declarabitis
1212 4888 1273 4952 hoc
1297 4887 1432 4962 iudicio,
1464 4885 1542 4970 quid
1568 4905 1641 4949 sen·

312 4983 409 5046 tiatis.
443 4978 515 5045 406.
536 4982 619 5046 Huic
640 4982 755 5046 misero
777 5002 892 5065 puero,
915 4988 1020 5045 vestro
1043 5001 1079 5045 ae
1099 4981 1269 5045 liberorum
1291 4989 1468 5045 vestrorum
1490 4980 1639 5063 supplici,

378 5200 401 5248 l.
419 5197 547 5260 Pomptino
564 5195 720 5248 Lambinus:
737 5197 876 5259 perspisso
893 5197 923 5258 S;
942 5196 1069 5246 Proouulo
1085 5197 1122 5255 A;
1138 5196 1250 5258 pontano
1266 5196 1301 5255 T3
1319 5196 1431 5245 Ponticto
1443 5197 1469 5246 F.
1489 5195 1528 5246 Ci.
1541 5208 1568 5259 p.
1581 5196 1640 5257 688,

311 5274 352 5325 25.
370 5273 428 5332 689,
446 5273 470 5324 9.
489 5273 546 5333 692,
564 5272 605 5322 22.
625 5272 658 5322 de
676 5285 750 5336 prov.
769 5284 844 5323 cons.
864 5271 879 5336 ς
897 5272 937 5322 32.
958 5299 985 5308 —
1005 5272 1029 5322 6.
1048 5272 1112 5322 cutm
1129 5285 1182 5323 om.
1203 5273 1248 5322 Η,
1267 5297 1294 5306 -
1313 5272 1338 5321 7.
1357 5284 1422 5334 quos
1437 5269 1527 5334 struo]
1544 5270 1588 5332 qui
1603 5270 1643 5319 io·

311 5353 383 5398 rotor
399 5349 419 5397 Τ
437 5374 464 5383 -
483 5347 508 5398 8.
526 5360 583 5397 com
599 5359 652 5397 om.
671 5348 691 5396 Τ
710 5373 737 5382 -
761 5346 800 5396 43.
817 5348 949 5409 perdidero
967 5349 1013 5398 SA
1033 5374 1060 5383 -
1084 5349 1176 5398 doubs
1192 5349 1241 5398 Al.
1259 5360 1321 5397 oum
1338 5345 1473 5411 plerisque
1490 5344 1569 5395 codd.
1588 5346 1642 5395 La·

312 5423 520 5487 gomarsinienis.
536 5449 563 5459 -
583 5423 623 5472 47.
637 5435 668 5472 ac
685 5422 741 5470 ST:
760 5423 875 5473 ctAF⁰
889 5448 915 5460 -
934 5423 957 5472 si
973 5423 999 5472 td
1016 5423 1148 5484 quodSet
1159 5422 1238 5473 codd.
1252 5423 1359 5486 Legum.
1372 5433 1475 5471 omnes.
1488 5446 1515 5457 -
1529 5420 1569 5470 49,
1583 5433 1643 5469 cou-

310 5498 408 5562 s'upibos
423 5498 512 5548 uestris
526 5498 634 5561 fortuma
646 5497 763 5560 pmltobit
780 5499 838 5546 S-
856 5498 982 5548 italiam
996 5500 1065 5548 mom
1080 5499 1101 5547 si
1116 5498 1163 5547 sibi
1180 5511 1241 5549 nos:
1259 5498 1330 5547 wem
1344 5496 1565 5553 mocisi&
1584 5507 1643 5544 aas

311 5573 381 5623 iltcm
403 5573 473 5622 ciam
491 5572 538 5622 sibi
560 5574 634 5624 FLO
657 5598 684 5607 -
710 5571 795 5621 uident
811 5573 874 5623 SA:
898 5572 999 5623 ctdsoot
1015 5573 1118 5623 TFLO
1137 5599 1165 5609 -
1183 5574 1224 5622 28.
1242 5574 1280 5623 bis
1296 5574 1329 5622 S:
1348 5573 1379 5621 its
1396 5573 1487 5622 ceteri.
1507 5596 1535 5608 -
1554 5571 1597 5621 34.
1614 5571 1642 5618 ic

312 5662 365 5699 rom
380 5661 406 5710 ρ.
424 5647 584 5699 Lambinus:
610 5649 638 5697 s'c
654 5649 680 5698 ll.
700 5648 727 5696 P.
745 5649 779 5706 Α;
802 5649 829 5697 ln
845 5661 898 5711 rep.
918 5649 990 5698 STF
1009 5673 1036 5684 —
1055 5648 1096 5697 32.
1114 5650 1339 5711 quom--putctts
1356 5646 1439 5697 hebet
1455 5648 1474 5696 B
1493 5671 1520 5682 -
1539 5644 1580 5696 at.
1599 5646 1641 5694 dt-

312 5722 382 5772 ccbct
399 5723 415 5772 S
434 5749 462 5758 -
479 5723 521 5773 36.
535 5728 653 5786 poteraut
669 5724 708 5787 (ut
725 5723 837 5774 coniecit
848 5725 994 5786 Ernestius)
1012 5724 1029 5772 S
1046 5724 1073 5772 st
1089 5725 1144 5773 tres
1161 5722 1239 5773 codd.
1253 5723 1490 5785 lagomsrsiuiaui:
1505 5725 1643 5783 potum

314 5797 370 5856 alii;
389 5797 516 5860 potuerint
534 5798 666 5849 TAFLO
689 5823 718 5834 -
739 5795 780 5847 38.
798 5799 859 5860 quid
874 5797 1088 5849 ssoruo--ooc
1104 5798 1195 5846 luduin
1212 5811 1266 5848 om.
1285 5799 1305 5847 Τ
1323 5821 1351 5833 -
1369 5798 1489 5847 mutatu.
1505 5795 1643 5858 mucclam

314 5873 351 5925 illi
370 5871 432 5922 boec
452 5872 534 5923 oratio
550 5874 663 5936 qmdcor,
686 5873 707 5922 sl
727 5871 785 5922 bote
802 5887 835 5924 ex
851 5875 974 5938 Nauporti
996 5875 1031 5936 lin
1048 5872 1091 5923 od.
1110 5873 1266 5935 Victoriana)
1286 5873 1376 5937 inepto
1393 5871 1579 5937 supplemento
1596 5872 1643 5924 FL

318 5975 346 5988 -
364 5947 405 6000 ³9.
423 5948 480 6000 bole
495 5949 586 6001 mimo
598 5961 679 6016 pauo
695 5946 813 6001 bsbstB
833 5976 860 5987 -
878 5949 935 6002 boic
951 5949 986 6001 B:
1004 5947 1077 6012 braic,
1093 5947 1151 5998 lusis
1166 5947 1258 5999 ceteri
