3800 7350
313 1183 395 1252 4446
741 1186 893 1251 ORATIO
914 1186 1139 1253 PHILIPPICA
1160 1190 1200 1252 II.

310 1357 496 1441 prudentiae
517 1363 619 1420 tuae.»
667 1355 753 1420 Ilaec
775 1376 860 1432 mea,
881 1358 924 1420 Id.
939 1357 1072 1432 Antoni,
1103 1376 1228 1440 semper
1249 1362 1281 1419 et
1302 1356 1342 1420 de
1363 1357 1515 1439 Pompeio
1539 1359 1574 1418 et
1600 1352 1645 1415 de

310 1472 344 1515 re
372 1450 500 1534 publica
526 1449 657 1514 consilia
683 1449 828 1513 luerunt:
855 1471 936 1535 quae
965 1452 991 1515 si
1013 1451 1202 1527 valuissent,
1229 1472 1281 1515 res
1303 1451 1428 1534 publica
1450 1457 1566 1526 staret,
1606 1454 1644 1510 tu

310 1545 371 1608 tuis
393 1544 535 1626 flagitiis,
558 1549 715 1625 egestate,
737 1542 865 1606 infamia
886 1545 1091 1609 concidisses.

393 1638 449 1700 XI.
470 1634 523 1698 aa.
545 1636 607 1699 Sed
628 1636 707 1700 baec
728 1645 852 1711 vetera,
873 1637 952 1700 illud
974 1658 1050 1702 vero
1072 1659 1200 1713 recens,
1224 1639 1389 1702 Caesarem
1410 1659 1480 1702 meo
1496 1636 1642 1701 consilio

286 1732 517 1800 sinterlectum.
554 1732 618 1794 Iam
641 1749 769 1805 vereor,
801 1739 905 1813 patres
928 1733 1114 1817 conscripti,
1147 1754 1206 1808 ne,
1228 1733 1314 1816 quod
1336 1734 1552 1816 turpissimum
1577 1738 1640 1804 est,

309 1827 591 1910 praevaricatorem
613 1824 690 1886 mibi
713 1826 901 1907 apposuisse
922 1826 1046 1900 videar,
1070 1828 1126 1910 qui
1148 1848 1198 1890 me
1218 1847 1283 1890 non
1305 1827 1406 1891 solum
1429 1830 1508 1892 meis
1531 1827 1640 1890 landi-

308 1924 367 1986 bus
390 1929 530 1993 ornaret,
559 1919 614 1983 sed
637 1919 731 1981 etiarn
754 1919 876 1982 alienis.
913 1920 993 1996 Quis
1022 1921 1105 1984 enirn
1129 1942 1233 1985 meum
1256 1922 1289 1984 in
1312 1922 1372 1985 ista
1393 1924 1542 1986 societate
1565 1919 1639 2003 glo-

308 2014 474 2079 riosissimi
495 2013 570 2078 lacti
592 2033 707 2077 nornen
729 2012 872 2075 audivit?
902 2015 1136 2090 animantem,
1164 2017 1273 2099 quiin
1296 2037 1333 2080 eo
1356 2037 1487 2080 numero
1508 2015 1637 2087 luisset,

307 2129 424 2172 nomen
445 2114 494 2171 est
514 2107 730 2172 occultatum?
760 2106 948 2170 occultatum
971 2107 1062 2171 dicoi
1089 2110 1180 2172 cuius
1201 2130 1264 2173 non
1287 2112 1390 2173 statim
1414 2110 1637 2193 divulgatum?

271 2221 298 2267 ao
309 2204 409 2266 Citius
431 2203 565 2264 dixerim
586 2201 719 2265 iactasse
740 2221 775 2264 se
796 2201 938 2285 aliquos,
968 2210 1004 2264 ut
1024 2202 1123 2267 luisse
1145 2203 1179 2266 in
1202 2223 1239 2265 ca
1261 2204 1412 2267 socictate
1435 2203 1634 2277 viderentur,

307 2317 378 2360 curn
408 2296 527 2359 conscii
557 2316 621 2358 non
651 2294 800 2369 fuissent,
828 2314 922 2379 quam
947 2303 981 2357 ut
1006 2298 1172 2380 quisquam
1195 2297 1290 2360 celari
1313 2296 1408 2360 vellet
1430 2297 1485 2380 qui
1507 2296 1635 2359 luisset.

307 2388 358 2452 46.
382 2390 485 2465 Quam
507 2389 572 2453 reri
594 2390 696 2452 simile
718 2409 812 2471 porro
835 2391 938 2452 estin
960 2396 1008 2452 tot
1029 2389 1210 2454 bominibus
1231 2392 1345 2473 partim
1368 2391 1526 2467 obscuris,
1560 2411 1636 2474 par-

308 2486 363 2548 tirn
386 2480 639 2548 adolescentibus
660 2483 818 2547 neminem
833 2484 1072 2558 occultantibus,
1094 2504 1198 2549 meum
1221 2504 1338 2548 nomen
1353 2485 1449 2548 latere
1463 2487 1636 2568 potuisset

306 2581 430 2643 Etenim
453 2580 480 2641 si
502 2585 644 2641 auctores
667 2578 707 2640 ad
728 2577 922 2641 liberandam
944 2580 1076 2661 patriam
1092 2578 1347 2642 desiderarentur
1360 2579 1424 2642 illis
1439 2580 1636 2653 auctoribus,

268 2676 418 2737 tcBrutos
450 2692 510 2754 ego
540 2671 752 2755 impellerem,
784 2691 917 2755 quorum
947 2680 1082 2755 uterquc
1112 2674 1146 2734 L.
1168 2673 1258 2735 Bruti
1288 2673 1456 2755 imaginem
1484 2672 1635 2755 quotidie

305 2769 443 2842 rideret,
473 2766 553 2829 alter
581 2767 674 2829 etiam
702 2766 845 2828 Ahalae?
881 2766 922 2828 Ili
950 2767 1045 2848 igitur
1065 2765 1115 2828 bis
1137 2766 1307 2829 maioribus
1330 2766 1369 2828 ab
1390 2766 1502 2829 alienis
1524 2766 1635 2848 potius

306 2863 471 2928 consilium
499 2866 645 2943 peterent
673 2879 767 2943 quam
796 2879 816 2921 a
844 2861 933 2935 suist
963 2867 995 2922 et
1015 2860 1093 2922 loris
1118 2860 1344 2944 potiusquam
1367 2860 1486 2924 domo?
1520 2858 1634 2933 Quid?

307 2957 339 3020 C.
364 2955 507 3028 Cassius,
540 2953 573 3016 in
601 2973 639 3017 ea
665 2952 785 3016 familia
813 2961 920 3027 natus,
953 2971 1035 3036 quae
1062 2974 1125 3016 non
1148 2955 1243 3017 modo
1266 2954 1479 3028 dominatum,
1512 2953 1568 3016 sed
1590 2972 1634 3015 ne

305 3049 478 3134 potentiam
501 3047 628 3130 quidem
651 3048 836 3129 cuiusquam
858 3046 940 3109 serre
962 3047 1082 3129 potuit,
1105 3069 1155 3111 me
1170 3057 1350 3124 auctorem,
1372 3049 1484 3121 credo,
1505 3046 1634 3110 deside-

267 3146 403 3207 turarit:
427 3143 481 3227 qui
504 3144 599 3204 etiam
622 3141 691 3203 sine
713 3139 762 3203 bis
786 3140 969 3204 clarissimis
991 3140 1066 3204 viris
1087 3142 1170 3204 banc
1192 3161 1258 3206 rem
1279 3142 1312 3204 in
1327 3142 1436 3206 Cilicia
1457 3142 1497 3204 ad
1512 3142 1632 3204 ostium

306 3238 444 3300 tluminis
466 3235 566 3318 Cydni
589 3231 795 3306 coniecisset,
817 3234 843 3295 si
865 3233 975 3297 illaad
991 3253 1060 3297 earn
1076 3235 1193 3318 ripam,
1218 3255 1312 3318 quarn
1328 3237 1542 3309 constituerat,
1564 3253 1630 3296 non

305 3331 345 3395 ad
368 3330 555 3394 contrariam
577 3347 673 3391 nares
695 3328 879 3410 appulisset.
923 3324 975 3389 27.
999 3327 1054 3391 Cn.
1072 3330 1242 3392 Domitium
1264 3349 1329 3392 non
1350 3330 1450 3412 patris
1471 3328 1630 3400 interitus,

306 3424 471 3488 clarissimi
497 3423 574 3495 viri,
604 3440 668 3484 non
697 3422 844 3485 avunculi
874 3442 973 3496 mors,
1003 3442 1067 3485 non
1094 3422 1242 3504 spoliatio
1264 3423 1423 3505 dignitatis
1444 3422 1486 3485 ad
1508 3423 1631 3505 recipe-

304 3518 434 3581 randam
464 3516 657 3591 libertatem,
685 3516 741 3579 sed
773 3536 842 3579 mea
863 3517 1033 3579 auctoritas
1056 3517 1228 3579 excitavit?
1260 3517 1310 3578 Aa
1333 3517 1365 3579 C.
1388 3516 1546 3579 Trebonio
1568 3533 1630 3597 ego

267 3610 472 3694 aspersnasi‘l
503 3610 554 3672 eui
582 3629 623 3671 ne
651 3608 785 3672 suadere
808 3609 937 3692 quidem
958 3607 1053 3672 ausus
1074 3629 1193 3673 essem:
1223 3629 1288 3694 quo
1310 3611 1403 3673 etiam
1425 3610 1576 3673 maiorem
1598 3608 1628 3671 ei
1714 3653 1718 3660 .

305 3726 355 3770 res
377 3704 505 3789 publica
527 3705 658 3785 gratiam
682 3702 791 3778 debet,
814 3705 867 3787 qui
890 3703 1068 3766 libertatern
1087 3704 1196 3786 populi
1212 3704 1345 3767 Romani
1360 3705 1455 3768 nnius
1469 3703 1630 3766 amicitiae

284 3823 291 3833 *⁴
304 3799 489 3883 praeposuit
516 3797 731 3880 depulsorque
760 3797 939 3861 dominatus
962 3816 1055 3881 quam
1087 3798 1243 3882 particeps
1266 3818 1337 3863 esse
1358 3799 1479 3862 maluit.
1521 3799 1570 3860 An
1593 3799 1628 3860 L.

304 3892 415 3956 Tillius
445 3891 569 3954 Cimber
589 3909 639 3954 me
661 3897 709 3954 est
731 3899 889 3954 auctorem
911 3894 1063 3954 secutast
1089 3910 1182 3974 quern
1205 3910 1264 3975 ego
1285 3893 1384 3974 magis
1405 3892 1519 3954 secisse
1539 3891 1628 3955 illurn

304 4007 371 4050 rem
399 4006 468 4049 sum
494 3984 682 4059 admiratus,
712 4004 805 4068 quarn
836 3984 992 4047 iacturum
1017 3987 1140 4068 putari,
1171 3986 1342 4050 admiratus
1365 3995 1471 4049 autem
1493 3985 1534 4048 ob
1556 4005 1627 4048 eam

266 4097 447 4154 encausam,
476 4079 561 4160 quod
590 4079 754 4142 immemor
788 4077 1031 4154 beneficiorum,
1061 4100 1182 4143 memor
1209 4081 1329 4164 patriae
1357 4079 1479 4144 laubaci.
1515 4079 1627 4157 Quidt

368 4371 612 4421 t.meaom.t-
635 4367 836 4418 tuctubt-
861 4362 1069 4419 treemvs-
1094 4367 1118 4417 6.
1137 4367 1361 4428 adposuuaev—
1386 4369 1622 4421 incumb—

303 4447 390 4497 atieais
405 4445 441 4494 V:
466 4448 582 4495 oneraret
597 4443 685 4494 cliente
701 4444 752 4493 Do
769 4441 826 4505 (sed
844 4456 860 4506 g
877 4442 1022 4505 boommt,
1040 4444 1051 4492 t
1067 4444 1192 4504 comeret)
1211 4467 1238 4477 -
1260 4442 1303 4504 oet
1319 4442 1385 4492 eamr
1401 4443 1412 4491 t
1430 4460 1457 4474 ·-
1475 4438 1503 4487 ia
1518 4439 1567 4487 istc
1583 4451 1626 4487 so-

302 4525 389 4573 cietate
410 4521 475 4585 elur.
497 4520 559 4583 [acti
579 4518 616 4567 V:
641 4519 668 4567 ta
688 4517 759 4567 iiiior
781 4517 931 4567 commedio
945 4517 1011 4581 pior.
1027 4515 1089 4578 sacti
1106 4515 1168 4580 bgt
1193 4513 1249 4579 (se'd
1266 4514 1349 4567 habet
1365 4520 1376 4567 t
1390 4518 1453 4581 [acti
1468 4518 1549 4567 etiam
1566 4517 1628 4579 pust

302 4596 396 4659 attach
414 4597 442 4644 io
457 4595 528 4644 istim
542 4593 604 4656 [ceti
620 4591 770 4643 maxientio
785 4591 849 4656 plor.
869 4604 898 4651 a3
917 4593 944 4642 io
960 4593 1031 4642 istius
1045 4591 1109 4656 pter.
1121 4592 1184 4657 sceti
1199 4592 1378 4643 mascieatioo
1392 4618 1420 4629 -
1438 4593 1463 4643 8.
1481 4606 1528 4642 cur
1543 4597 1627 4642 actea

303 4687 331 4732 a;
349 4669 633 4733 caius--dioutpatraa
650 4680 703 4718 om.
717 4669 728 4717 t
740 4688 767 4704 ··
787 4668 811 4717 9.
830 4667 980 4718 occultatian
995 4665 1080 4718 semel
1096 4667 1197 4719 babent
1212 4666 1281 4731 abg
1294 4694 1322 4705 -
1341 4667 1382 4719 40.
1401 4669 1478 4719 sav:
1495 4668 1545 4719 istc
1560 4669 1583 4719 D
1597 4695 1624 4704 -

303 4751 343 4801 44.
362 4748 427 4809 ema]
445 4747 488 4809 qul
504 4758 520 4795 a
539 4771 564 4781 -
584 4744 675 4794 caesai
686 4744 720 4793 V:
739 4743 799 4793 socii
814 4744 851 4800 ὓς
871 4743 978 4807 [omacio]
996 4741 1140 4805 Madvigius
1157 4755 1190 4793 ex
1207 4743 1317 4798 Perrarii
1334 4745 1403 4793 coni.
1418 4769 1445 4780 -
1463 4745 1545 4794 cetere
1560 4744 1582 4793 D
1596 4770 1624 4780 -

302 4823 345 4885 qui
362 4835 415 4873 orn.
432 4835 449 4885 g
466 4846 493 4855 -
513 4819 597 4882 briarei
614 4830 668 4869 om.
681 4819 702 4869 D
716 4845 743 4855 -
764 4817 802 4867 44.
822 4818 850 4867 io
866 4822 917 4868 toto
932 4817 995 4867 V·
1014 4816 1053 4866 43.
1073 4815 1266 4867 cuateceottbus
1282 4817 1324 4866 vt
1335 4842 1362 4853 -
1381 4817 1421 4869 tl.
1438 4824 1541 4881 petram
1552 4820 1582 4870 V¹
1595 4845 1623 4854 —

301 4897 426 4947 actoribus
447 4893 606 4957 Madvigius,
630 4892 680 4942 nist
702 4892 789 4956 potius
811 4890 1165 4943 solemniacensem
1188 4890 1308 4944 Ernestio
1331 4906 1380 4956 pro
1400 4892 1558 4956 glossemate
1575 4895 1627 4944 tra-

302 4971 390 5022 henda
407 4974 477 5021 sunt.
491 4995 519 5005 -
538 4970 578 5018 to.
596 4966 684 5017 beatae
697 4967 836 5029 inpellentes
851 4969 876 5025 t;
894 4966 979 5017 bretos
994 4979 1035 5016 eor
1050 4967 1192 5029 acernam
1207 4981 1223 5016 a
1238 4994 1265 5004 -
1284 4967 1313 5017 t.
1325 4979 1379 5018 om.
1392 4969 1404 5017 t
1416 4994 1443 5004 -
1461 4969 1560 5019 cottidie
1570 4969 1623 5028 Vn,

301 5047 389 5097 cottdt'e
405 5045 469 5107 bgt
486 5070 513 5078 —
534 5043 574 5095 46.
587 5043 651 5093 alter
667 5054 720 5092 om.
734 5040 752 5092 b
766 5069 793 5079 ·-
811 5041 900 5091 babela
916 5044 966 5091 t-
985 5041 1011 5090 bi
1026 5041 1106 5106 icitur·
1120 5041 1159 5090 bic
1171 5040 1356 5091 maioribasvt
1373 5041 1410 5091 lis
1425 5043 1504 5106 ὀφίων
1518 5044 1627 5093 maiori-

301 5119 494 5170 busortiD-
514 5119 554 5168 tt.
572 5118 764 5180 etsortlsv-
788 5117 860 5166 dmao
882 5117 916 5165 V:
943 5116 1010 5167 domi
1031 5114 1111 5179 δεῖς
1136 5117 1209 5166 mode
1232 5128 1247 5164 a
1267 5142 1294 5152 -
1322 5116 1362 5167 48.
1384 5116 1482 5168 Com.
1500 5119 1623 5168 Wal-

302 5197 343 5246 tu.
360 5196 431 5244 craias
447 5197 470 5252 t;
495 5205 571 5257 quam
593 5192 712 5243 additum
730 5193 771 5241 est
792 5193 852 5255 post
870 5193 951 5254 poterit
968 5218 995 5228 —
1013 5193 1055 5242 40.
1073 5192 1133 5254 qaid
1149 5193 1224 5242 etiam
1240 5193 1263 5242 V
1279 5218 1307 5228 -
1326 5193 1357 5241 iia
1373 5191 1411 5242 bt
1430 5218 1456 5228 -
1475 5192 1555 5242 cititio
1570 5195 1623 5255 εις

300 5267 469 5321 mimamvb
483 5295 510 5306 -
523 5268 681 5319 buaticth
695 5294 721 5304 -
739 5267 779 5319 44.
791 5267 879 5327 eudem
892 5266 915 5317 V
928 5293 956 5304 -
975 5267 1010 5317 ad
1026 5269 1238 5330 quamblamtus.
1253 5293 1280 5304 -
1298 5266 1358 5332 aaa}
1374 5280 1431 5316 ereo
1447 5271 1457 5316 t
1476 5293 1502 5304 -
1520 5269 1562 5318 44.
1574 5281 1625 5317 oa·

301 5347 340 5396 uis
360 5344 454 5395 Vabt
470 5370 497 5380 -
522 5345 583 5407 post
599 5343 733 5406 appulisset
748 5342 774 5392 in
791 5341 814 5391 V
830 5344 978 5406 sequuntur
998 5354 1040 5391 vv.
1058 5342 1097 5391 Aa
1114 5341 1141 5392 C.
1161 5341 1327 5392 Tricciana
1337 5343 1449 5406 pretium
1466 5343 1532 5393 debet
1548 5356 1574 5393 v.
1591 5343 1624 5395 44

304 5420 382 5470 -46,
406 5446 434 5456 -
462 5419 509 5469 Ga.
527 5419 574 5481 vg
591 5443 619 5453 -
645 5417 687 5467 43.
704 5416 756 5466 uiri
775 5416 912 5466 oauuoeuli
926 5429 983 5466 mor
999 5429 1049 5465 noo
1065 5417 1087 5464 V
1106 5442 1132 5451 -
1152 5417 1186 5465 ed
1200 5415 1441 5479 mipacoacmv:
1464 5417 1499 5466 ad
1514 5417 1624 5468 liberan-

301 5497 360 5546 dam
376 5494 447 5559 ladd.
460 5491 478 5543 b
492 5492 614 5556 patriam)
630 5493 665 5542 cd
678 5491 846 5554 recipiendam
863 5491 898 5549 ὓς
917 5491 952 5540 ud
966 5492 1165 5554 manaem
1181 5491 1242 5542 0-
1261 5490 1302 5541 44.
1319 5503 1359 5541 eae
1375 5492 1514 5541 auctoritas
1528 5491 1575 5540 Va
1595 5519 1622 5529 -

300 5568 428 5633 midaii]
449 5568 569 5633 sequitur
589 5568 616 5618 in
632 5567 669 5616 V:
696 5567 739 5629 qui
759 5565 895 5617 libertatem
912 5567 980 5625 eet.;
1007 5578 1032 5615 v.
1050 5578 1130 5630 supra
1147 5565 1182 5616 ad
1198 5578 1224 5616 v.
1242 5565 1283 5616 44.
1303 5590 1331 5602 -
1358 5578 1403 5629 epo
1419 5565 1455 5614 V:
1481 5577 1533 5615 orn.
1552 5565 1574 5614 D
1593 5589 1621 5601 ·-

300 5645 430 5695 iacerem
445 5654 665 5705 cuma-oriae
679 5642 801 5702 etiomV3
820 5640 879 5692 tort.
893 5652 1017 5704 expuere
1032 5641 1147 5692 etiam
1166 5640 1332 5705 adp-otiam
1347 5639 1508 5690 deuetcv-
1527 5638 1625 5690 itm·

297 5720 386 5782 ouum
401 5720 468 5781 qaod
484 5719 643 5770 demlatusv
662 5743 689 5754 -
707 5714 820 5769 uctaitb
840 5716 927 5768 -28.
947 5714 1240 5768 Ititiasliarbadorlns:
1262 5715 1287 5767 Τ.
1307 5714 1538 5776 V;Tutiius1)·-
1557 5712 1626 5764 Cirn-

300 5793 369 5846 breor
384 5794 458 5845 ertV
476 5819 504 5831 -
520 5793 630 5845 illum
645 5793 832 5843 muniretur
847 5792 910 5857 Vx-
927 5790 1113 5843 abstemia
1130 5802 1226 5852 mm
1244 5793 1453 5854 muman
1470 5800 1527 5840 m
1541 5793 1626 5839 eutem

303 5863 1362 5932 bo-cbmeamt-id.iarnemora-meaorlmomv-ouott
