3800 7350
728 1197 802 1262 c...
824 1197 930 1260 4-44.
958 1192 1003 1277 ss
1026 1191 1130 1257 4-4.
1496 1184 1577 1253 4443

270 1366 493 1452 sapientissimi
516 1374 548 1430 et
568 1367 731 1430 iustissimi
753 1367 827 1441 viri,
850 1364 1029 1437 consilium,
1055 1364 1109 1446 qui
1123 1359 1265 1443 proiecto
1279 1379 1337 1423 nec
1352 1359 1488 1423 iustitiae
1503 1378 1579 1423 suae

269 1470 391 1545 putaret
420 1480 506 1534 esse,
539 1480 632 1543 quem
661 1480 748 1522 reum
771 1461 935 1523 sententiis
966 1459 1103 1521 iudicum
1125 1456 1320 1529 tradidisset,
1353 1456 1486 1518 eundem
1508 1453 1580 1516 telis

269 1554 403 1617 militum
425 1551 558 1627 dedere,
580 1574 638 1616 nec
659 1553 848 1634 sapientiae,
875 1553 1081 1616 temeritatem
1104 1551 1274 1614 concitatae
1297 1548 1503 1612 multitudinis
1525 1566 1580 1610 au·

269 1647 409 1710 ctoritate
432 1645 555 1728 publiea
578 1666 708 1708 armare.
751 1643 780 1707 3.
803 1645 905 1720 Quam
930 1646 970 1709 ob
992 1666 1057 1707 rem
1079 1644 1133 1708 illa
1152 1663 1256 1717 arma,
1282 1644 1498 1716 centuriones,
1529 1661 1579 1704 co·

267 1739 375 1803 bortes
402 1758 465 1802 non
495 1740 670 1821 periculum
697 1738 804 1812 nobis,
834 1739 888 1801 sed
911 1737 1102 1820 praesidium
1124 1736 1325 1811 denuntiant,
1353 1756 1455 1819 neque
1476 1735 1602 1799 solumt

269 1841 305 1896 ut
326 1833 453 1916 quieto,
475 1832 531 1895 sed
553 1832 646 1895 etiam
668 1840 704 1894 ut
724 1851 836 1914 magno
852 1832 957 1894 auimo
972 1832 1088 1912 simus,
1108 1830 1289 1905 bortantur,
1310 1848 1414 1912 neque
1428 1827 1579 1891 auxilium

270 1924 363 1989 modo
386 1924 560 1989 defensioni
583 1944 685 1997 meae,
708 1944 816 1987 verum
839 1925 933 1987 etiam
956 1924 1114 1987 silentium
1131 1923 1328 2006 pollicentur.
1360 1921 1491 2004 Reliqua
1504 1940 1579 1984 vero

270 2017 457 2091 multitudo,
479 2037 560 2102 quae
583 2018 710 2102 quidem
732 2025 779 2080 est
800 2017 922 2089 civium,
944 2024 1009 2079 tota
1032 2024 1134 2080 nostra
1158 2025 1219 2091 est,
1240 2035 1344 2099 neque
1365 2035 1474 2079 eorum
1496 2015 1581 2099 quis·

272 2130 382 2195 quam,
406 2131 486 2195 quos
507 2111 648 2196 undique
671 2112 845 2184 intuentes,
869 2109 951 2171 uude
974 2110 1080 2193 aliqua
1101 2110 1162 2173 lori
1182 2129 1254 2193 pars
1274 2109 1394 2191 adspici
1415 2116 1529 2192 potest,
1550 2115 1582 2170 et

271 2205 366 2268 buius
387 2206 505 2267 exitum
527 2205 633 2268 iudicii
656 2212 873 2285 exspectantes
896 2202 1024 2277 videtis,
1046 2223 1111 2267 non
1132 2223 1202 2266 cum
1218 2204 1326 2266 virtuti
1340 2202 1467 2266 Milonis
1488 2199 1581 2275 444444,
1592 2216 1620 2260 46

274 2308 340 2361 tum
361 2297 400 2360 de
422 2319 472 2373 se,
494 2299 533 2361 de
555 2298 661 2361 liberis
684 2297 766 2371 suis,
788 2296 828 2360 de
850 2297 966 2378 patria,
988 2296 1027 2358 de
1048 2296 1183 2359 fortunis
1197 2294 1350 2360 bodierno
1366 2296 1417 2358 die
1431 2295 1582 2359 decertari

273 2397 373 2475 putat.
417 2392 456 2453 ll.
486 2391 586 2453 Unum
616 2410 715 2472 genus
746 2397 794 2452 est
814 2389 978 2453 adversum
1001 2389 1213 2474 iniectumque
1234 2389 1325 2453 nobis
1346 2409 1469 2464 eorum,
1503 2410 1583 2474 quos

274 2485 307 2547 P.
330 2473 431 2547 'clodii
452 2482 541 2547 furor
562 2483 680 2565 rapinis
703 2489 733 2544 44
754 2483 909 2545 4644644444
931 2492 962 2546 44
984 2483 1128 2546 omuibus
1143 2483 1245 2545 exitiis
1259 2483 1391 2567 publicis
1405 2486 1506 2566 pavit,
1529 2484 1582 2569 qui

219 2658 227 2672 .
273 2576 419 2641 besterna
441 2577 536 2640 etiam
558 2578 706 2640 contione
727 2576 845 2639 incitati
868 2585 957 2650 sunt,
987 2584 1023 2638 ut
1051 2576 1138 2639 vobis
1160 2596 1238 2640 voce
1259 2577 1416 2659 praeirent
1437 2575 1515 2661 quid
1536 2578 1584 2639 iu-

276 2669 438 2733 dicaretis:
460 2689 594 2752 quorum
616 2670 734 2732 clamor
755 2669 781 2731 si
804 2670 857 2751 qui
877 2669 958 2732 iorte
979 2669 1089 2743 suerit,
1118 2670 1286 2732 admonere
1308 2689 1363 2732 vos
1385 2670 1527 2744 debebit,
1549 2678 1585 2733 ut
1594 2684 1622 2728 44

275 2782 346 2826 eum
378 2762 477 2824 civem
510 2763 685 2836 retineatis,
716 2764 770 2846 qui
801 2783 925 2844 semper
952 2783 1051 2845 genus
1079 2761 1157 2825 illud
1183 2761 1345 2824 bominum
1368 2763 1584 2846 clamoresque

276 2854 430 2917 maximos
457 2875 531 2938 prae
560 2863 663 2918 vestra
692 2855 792 2918 salute
814 2856 964 2938 neglexit.
1007 2852 1037 2917 4.
1059 2854 1161 2930 Quam
1183 2856 1311 2918 obrem
1333 2854 1440 2920 adeste
1461 2857 1585 2929 animis,

276 2948 413 3022 iudices,
443 2955 474 3011 et
503 2950 664 3023 timorem,
694 2949 838 3031 siquem
865 2949 1003 3023 babetis,
1038 2948 1196 3031 deponite.
1228 2951 1306 3013 Nam
1327 2950 1353 3012 si
1375 2970 1522 3034 umquam
1545 2950 1585 3013 de

276 3041 368 3104 bonis
390 3049 421 3104 et
440 3042 573 3105 sortibus
595 3042 685 3115 viris,
708 3041 734 3105 si
757 3061 904 3125 umquam
926 3041 966 3105 de
987 3043 1069 3105 bene
1091 3041 1210 3106 meritis
1224 3042 1346 3105 civibus
1363 3050 1503 3125 potestas
1519 3039 1587 3127 [ro-

277 3129 338 3216 bis]
366 3133 526 3198 iudicandi
552 3134 627 3210 fuit,
657 3136 684 3198 si
714 3134 851 3220 denique
873 3156 1022 3218 umquam
1050 3136 1137 3199 locus
1158 3135 1419 3218 amplissimorum
1443 3136 1625 3200 ordinumao

278 3226 407 3290 delectis
425 3227 503 3291 viris
525 3227 616 3291 datus
638 3237 702 3301 est,
730 3237 766 3291 ut
788 3248 844 3291 sua
866 3227 972 3291 studia
993 3249 1066 3311 erga
1086 3228 1183 3293 lortes
1204 3236 1235 3291 et
1255 3229 1356 3292 bonos
1377 3231 1479 3305 cives,
1506 3249 1587 3314 quae

279 3320 366 3383 vultu
395 3328 427 3383 et
457 3322 560 3384 verbis
591 3342 685 3403 saepe
714 3318 957 3404 significassent,
990 3343 1024 3384 re
1053 3330 1084 3385 et
1106 3321 1269 3385 sententiis
1291 3321 1497 3395 declararent,
1527 3321 1588 3384 boc

279 3413 416 3498 proiecto
437 3421 578 3496 tempore
601 3436 669 3479 eam
693 3422 876 3498 potestatem
892 3434 1016 3477 omnem
1032 3435 1089 3479 vos
1103 3415 1241 3488 bebetis,
1262 3423 1298 3478 ut
1311 3416 1462 3488 statuatis,
1483 3424 1588 3478 utrum

280 3526 356 3580 nos,
377 3506 432 3590 qui
454 3526 578 3590 semper
598 3518 718 3571 vestrae
740 3508 918 3571 auctoritati
939 3498 1037 3571 dediti
1058 3508 1189 3581 fuimus,
1212 3526 1336 3590 semper
1357 3509 1461 3572 miseri
1484 3508 1590 3590 lugea-

280 3619 365 3674 mus,
394 3619 433 3663 an
463 3600 518 3662 diu
546 3602 652 3665 vexati
680 3621 698 3663 a
728 3600 948 3684 perditissimis
975 3601 1096 3665 civibus
1124 3601 1294 3687 aliquando
1324 3621 1380 3684 per
1400 3622 1456 3665 vos
1477 3621 1513 3664 ac
1534 3617 1627 3684 perae

281 3700 413 3757 vestram
434 3691 546 3768 fidem,
568 3695 711 3758 virtutem
734 3694 985 3778 sapientiamque
1007 3716 1194 3759 recreemur.
1234 3693 1265 3757 5.
1288 3695 1371 3770 Quid
1394 3696 1477 3758 enim
1499 3695 1591 3759 uobis

281 3786 420 3862 duobus,
450 3787 588 3862 iudices,
616 3788 825 3851 laboriosius?
855 3787 929 3871 quid
960 3789 1058 3870 magis
1085 3788 1270 3863 sollicitum,
1300 3788 1398 3870 magis
1420 3787 1591 3851 exercitum

282 3879 343 3943 dici
364 3888 419 3944 aut
438 3880 514 3964 tingi
535 3889 655 3964 potest,
678 3882 732 3965 qui
755 3901 812 3964 spe
833 3881 1095 3963 amplissimorum
1118 3882 1326 3964 praemiorum
1340 3880 1381 3944 ad
1401 3900 1467 3943 rem
1489 3880 1592 3962 publi·

282 3992 350 4036 cam
379 3973 504 4038 adducti
527 3982 610 4037 metu
632 3974 919 4038 crudelissimorum
943 3973 1169 4057 suppliciorum
1190 3994 1296 4039 carere
1317 3994 1381 4037 non
1402 3975 1591 4057 possumus?

282 4065 438 4150 Equidem
460 4076 578 4131 ceteras
600 4075 798 4151 tempestates
820 4074 851 4129 et
871 4068 1027 4150 procellas
1049 4068 1081 4128 in
1104 4067 1167 4130 illis
1183 4067 1344 4131 dumtaxat
1359 4064 1504 4129 ductibus
1518 4083 1629 4130 con-ao

283 4160 404 4223 tionum
432 4181 555 4244 semper
580 4162 687 4244 putavi
715 4160 824 4225 idiloni
858 4181 926 4223 esse
955 4160 1150 4234 subeundas,
1176 4161 1250 4243 quia
1279 4178 1402 4243 semper
1422 4178 1480 4241 pro
1501 4158 1593 4221 bonis

285 4260 392 4316 contm
414 4253 572 4336 improbos
594 4262 750 4318 senserat:
778 4255 812 4317 in
834 4253 953 4317 iudicio
975 4272 1050 4317 vero
1072 4262 1103 4316 et
1124 4254 1155 4317 in
1177 4274 1215 4318 eo
1236 4253 1384 4327 consilio,
1412 4253 1445 4315 in
1467 4271 1531 4336 quo
1553 4270 1593 4314 ex

350 4597 375 4646 4.
392 4601 416 4646 44
430 4595 555 4647 iustissimi
571 4595 615 4645 ed.
627 4593 735 4646 Aldina:
755 4595 1013 4653 44444644444444444446ς
1030 4594 1264 4655 summust
1276 4619 1303 4630 -
1321 4593 1346 4643 8.
1356 4594 1454 4655 64446444
1466 4595 1596 4646 Heuman-

286 4683 350 4732 nus;
364 4671 464 4734 putavit
480 4671 575 4720 Dakius
586 4670 673 4720 Scbol.
686 4671 817 4734 tlypomn.
831 4671 873 4731 lV,
892 4684 918 4735 p.
930 4672 980 4722 486
997 4684 1039 4735 sq.
1055 4697 1081 4708 —
1101 4671 1124 4720 3.
1137 4671 1284 4720 onomate
1297 4683 1323 4731 p.
1336 4682 1440 4718 amore
1455 4670 1596 4719 4464446664

286 4743 391 4810 Capella
408 4743 492 4808 3646.
506 4771 532 4779 -
552 4745 577 4793 6.
594 4746 713 4807 seques:
731 4759 775 4795 444
792 4758 855 4807 quoe
871 4747 891 4796 T
907 4748 933 4795 et
953 4747 1033 4807 (corr.
1052 4759 1085 4795 ex
1100 4759 1132 4796 64
1146 4748 1223 4807 quael
1240 4745 1260 4795 Ε
1277 4770 1304 4780 -
1324 4746 1348 4794 4.
1365 4743 1459 4808 om]
1476 4746 1518 4794 4444
1533 4746 1554 4795 T
1568 4770 1593 4778 -

286 4819 311 4869 9.
328 4819 443 4870 intuentis
458 4819 479 4868 T
497 4845 524 4855 -
542 4820 621 4881 6444464
637 4820 685 4870 ΤΕ
704 4846 729 4857 -
751 4819 792 4869 to.
809 4820 960 4881 aspectootis
976 4820 1034 4869 T-
1054 4821 1094 4870 44.
1111 4821 1237 4870 4444444644
1252 4819 1312 4868 T-
1331 4821 1372 4868 it.
1392 4819 1598 4869 Dumn--uotis

287 4893 369 4945 babet
383 4897 405 4946 Δ
424 4920 451 4930 -
469 4892 508 4946 43.
522 4894 606 4956 potuit
621 4893 641 4942 T
659 4918 685 4927 —
705 4892 746 4944 44.
763 4895 875 4945 4644446444
891 4894 953 4944 TE:
976 4895 1092 4945 4644446444
1107 4895 1142 4952 Ο,
1160 4895 1198 4944 444
1214 4892 1322 4957 ubique.
1342 4920 1369 4929 —
1389 4894 1429 4944 46.
1445 4894 1507 4943 illud
1522 4907 1599 4957 penus

207 4975 221 5003 ⁸
287 4969 352 5018 T-
371 4966 695 5030 simiasque-meatem·
712 4967 766 5029 4444)
784 4967 925 5018 Diomedes
945 4981 972 5031 p.
990 4966 1047 5026 466,
1066 4968 1106 5019 46.
1126 4996 1153 5005 -
1173 4969 1212 5018 44.
1227 4980 1292 5030 pros
1308 4969 1327 5019 Ε
1343 4971 1371 5018 44
1386 4968 1520 5019 Diomede
1537 4969 1596 5019 cod.

289 5044 407 5095 nonae:
421 5057 471 5106 pro
487 5043 536 5093 T0
554 5046 581 5093 et
597 5042 739 5092 Diomedes
755 5043 879 5093 Putscbii.
904 5043 942 5094 Cl.
961 5056 987 5107 p.
1000 5043 1057 5101 488,
1069 5041 1109 5093 ti.
1128 5041 1209 5099 set.t
1229 5041 1295 5104 (coll.
1309 5056 1334 5107 p.
1347 5042 1404 5103 468,
1417 5042 1465 5104 44).
1484 5043 1541 5102 848,
1556 5043 1597 5100 2³,

288 5117 345 5180 ate,
356 5117 381 5170 4.
395 5118 429 5169 ad
443 5119 515 5168 Fam.
527 5117 592 5178 XIV,
605 5116 629 5178 4,
642 5117 698 5167 4.-
713 5118 753 5167 48.
765 5117 832 5167 uobis
843 5116 985 5168 delendum
993 5121 1085 5167 censet
1091 5117 1194 5167 44644464.
1213 5118 1354 5180 «Loquitur
1365 5120 1456 5167 orator
1466 5119 1598 5173 universe.

288 5191 322 5244 de
334 5194 406 5245 omni
422 5193 564 5259 praeterito
581 5193 700 5255 tempore
718 5191 788 5242 etde
805 5191 928 5242 omnibus
945 5192 989 5254 qui
1006 5194 1066 5241 aute
1083 5190 1193 5242 tuissent
1209 5192 1318 5252 iudices,
1330 5193 1426 5254 quibus
1443 5195 1499 5241 tum
1514 5203 1600 5254 oppo-

289 5270 385 5320 nuntur
408 5269 454 5320 464
478 5272 586 5329 ternpore
606 5272 633 5314 et
652 5268 709 5326 vot,
736 5267 811 5316 cuius
832 5267 994 5330 pronominis
1011 5266 1066 5329 ipsa
1083 5264 1218 5315 collocatio
1234 5266 1320 5328 arguit
1334 5267 1550 5329 oppositionem·
1569 5290 1597 5300 -

261 5343 330 5394 ⁴2⁴.
347 5347 375 5401 444
390 5342 454 5399 TE:
470 5341 514 5392 44444
530 5340 612 5390 SO—
631 5340 703 5402 sortis
718 5341 737 5390 T
751 5366 777 5376 -
796 5340 868 5404 44644]
886 5341 1011 5390 44644·-
1029 5339 1070 5388 26.
1087 5341 1215 5400 6444444444,
1232 5339 1533 5402 mmmmm
1548 5340 1599 5389 lla·

290 5416 348 5466 iiius
368 5414 426 5466 coll.
444 5428 470 5481 p.
489 5415 562 5477 4468,
581 5415 621 5464 34.
641 5441 667 5450 -
694 5416 759 5477 (istd
779 5416 845 5465 4444444
868 5415 962 5466 duobus
982 5415 1060 5464 4664444
1080 5412 1150 5462 nobb
1170 5413 1261 5463 44444444
1276 5412 1429 5464 4644644644444.
1445 5415 1506 5474 quid
1520 5416 1602 5476 4446644

291 5487 594 5542 murmurillum.
607 5488 648 5550 it,
662 5489 726 5538 4).-
742 5491 783 5540 27.
795 5490 889 5540 duabsu
899 5489 984 5540 om.T
997 5514 1024 5524 -
1035 5488 1265 5538 ecercitatoeuu-
1278 5487 1319 5539 28.
1329 5487 1598 5550 memoras:

291 5565 424 5615 4444464664
440 5565 460 5615 0
479 5591 507 5604 -
534 5565 574 5616 ³0.
592 5565 909 5625 liquidem-subeundos
933 5563 1033 5614 babent
1049 5561 1220 5622 Quintilianus
1235 5563 1304 5623 44444,
1320 5563 1351 5624 6,
1368 5562 1401 5614 48
1417 5566 1444 5612 et
1461 5564 1600 5625 Pompeius

292 5640 406 5689 Gramm.
420 5651 447 5703 p.
459 5637 507 5690 466
524 5639 567 5690 ed.
582 5639 699 5690 Lindem.
714 5639 769 5701 (sed
786 5639 884 5701 quidem
900 5652 948 5704 pro
964 5637 1097 5699 4664444444);
1114 5637 1428 5698 liquidoque-ontionem
1443 5638 1549 5688 6444464
1565 5636 1599 5685 sd

292 5711 386 5775 Vergil.
400 5715 464 5766 Aen.
477 5715 497 5775 4,
515 5714 577 5778 448,
595 5716 649 5780 Epo
664 5715 776 5777 4644444464
791 5719 885 5765 4444464
901 5716 1052 5775 4444646664
1067 5710 1138 5761 idem
1155 5710 1189 5761 ad
1205 5715 1270 5762 ten.
1288 5712 1313 5772 4,
1330 5713 1387 5762 646.
1407 5738 1434 5748 -
1452 5712 1511 5760 dam
1526 5716 1600 5760 46464

293 5786 392 5850 (divise)
403 5788 424 5838 T
435 5813 462 5823 -
481 5786 522 5838 34.
539 5789 627 5841 1446444Ι
640 5790 728 5854 putaui
740 5787 919 5850 Quintilianus.
934 5814 961 5822 -
979 5787 1040 5849 644444
1054 5799 1149 5849 mopsi·
1162 5793 1252 5837 4644446
1265 5785 1388 5851 inprobos
1399 5800 1449 5848 pro
1464 5786 1532 5836 664444
1546 5798 1600 5835 4444·

291 5866 358 5911 serat
374 5859 475 5912 Grillius
492 5861 535 5917 tol.
552 5865 593 5930 te,
611 5878 636 5917 e.
657 5892 683 5904 -
702 5864 763 5928 64446
779 5863 852 5917 TES
869 5865 896 5913 et
912 5859 1029 5913 Grillius:
1047 5861 1113 5923 64464
1126 5861 1156 5912 0.

333 5951 422 6002 cremo
436 5951 462 5998 T.
472 5951 501 5999 44.
1347 5954 1388 6023 73
