3800 7350
302 1186 385 1256 4356
729 1192 880 1258 orsl'rio
902 1192 1127 1258 PHILIPPICA
1147 1195 1203 1258 xl.

302 1363 420 1438 noluit,
448 1383 488 1427 ne
510 1362 620 1438 nimis,
643 1362 754 1436 credo,
782 1364 814 1426 iu
836 1363 969 1427 victoria
989 1362 1129 1427 liberalis
1150 1362 1320 1427 rideretur.
1358 1363 1434 1427 Cum
1456 1364 1628 1428 verborum

302 1458 501 1521 contumeliis
532 1458 685 1540 optimum
713 1458 815 1521 virum
842 1459 962 1521 incesto
992 1477 1047 1520 ore
1075 1457 1259 1531 lacerasset,
1287 1467 1354 1520 tum
1384 1458 1569 1522 verberibus
1591 1477 1630 1520 ac

302 1553 467 1615 tormentis
488 1552 703 1635 quaestionem
726 1551 836 1615 babuit
857 1553 1011 1634 pecuniae
1033 1551 1178 1635 publicae
1193 1550 1291 1633 idque
1311 1571 1368 1634 per
1381 1551 1532 1615 biduum:
1555 1559 1631 1633 post

303 1645 475 1709 cervicibus
496 1644 603 1709 fractis
625 1652 720 1730 caput
742 1646 876 1709 abscidit
897 1645 993 1729 idque
1015 1645 1154 1708 adfixum
1177 1646 1293 1727 gestari
1314 1645 1407 1709 iussit
1424 1646 1458 1708 in
1472 1644 1557 1727 pilo:
1579 1664 1630 1707 re·

279 1739 422 1823 sliquum
453 1759 567 1824 corpus
597 1745 729 1803 tractum
758 1735 865 1824 [atque
895 1735 1059 1822 laniatum]
1082 1739 1198 1807 abiecit
1219 1739 1250 1800 iu
1273 1759 1370 1802 mare.
1413 1735 1443 1802 6.
1467 1738 1546 1801 Cum
1567 1737 1630 1801 boc

271 1881 275 1888 .
302 1833 392 1896 hoste
414 1833 597 1896 bellandum
619 1840 681 1907 est,
704 1832 793 1896 cuius
811 1833 990 1896 taeterrima
1005 1832 1188 1896 crudelitate
1204 1833 1307 1896 omnis
1322 1831 1465 1896 barbaria
1480 1838 1631 1915 superata

301 1933 359 1988 est.
397 1926 480 2001 Quid
503 1927 614 2010 loquar
635 1926 675 1989 de
697 1926 793 1989 caede
808 1927 924 1990 civium
945 1928 1179 1991 Romauomm‘t
1202 1928 1240 1990 de
1262 1926 1438 2011 direptione
1459 1926 1629 1990 fanorum?

303 2020 373 2103 quis
395 2019 519 2102 estqui
542 2040 599 2102 pro
622 2040 724 2084 rerum
747 2021 909 2083 atrocitate
931 2020 1097 2104 deplorare
1120 2029 1221 2084 tantas
1236 2021 1431 2084 calamitates
1446 2022 1567 2102 queat?
1589 2021 1630 2082 Et

302 2133 386 2176 uuuc
416 2120 481 2176 tota
508 2114 584 2176 Asia
611 2122 759 2196 vagatur,
785 2113 894 2177 volitat
915 2124 952 2178 ut
978 2135 1051 2190 rex,
1079 2135 1136 2180 uos
1159 2115 1222 2179 alio
1244 2116 1328 2178 bello
1351 2113 1495 2178 distineri
1517 2120 1629 2196 putat:

267 2208 394 2291 aequasi
423 2227 498 2271 vero
531 2228 593 2271 non
623 2208 706 2271 idem
732 2227 893 2290 unumque
915 2207 1034 2271 bellum
1056 2210 1097 2271 sit
1118 2217 1226 2271 contra
1246 2209 1308 2271 boc
1329 2208 1437 2290 iugum
1458 2207 1629 2289 impiorum

303 2301 468 2364 nefarium.
512 2302 566 2363 lll.
589 2301 761 2384 Imaginem
789 2302 830 2364 M.
852 2301 979 2365 Antonii
1011 2301 1204 2365 crudelitatis
1235 2302 1266 2363 iu
1296 2301 1459 2364 Dolabella
1481 2301 1628 2364 cernitis:

303 2416 345 2459 ex
372 2395 434 2458 boc
463 2395 516 2459 illa
543 2392 646 2458 efficta
667 2403 730 2469 est,
759 2394 880 2457 abhoc
902 2395 1084 2459 Dolabellae
1106 2394 1260 2457 scelerum
1281 2403 1447 2478 praecepta
1468 2404 1544 2459 sunt
1565 2404 1629 2460 tra·

303 2490 379 2553 dita.
414 2493 497 2552 Num
518 2489 689 2563 leuiorem,
721 2509 814 2572 quarn
842 2492 873 2553 in
896 2490 971 2553 Asia
999 2489 1163 2552 Dolabella
1183 2488 1258 2563 suit,
1287 2491 1319 2552 in
1341 2489 1446 2565 ltalia,
1475 2491 1501 2552 si
1524 2488 1629 2565 liceat,

303 2584 371 2647 fore
400 2585 517 2668 putatis
538 2583 734 2646 Antonium?
767 2584 844 2647 Mihi
866 2583 996 2667 quidem
1019 2591 1050 2646 et
1071 2582 1125 2645 ille
1153 2583 1336 2665 pervenisse
1358 2583 1498 2659 videtur,
1522 2584 1628 2668 quoad

267 2693 294 2738 se
303 2677 451 2764 progredi
472 2677 613 2761 potuerit
633 2676 692 2739 feri
719 2677 855 2740 bominis
878 2678 1029 2751 amentia,
1058 2695 1162 2758 neque
1184 2677 1339 2739 Antonius
1361 2676 1455 2740 ullius
1478 2677 1630 2759 supplicii

303 2771 489 2845 adhibendi,
512 2773 538 2835 si
560 2778 750 2854 potestatem
767 2770 897 2844 habeat,
919 2771 1015 2834 ullam
1031 2790 1102 2834 esse
1117 2777 1237 2853 partem
1252 2770 1429 2833 relicturus.
1464 2768 1494 2832 7.
1518 2770 1630 2833 Ponite

303 2868 399 2951 igitur
420 2874 494 2929 aute
516 2865 643 2939 oculos,
673 2872 777 2946 patres
799 2865 986 2947 conscripti,
1008 2865 1154 2927 miseram
1177 2864 1264 2926 illam
1287 2864 1417 2948 quidem
1439 2872 1471 2927 et
1491 2863 1630 2927 debilem

303 2961 458 3044 speciem,
481 2959 537 3023 sed
559 2959 599 3022 ad
621 2957 799 3022 incitandos
822 2967 945 3023 nostros
968 2960 1088 3022 animos
1112 2958 1338 3021 necessariam:
1361 2966 1550 3021 nocturnum
1572 2957 1632 3020 im-

304 3061 412 3137 petum
436 3054 467 3116 iu
491 3053 600 3117 urbem
624 3054 715 3116 Asiae
738 3052 959 3127 clarissimam,
981 3052 1189 3135 irruptionem
1211 3060 1402 3115 armatorum
1423 3053 1454 3115 in
1477 3052 1631 3115 Trebouii

267 3147 446 3222 adonium,
470 3168 540 3211 cum
563 3148 660 3209 miser
681 3146 736 3209 ille
758 3146 844 3228 prius
866 3146 1022 3210 latronum
1044 3146 1164 3229 gladios
1186 3146 1323 3220 videret,
1355 3165 1450 3230 quam
1472 3166 1555 3231 quae
1578 3166 1631 3208 res

304 3249 388 3305 esset
411 3242 567 3306 audisset:
598 3240 732 3303 furentis
754 3240 916 3303 introitum
939 3240 1138 3314 Dolabellae,
1169 3259 1278 3303 vocem
1301 3241 1454 3323 impuram
1477 3247 1573 3321 atque
1596 3259 1631 3302 os

304 3334 385 3398 illud
407 3334 541 3409 infame,
565 3334 687 3409 vincla,
709 3333 858 3409 verbera,
880 3334 1039 3409 eculeum,
1070 3342 1222 3397 tortorem
1244 3330 1487 3416 carnificemque
1510 3334 1632 3396 Samia-

304 3430 404 3491 rium:
427 3449 509 3513 quae
531 3429 642 3492 tulisse
663 3428 752 3491 illum
776 3427 897 3493 fortiter
918 3437 950 3492 et
972 3429 1130 3514 patienter
1143 3426 1259 3490 lerunt.
1282 3428 1396 3509 Magna
1410 3426 1479 3490 laus
1494 3445 1631 3509 meoque

306 3522 424 3586 iudicio
447 3524 588 3588 omnium
611 3523 764 3598 maxima:
793 3530 842 3586 est
863 3524 948 3587 enirn
972 3523 1138 3606 sapientis,
1167 3520 1324 3605 quidquid
1344 3520 1465 3584 bomini
1488 3520 1631 3583 accidere

267 3616 418 3701 capessit,
440 3617 473 3681 id
497 3618 718 3701 pmemeditari
740 3615 908 3680 ferundum
930 3617 1054 3681 modice
1069 3636 1156 3690 esse,
1179 3617 1205 3680 si
1228 3616 1377 3679 evenerit.
1414 3615 1543 3680 Maioris
1564 3635 1632 3679 om·

306 3704 382 3776 uiuo
406 3720 454 3776 est
476 3713 600 3776 consilii
622 3711 789 3796 providere
811 3731 851 3773 ue
874 3711 949 3794 quid
974 3711 1035 3773 tale
1058 3709 1195 3783 accidat,
1217 3710 1312 3773 animi
1335 3730 1400 3773 nou
1416 3711 1546 3774 minoris
1567 3709 1632 3772 for·

305 3809 379 3873 titer
400 3807 498 3881 ferre,
521 3806 547 3870 si
571 3807 722 3870 evenerit.
765 3803 795 3867 8.
817 3806 863 3867 Ac
884 3805 1046 3868 Dolabella
1069 3803 1198 3889 quidem
1219 3811 1281 3866 tarn
1304 3803 1365 3867 fuit
1387 3805 1552 3868 immemor
1572 3804 1633 3866 bu·

305 3903 463 3966 inanitatis
486 3920 740 3985 -quamquam
763 3900 831 3962 eius
855 3919 1025 3982 numquam
1047 3899 1205 3981 particeps
1226 3897 1358 3972 suit—‚
1381 3907 1417 3961 ut
1436 3918 1524 3960 suam
1547 3899 1633 3960 insa·

306 3996 444 4058 tiabilem
468 3993 684 4057 crudelitatem
707 3994 884 4057 exercuerit
906 4013 971 4055 non
993 3992 1095 4055 solum
1116 3994 1148 4054 iu
1165 3992 1246 4065 vivo,
1269 3991 1324 4053 sed
1341 3994 1434 4054 etiarn
1448 3994 1480 4055 iu
1496 4000 1632 4065 mortuo,

266 4098 399 4174 soatque
429 4090 461 4152 in
492 4088 560 4150 eius
594 4107 727 4170 corpore
756 4088 924 4151 lacerando
954 4096 1049 4171 atque
1070 4085 1234 4159 vexando,
1262 4105 1333 4148 cum
1354 4086 1495 4149 animum
1517 4085 1632 4148 satiare

305 4195 369 4237 uon
391 4180 517 4258 posset,
540 4172 649 4235 oculos
671 4173 793 4254 paverit
816 4193 900 4236 suos.

371 4323 393 4373 t.
413 4323 503 4373 liberor
520 4323 542 4372 V
562 4348 589 4357 -
608 4324 632 4374 Ξ.
651 4322 744 4372 lacerto
760 4321 805 4381 V¹;
830 4323 923 4372 incerto
941 4326 951 4371 t
968 4347 996 4356 -
1016 4320 1039 4370 3.
1058 4320 1142 4370 didam
1157 4320 1180 4369 V
1198 4346 1225 4356 -
1245 4319 1268 4372 i.
1287 4319 1423 4370 ccmidbns
1438 4320 1496 4369 Vt:
1515 4333 1532 4368 a
1548 4321 1632 4369 emd-

304 4397 372 4448 cibos
388 4396 455 4460 abg
475 4425 502 4434 -
521 4396 545 4449 i.
563 4396 652 4459 [rectis
668 4409 721 4446 om.
740 4398 761 4447 D
780 4422 808 4432 -
825 4398 907 4460 mm
924 4397 961 4455 D;
987 4395 1075 4445 firmat
1091 4397 1204 4459 adirem
1220 4396 1365 4445 Arusianus
1383 4408 1408 4458 p.
1425 4394 1482 4454 ite,
1502 4395 1547 4457 qui
1564 4407 1586 4444 s.
1605 4408 1630 4444 v.

305 4474 393 4537 adm
409 4472 502 4522 affert:
521 4472 595 4533 idoare
606 4472 682 4521 --ia
696 4471 748 4534 pito
764 4499 797 4509 -
813 4472 915 4522 relicum
931 4472 954 4520 V
973 4498 1001 4508 -
1020 4472 1044 4521 t.
1063 4475 1137 4532 atquc
1153 4471 1277 4520 laniatam
1293 4483 1346 4520 orn.
1365 4470 1397 4517 V¹
1414 4496 1441 4506 -
1460 4468 1485 4518 6.
1504 4472 1539 4517 ert
1549 4480 1603 4517 om.
1617 4481 1632 4516 a

308 4574 335 4586 -
353 4547 423 4596 coia:
440 4547 464 4596 i:
482 4547 570 4596 aceias
586 4546 608 4595 V
626 4547 688 4609 (nou
705 4547 789 4608 mim,
807 4550 837 4596 ut
853 4547 889 4596 eit
904 4548 1007 4605 Garat:
1025 4546 1132 4610 saepius
1148 4548 1238 4595 sutem
1255 4546 1280 4595 iu
1293 4545 1350 4594 Vat.
1363 4543 1423 4593 voci
1440 4540 1516 4592 alicui
1534 4554 1552 4590 a
1563 4541 1632 4592 mate

304 4621 450 4689 praefixam
466 4620 600 4686 legimus);
619 4635 637 4670 e
653 4622 723 4671 cotos
740 4623 761 4672 D
779 4647 807 4656 -
827 4622 956 4672 totamm
972 4622 1023 4671 ΒΟ
1041 4646 1068 4655 -
1088 4620 1112 4670 i.
1130 4620 1223 4670 civium
1238 4618 1319 4683 Rom]
1336 4631 1377 4668 crs
1393 4618 1416 4667 V
1435 4645 1461 4654 -
1480 4618 1504 4668 8.
1523 4618 1634 4666 teotoV

307 4722 335 4735 ·-
354 4701 443 4765 capot
458 4699 469 4744 t
487 4721 514 4732 -
538 4697 562 4746 9.
581 4697 685 4747 detineri
708 4694 761 4747 eb²
786 4724 813 4735 -
836 4698 876 4747 to.
894 4697 960 4746 idem
978 4709 1105 4758 comaque
1121 4695 1157 4743 V:
1181 4709 1260 4745 onam
1281 4696 1392 4755 idemqm
1409 4694 1459 4744 D0
1477 4719 1505 4728 -
1528 4693 1634 4756 impiam

306 4773 367 4835 agt
385 4797 412 4808 -
432 4771 472 4820 tt.
490 4771 572 4822 otorci
588 4772 624 4821 V:
644 4785 697 4822 om.
714 4773 735 4822 D
754 4797 782 4808 -
801 4771 889 4823 oomni
905 4771 950 4819 Va
969 4771 1071 4832 (model.
1089 4770 1186 4821 antonii
1203 4770 1221 4831 t)
1235 4796 1262 4807 -
1282 4770 1322 4819 ⁴2.
1341 4768 1422 4832 efficto
1439 4767 1523 4819 codex
1535 4769 1566 4831 (V)
1586 4768 1635 4817 Ur-

305 4846 372 4897 sini:
391 4847 477 4909 effccto
494 4846 545 4897 VD
564 4873 591 4883 -·
614 4846 759 4897 Dolabellae
775 4847 809 4896 V:
832 4847 878 4896 illo
893 4845 1065 4896 dolobede
1085 4874 1112 4883 -
1136 4846 1226 4896 scetem
1243 4848 1254 4893 t
1272 4872 1299 4882 -
1319 4845 1554 4902 meditationem
1573 4857 1635 4892 nam
1681 4844 1688 4862 ‘

305 4921 401 4972 tradita
417 4920 439 4969 V
461 4947 486 4957 -
506 4920 546 4971 43.
563 4920 612 4984 fait
628 4920 750 4971 dolabella
765 4920 783 4971 b
799 4946 827 4957 -
848 4919 887 4971 tl.
900 4926 924 4970 ct
941 4933 994 4971 om.
1009 4923 1020 4970 t
1037 4946 1064 4956 -
1081 4934 1182 4983 pauca.
1201 4921 1299 4969 videtur
1314 4922 1325 4967 t
1342 4921 1402 4983 post
1415 4919 1524 4980 potnerit
1541 4917 1633 4969 babet.

306 5022 333 5034 -
353 4996 454 5058 qaodod
469 4995 492 5044 V
510 5021 538 5032 -
562 4996 602 5045 ib.
619 4997 675 5060 poti
692 5009 707 5046 a
726 5022 754 5033 -
778 4996 900 5058 supplicia
917 5011 945 5052 a:
968 4996 1066 5058 :adpicit
1082 4996 1104 5044 V
1123 5023 1150 5033 -
1176 4996 1216 5046 46.
1235 4995 1359 5044 abutendi
1375 4994 1398 5043 V
1417 5019 1443 5029 -
1461 4994 1483 5042 si
1501 5007 1555 5044 om.
1574 4997 1585 5042 t
1601 5021 1635 5030 -

305 5071 363 5136 este]
382 5084 407 5121 cs
422 5069 468 5130 V¹;
487 5076 522 5121 cst
537 5070 639 5120 DV²-
660 5071 783 5121 anunm
799 5071 976 5133 quidonVD:
995 5072 1093 5133 quidem
1109 5070 1180 5120 iliam
1196 5071 1248 5130 i0;
1267 5070 1336 5118 mom
1352 5068 1450 5130 quidem
1466 5070 1540 5119 recte
1553 5068 1636 5119 hebet

306 5148 386 5197 etiem
403 5146 463 5196 cod.
482 5144 649 5197 cassellenns
666 5147 763 5207 Servii,
783 5147 828 5210 qui
846 5146 880 5197 ed
897 5148 963 5197 Aen.
981 5148 1018 5204 ΙΙ,
1037 5145 1085 5196 iti
1103 5160 1144 5196 vv.
1163 5147 1247 5196 Posito
1263 5146 1346 5206 itaque
1363 5144 1419 5205 (sic)
1432 5148 1489 5192 cate
1505 5143 1588 5192 ocutos
1599 5170 1636 5181 --

304 5222 470 5272 occatoriam
487 5221 573 5270 affert
591 5247 617 5256 -
638 5222 678 5272 48.
697 5228 794 5272 nostros
810 5223 907 5272 caimos
922 5222 944 5270 V
962 5224 989 5272 et
1005 5223 1124 5271 Servius:
1149 5223 1247 5271 numos
1262 5227 1357 5270 nostros
1374 5219 1453 5276 ebt:
1477 5219 1576 5268 caimos
1591 5232 1637 5268 oc-

305 5303 369 5347 :tros
385 5298 427 5360 30
446 5322 473 5333 -
494 5296 533 5346 49.
553 5297 720 5359 incoeptionem
736 5297 758 5345 V
777 5321 804 5332 —
824 5296 918 5347 treboai
936 5310 965 5357 a:
984 5295 1078 5345 tcrboni
1095 5297 1116 5344 V
1135 5322 1161 5331 -
1181 5297 1223 5345 20.
1241 5297 1302 5344 misc
1318 5295 1340 5343 V
1358 5320 1385 5330 —
1404 5294 1547 5343 tatarorum
1564 5292 1587 5340 V
1605 5319 1633 5328 -

305 5375 346 5423 ir.
365 5373 499 5421 dedicisset
520 5384 535 5421 a
560 5399 586 5406 -
615 5379 690 5436 atquc
710 5374 753 5423 bos
774 5373 829 5422 ittet
848 5373 870 5420 V
889 5399 917 5409 -
943 5373 985 5422 ἢ.
1003 5371 1089 5421 uincla
1105 5371 1139 5418 V:
1166 5371 1269 5420 uinculo
1285 5371 1306 5419 D
1325 5396 1352 5406 -
1379 5368 1633 5425 crescenicam:

305 5448 411 5498 umbem
426 5449 532 5498 mileum
548 5447 567 5497 b
587 5476 614 5485 -
634 5449 778 5512 carnificem
794 5452 961 5508 tortoremque
977 5448 998 5496 D
1018 5471 1046 5483 -
1065 5447 1105 5496 23.
1125 5444 1176 5507 aad
1192 5449 1202 5494 t
1220 5472 1247 5481 -
1266 5457 1322 5494 cam
1339 5456 1355 5506 g
1374 5471 1401 5480 -
1418 5445 1517 5506 fortiter
1533 5445 1637 5492 eticntcr

305 5525 328 5572 V
340 5549 367 5558 -
386 5522 428 5574 tl.
447 5524 564 5584 namquid
580 5524 671 5587 Vagt
689 5549 715 5558 -
736 5525 777 5573 25.
791 5523 983 5585 praemeditiuri
1000 5521 1022 5569 V
1036 5546 1063 5556 —
1081 5521 1215 5583 tenendum
1231 5520 1266 5569 V:
1284 5519 1412 5582 [nendum
1428 5519 1518 5568 bo-
1539 5519 1560 5566 si
1576 5530 1636 5567 cae-

305 5598 370 5647 ncrit
391 5610 442 5647 esse
458 5610 488 5654 s;
515 5598 536 5646 si
558 5600 664 5647 evenerit
680 5599 755 5647 uncis
773 5596 877 5647 inclusit
894 5597 1006 5647 Ernesti.
1031 5621 1058 5630 -
1085 5596 1124 5644 ²6.
1144 5599 1178 5644 est
1200 5608 1253 5645 om.
1272 5607 1288 5643 a
1310 5619 1337 5628 -
1364 5593 1443 5641 animi
1459 5592 1481 5640 V
1500 5593 1582 5654 (corr.
1603 5605 1634 5642 ex

306 5672 412 5734 animal:
430 5673 472 5721 scd
488 5673 567 5722 animi
584 5672 635 5722 DO
655 5700 682 5709 -
700 5674 741 5722 27.
759 5673 811 5736 scre
827 5673 850 5720 V
869 5698 895 5707 -
914 5673 952 5721 Ad
968 5674 979 5721 t
996 5696 1023 5707 -
1043 5672 1164 5719 iaasernor
1180 5671 1201 5718 V
1221 5697 1246 5707 -
1267 5670 1307 5720 te.
1325 5668 1373 5730 fuit
1390 5667 1449 5716 cod.
1464 5666 1633 5716 Berbsdorii:

304 5748 380 5811 [ocri
397 5749 448 5798 VD
466 5775 492 5784 -
510 5747 680 5797 insociabilem
694 5748 717 5796 V
732 5775 758 5784 -
777 5749 818 5797 29.
837 5748 966 5798 exacuerit
982 5748 1017 5803 D:
1037 5748 1064 5795 at
1079 5760 1105 5796 v.
1123 5747 1149 5795 in
1168 5746 1241 5796 Verr.
1255 5744 1284 5805 V,
1304 5743 1319 5807 ἓ
1333 5743 1388 5794 tin.
1404 5768 1431 5777 -
1451 5743 1487 5791 im
1501 5746 1601 5790 mortuo
1614 5740 1635 5789 V

309 5850 336 5862 —
355 5823 395 5873 30.
414 5829 489 5885 atoue
504 5824 538 5872 V:
559 5828 587 5873 ot
603 5825 680 5886 ast:
698 5822 763 5873 acb
782 5850 810 5860 -
829 5822 978 5874 coian—
997 5823 1110 5873 animam
1126 5823 1205 5871 emt
1224 5847 1251 5857 -
1269 5818 1433 5882 motareisio)
1451 5818 1462 5868 t
1481 5841 1508 5852 —
1527 5815 1568 5866 34.
1584 5829 1637 5880 po·

306 5898 370 5950 ecrit
387 5899 535 5951 Ferrarius:
550 5899 625 5966 pouit
641 5897 719 5950 codd.
