3800 7350
315 1176 397 1246 ties
718 1182 868 1248 ORATIO
890 1181 969 1247 PRO
992 1182 1031 1259 Q.
1052 1181 1217 1246 LIGARIO

315 1353 437 1435 legatus
458 1352 490 1414 in
512 1371 590 1435 pace
611 1352 768 1436 profectus
791 1360 856 1429 est;
880 1355 912 1416 in
934 1353 1096 1437 provincia
1115 1351 1313 1436 pacatissima
1334 1352 1377 1415 ita
1398 1373 1434 1416 se
1455 1354 1573 1434 gessit,
1604 1360 1642 1418 nt

315 1446 344 1510 ei
366 1465 475 1528 pacem
497 1465 567 1509 esse
590 1447 762 1528 expediret.
798 1447 953 1511 Profectio
976 1456 1059 1511 certe
1081 1447 1219 1510 animum
1241 1453 1331 1509 tuum
1345 1466 1408 1510 non
1423 1445 1522 1510 debet
1535 1447 1640 1511 offen·

315 1539 398 1602 dere.
440 1538 521 1604 Num
552 1540 650 1623 igitur
677 1540 856 1604 remansio?
887 1540 988 1604 Multo
1009 1541 1132 1615 minus;
1161 1558 1232 1602 nam
1263 1539 1414 1623 profectio
1437 1540 1639 1606 voluntatem

315 1632 425 1696 babuit
446 1635 509 1695 nod
530 1638 673 1716 turpem,
694 1633 851 1697 remansio
872 1636 1092 1698 necessitatem
1113 1635 1207 1698 etiam
1228 1634 1403 1698 honestam.
1448 1634 1534 1718 Ergo
1555 1634 1639 1700 baec

292 1726 378 1789 adue
400 1733 543 1808 tempera
565 1736 670 1791 caram
690 1728 839 1792 crimine:
861 1748 969 1802 unum,
992 1748 1061 1791 cum
1080 1735 1128 1790 est
1149 1727 1272 1809 legatus
1292 1726 1465 1811 profectus,
1486 1728 1637 1804 alterum,

315 1840 386 1882 cum
409 1818 595 1903 efflagitatus
617 1841 636 1884 a
657 1822 819 1903 provincia
839 1822 1040 1904 praepositus
1053 1820 1176 1885 Africae
1197 1830 1253 1883 est.
1296 1819 1326 1885 5.
1344 1821 1485 1884 Tertium
1507 1829 1637 1906 tempus

315 1921 378 1988 est,
401 1913 485 1996 quod
508 1922 582 1996 post
602 1914 770 1978 adventum
785 1915 859 1979 Vari
879 1915 912 1977 in
930 1913 1037 1979 Africa
1057 1916 1192 1989 restitit,
1214 1914 1341 1998 quodsi
1357 1916 1637 1992 estcriminesum,

315 2007 511 2073 necessitatis
533 2008 650 2073 crimen
672 2015 740 2085 est,
761 2029 825 2073 non
846 2010 1027 2075 voluntatis.
1062 2015 1112 2077 An
1133 2011 1204 2087 ille,
1225 2013 1252 2076 si
1273 2011 1430 2097 potuisset
1449 2008 1518 2073 ulle
1539 2009 1636 2074 mode

315 2100 466 2177 evadere,
495 2103 602 2167 Uticae
632 2122 725 2187 quam
755 2105 888 2180 Romae,
917 2126 987 2168 curn
1008 2107 1042 2170 P.
1063 2108 1149 2170 Attio
1171 2126 1267 2191 quam
1287 2126 1359 2170 cum
1380 2105 1637 2171 concordissimis

279 2194 478 2271 terratribus,
500 2218 571 2261 cum
592 2197 702 2261 alienis
722 2218 792 2262 esse
815 2218 908 2281 quam
932 2218 1002 2263 eum
1025 2203 1091 2264 suis
1114 2201 1297 2266 maluisset?
1327 2201 1405 2265 Cum
1426 2199 1499 2283 ipsa
1519 2199 1638 2283 legatie

315 2288 410 2373 plena
444 2288 592 2355 desiderii
624 2312 661 2355 ac
693 2291 913 2357 sollicitudinis
942 2291 1056 2357 fuisset
1083 2302 1212 2378 propter
1236 2294 1453 2359 incredibilem
1474 2291 1638 2375 quendam

314 2382 445 2448 fratrum
467 2403 623 2461 amorem,
650 2385 703 2449 hic
723 2405 826 2469 aequo
847 2387 952 2451 animo
975 2407 1044 2451 esse
1066 2386 1186 2471 potuit',
1213 2387 1290 2451 belli
1312 2386 1444 2450 discidio
1466 2386 1638 2452 distractus

315 2474 528 2542 afratribust

400 2567 430 2632 6.
452 2573 579 2638 Nullum
599 2574 695 2657 igitur
715 2574 829 2649 babes,
852 2574 976 2649 Caesar,
997 2574 1102 2639 adbuc
1123 2577 1156 2639 in
1172 2575 1211 2652 Q.
1226 2575 1352 2657 Ligario
1370 2574 1497 2657 signum
1511 2576 1638 2643 alienae

279 2680 335 2728 aaa
356 2671 387 2727 te
408 2665 595 2744 voluntatis3
621 2667 712 2732 cuius
735 2688 794 2751 ego
816 2688 959 2742 causam,
987 2669 1218 2743 animadverte,
1246 2687 1381 2752 quaese,
1410 2689 1474 2752 qua
1494 2665 1558 2733 fide
1581 2670 1638 2736 de·

314 2754 458 2822 fendam:
480 2760 581 2842 prodo
603 2781 716 2825 meam.
751 2761 777 2825 0
800 2761 997 2826 clementiam
1019 2765 1236 2828 admirabilem
1257 2770 1352 2847 atque
1367 2762 1508 2827 omnium
1529 2763 1638 2840 lauda,

316 2850 565 2933 praedicatione,
586 2854 699 2918 litteris
721 2856 998 2940 monumentisque
1021 2857 1245 2921 decorandam!
1269 2857 1347 2920 Cum
1362 2857 1403 2921 bl.
1419 2855 1531 2919 Cicero
1548 2859 1637 2940 apud

316 2950 347 3007 te
369 2945 525 3022 defendit,
547 2948 644 3010 alium
666 2948 700 3011 in
722 2969 759 3011 ea
781 2948 941 3011 voluntate
963 2969 1027 3012 non
1049 2950 1165 3029 fuissef,
1187 2953 1219 3014 in
1240 2971 1302 3035 qua
1323 2971 1358 3014 se
1379 2952 1483 3033 ipsum
1505 2947 1639 3016 eonfite-

317 3047 367 3103 tur
394 3040 506 3115 fuisse,
535 3062 593 3105 nec
625 3051 694 3105 tuas
721 3042 831 3106 tacitas
854 3043 1061 3124 cogitationes
1083 3045 1273 3119 extimescit,
1302 3063 1377 3118 nec,
1405 3043 1481 3127 quid
1508 3044 1569 3108 tibi
1596 3044 1638 3108 de

279 3133 378 3198 sealio
401 3132 541 3198 audienti
566 3135 606 3198 de
628 3157 662 3198 se
685 3137 755 3218 ipso
777 3144 935 3211 occurrat,
957 3135 1148 3201 reformidat.
1191 3138 1245 3202 111.
1268 3137 1364 3213 Vide,
1386 3155 1479 3221 quam
1501 3157 1567 3200 nen
1588 3159 1639 3202 re·

315 3227 501 3306 formidem3
522 3231 605 3306 ride,
628 3239 745 3314 quanta
765 3231 822 3293 lux
843 3229 1036 3293 liberalitatis
1059 3239 1091 3294 et
1110 3231 1284 3315 sapientiae
1306 3239 1378 3294 tuae
1400 3230 1477 3294 mibi
1498 3231 1583 3315 apud
1606 3241 1639 3296 te

316 3321 430 3386 dicenti
459 3324 637 3389 oboriatur:
672 3332 825 3409 quantum
851 3334 964 3407 potero
997 3345 1074 3388 voce
1103 3326 1308 3399 contendam,
1341 3332 1376 3388 ut
1408 3323 1471 3388 bec
1496 3326 1638 3409 populus

316 3416 475 3482 Romanus
502 3420 670 3482 exaudiat:
699 3420 854 3501 Suscepto
880 3419 981 3492 bello,
1010 3419 1139 3493 Caesar,
1168 3425 1256 3502 gesto
1279 3418 1372 3482 etiam
1396 3439 1437 3482 ex
1458 3426 1549 3501 parte
1570 3440 1640 3484 rna·

316 3531 394 3594 gna,
422 3513 507 3576 nulla
529 3515 559 3577 vi
582 3521 724 3589 coactus,
751 3514 867 3577 iudicio
889 3532 926 3575 ac
947 3512 1109 3576 voluntate
1135 3512 1175 3575 ad
1196 3532 1233 3575 ea
1259 3530 1344 3574 arma
1369 3511 1530 3596 profectus
1555 3535 1638 3590 sum,

279 3619 399 3688 aequae
421 3615 510 3671 erant
531 3616 655 3692 sumpta
680 3614 787 3671 contra
810 3614 850 3670 te.
887 3603 917 3668 7.
939 3605 1031 3688 Apud
1061 3625 1155 3689 quem
1185 3606 1280 3688 igitur
1300 3604 1362 3668 bec
1385 3603 1479 3668 dicet
1514 3608 1639 3693 Nempe

316 3701 400 3782 apud
422 3721 508 3776 eum,
530 3704 601 3786 qui,
624 3722 695 3765 eum
716 3701 778 3764 boc
800 3702 912 3774 sciret,
941 3709 1046 3764 tamen
1068 3721 1135 3774 me,
1158 3707 1326 3781 antequam
1349 3697 1442 3772 vidit,
1463 3700 1510 3763 rei
1533 3703 1640 3785 publi·

317 3814 371 3856 cae
392 3795 542 3872 reddidit3
572 3797 626 3880 qui
648 3795 688 3858 ad
711 3816 760 3859 me
783 3816 823 3858 ex
844 3797 986 3878 Aegypto
1008 3795 1126 3858 litteras
1149 3794 1248 3867 misit,
1278 3799 1314 3854 ut
1340 3811 1441 3854 essem
1467 3793 1554 3856 idern
1581 3798 1639 3881 qui

315 3888 463 3965 luissem3
490 3892 561 3973 qui,
589 3911 660 3953 cum
688 3891 756 3973 ipse
779 3891 948 3973 imperator
969 3890 1002 3951 in
1025 3896 1090 3952 toto
1112 3889 1243 3973 imperio
1266 3886 1377 3971 populi
1398 3887 1531 3952 Romani
1553 3910 1638 3954 unus

317 3993 415 4059 esset,
437 4005 506 4048 esse
528 4005 578 4048 me
599 3985 732 4049 alterum
754 4004 866 4067 passus
888 3990 952 4059 cst3
974 4003 1091 4066 aquo,
1111 3983 1173 4046 boc
1194 3983 1264 4064 ipso
1287 3982 1320 4044 C.
1335 3981 1437 4044 Pansa
1456 3981 1534 4044 mibi
1557 4003 1640 4047 nun·

279 4080 394 4144 sotium
423 4078 616 4161 perferente,
644 4099 809 4143 concessos
837 4077 938 4141 fasces
960 4078 1116 4140 laureatos
1139 4077 1242 4149 tenui,
1271 4074 1378 4159 quoad
1399 4075 1556 4140 tenendos
1578 4099 1640 4161 pu·

316 4174 396 4248 tavi3
425 4173 479 4256 qui
508 4172 583 4234 mihi
614 4180 680 4235 turn
709 4174 846 4253 denique
875 4192 909 4234 se
931 4171 1064 4234 salutem
1085 4171 1207 4253 putavit
1228 4169 1375 4244 reddere,
1400 4170 1516 4233 sicam
1540 4172 1639 4235 nullis

317 4267 483 4350 spoliatam
512 4267 703 4330 ornamentis
732 4265 881 4329 dedisset.
925 4262 954 4327 8.
977 4265 1074 4338 Vide,
1103 4283 1238 4347 quaeso,
1267 4264 1411 4338 Tubero,
1439 4272 1489 4340 ut,
1519 4265 1575 4348 qui
1598 4265 1639 4329 de

1164 4459 1320 4467 ..ω-οφ..

382 4602 405 4649 4.
424 4605 459 4650 ast
475 4602 509 4649 G:
529 4613 581 4650 om.
599 4600 658 4650 EO.
683 4598 722 4648 Cf.
739 4601 909 4661 Anonymum
925 4598 952 4648 in
969 4597 1174 4648 Zimmermanni
1191 4596 1280 4646 Dtarte
1296 4596 1379 4658 Antia.
1398 4595 1470 4648 4837.
1489 4611 1516 4663 p.
1535 4600 1593 4652 643.
1607 4627 1635 4639 -

317 4674 632 4739 ecametftaattataoc
653 4702 679 4711 -
698 4674 1004 4736 tempaucstqaedGE:
1024 4673 1282 4736 terapasqatdemC3
1303 4673 1590 4736 estteaspaseaoo-
1610 4676 1636 4727 4.

317 4747 400 4811 admeti
417 4751 437 4800 G
456 4776 483 4786 -
502 4752 567 4812 qaod
583 4763 636 4801 om.
656 4751 675 4800 C
696 4776 722 4784 -
741 4750 765 4799 8.
783 4749 833 4797 alto
850 4750 914 4799 GE:
938 4750 1006 4799 illinc
1021 4750 1072 4800 atto
1089 4749 1108 4798 0
1128 4775 1155 4784 -
1182 4748 1206 4798 9.
1227 4748 1310 4798 Uticae
1327 4746 1432 4799 GE¹C:
1455 4749 1639 4812 Uticaepattas

318 4820 375 4875 E²0
395 4852 422 4862 -
442 4824 482 4876 44.
500 4826 588 4890 adbuc]
610 4838 744 4889 superser.
767 4825 860 4873 niman
882 4825 907 4873 in
929 4826 948 4874 E
972 4853 998 4861 -
1025 4826 1065 4874 ts.
1084 4836 1175 4886 quaeso
1192 4836 1244 4872 em.
1263 4825 1280 4872 S
1299 4849 1325 4858 —
1351 4823 1391 4873 46.
1410 4823 1521 4872 omnim
1538 4824 1635 4876 GEC:

318 4901 385 4949 emat
402 4899 422 4950 0
440 4926 467 4935 -
487 4900 526 4950 44.
545 4900 632 4950 titteris
648 4901 713 4949 GE:
736 4900 814 4950 literis
829 4901 863 4958 0;
889 4901 953 4950 item
969 4915 995 4950 v.
1013 4900 1054 4950 34,
1075 4925 1102 4936 -
1121 4912 1177 4947 cam
1194 4899 1257 4948 GE:
1276 4911 1329 4949 om.
1348 4898 1368 4948 0
1387 4926 1414 4936 -
1434 4898 1474 4948 te.
1492 4912 1523 4948 444
1540 4901 1638 4962 qaue

319 5001 346 5011 —
365 4975 405 5024 33.
425 4975 520 5025 dicendi
537 4978 557 5025 G
567 4977 586 5025 Ε
596 4977 615 5026 C
630 5003 656 5011 -
676 4975 808 5024 edomatur
824 4976 842 5024 C
856 5000 885 5011 -·
904 4979 1025 5036 cacatum
1038 4980 1125 5037 potero
1135 5001 1150 5011 ·
1159 5001 1172 5011 ·
1181 4979 1254 5037 parte
1269 4987 1364 5038 mapsa
1376 4974 1453 5024 effert
1464 4974 1638 5034 Quintilianus

317 5049 363 5110 xi,
382 5049 410 5109 3,
429 5050 485 5099 466.
504 5075 533 5087 -
551 5049 617 5114 eece]
635 5063 768 5113 superser.
786 5049 943 5111 {emidiaem
960 5051 986 5100 in
1003 5052 1023 5101 E
1043 5078 1069 5086 —
1088 5056 1115 5099 444
1131 5051 1176 5101 bac
1190 5064 1216 5113 p.
1234 5064 1257 5100 r.
1271 5049 1344 5100 0¹13:
1362 5054 1390 5100 at
1405 5050 1450 5100 boc
1466 5063 1490 5099 r.
1506 5063 1534 5111 p.
1548 5048 1593 5111 θ’,
1610 5057 1639 5102 at

314 5124 421 5188 populas
436 5125 475 5174 bic
491 5127 520 5175 a.
539 5125 573 5183 C;
591 5129 619 5174 444
633 5126 739 5188 populas
754 5125 799 5173 boc
816 5126 940 5174 Romanas
956 5126 976 5175 0
993 5138 1055 5175 cum
1073 5123 1244 5185 Quintiliane,
1262 5124 1415 5174 Wunderus
1430 5124 1476 5173 bec
1493 5121 1639 5177 delendum

318 5202 419 5250 censet.
435 5226 462 5235 -
480 5200 521 5251 33.
539 5207 649 5262 aesopo
666 5201 726 5251 betto
737 5225 774 5236 --
784 5205 872 5249 contra
888 5206 911 5250 ta
928 5200 1005 5251 affert
1017 5199 1188 5260 Quintilianus
1201 5200 1247 5256 lX,
1265 5201 1290 5259 3,
1306 5200 1355 5271 38;Ι
1370 5204 1480 5260 suscepte
1490 5224 1527 5235 --
1537 5204 1640 5250 coactus

318 5273 396 5326 tulius
418 5274 568 5327 Rufinianus
593 5276 623 5325 dc
644 5278 687 5340 dp.
709 5280 770 5325 44444.
792 5280 815 5324 et
836 5276 895 5325 stoc.
914 5275 929 5338 5
946 5275 986 5324 33.
1011 5301 1037 5310 -
1065 5275 1148 5336 ettam]
1166 5276 1218 5324 iam
1233 5275 1310 5323 etiam
1326 5273 1497 5334 Quintilianus
1513 5274 1639 5339 (utreque

317 5350 394 5410 loeo).
415 5377 441 5387 -
463 5356 538 5412 parte
553 5364 647 5415 mapaa
663 5352 725 5412 GE,
750 5350 922 5412 Quintilianus
939 5353 1062 5414 (utreque
1080 5349 1161 5413 lece),
1181 5349 1346 5400 Rufinianus:
1369 5361 1464 5412 mayoc
1477 5354 1555 5410 parta
1570 5350 1591 5401 0
1609 5376 1638 5387 -

317 5425 357 5477 314,
370 5427 461 5475 iudicio
477 5439 508 5475 ac
523 5427 649 5475 voluntate
660 5428 718 5476 GE:
737 5428 767 5477 de
783 5427 874 5476 iudicio
889 5439 943 5476 mee
961 5431 983 5475 44
998 5426 1123 5474 voluntate
1135 5426 1168 5484 C}
1186 5424 1287 5473 coasilio
1304 5438 1335 5474 ac
1350 5424 1475 5473 eatrertata
1487 5437 1545 5475 mea
1556 5425 1640 5485 Quin-

317 5500 428 5551 tilianus.
450 5526 474 5537 -
496 5501 529 5550 ad
545 5514 576 5550 ea
592 5513 666 5549 arasa
677 5505 813 5549 --ccatra
829 5506 852 5550 ta
868 5501 944 5551 affert
960 5499 1102 5550 Diomedes
1119 5512 1145 5563 p.
1163 5497 1220 5559 468,
1240 5499 1278 5548 ra.
1296 5525 1323 5533 -
1342 5499 1384 5548 344.
1401 5499 1508 5560 saepta]
1525 5500 1640 5563 meapte

317 5576 468 5628 Diomedes.
488 5603 515 5610 —
533 5576 605 5638 Apud
621 5589 693 5637 444444
703 5602 739 5613 --
750 5576 788 5625 rei
800 5589 828 5638 p.
845 5575 952 5625 reddidit
970 5573 1082 5623 afferunt
1098 5571 1270 5633 Quintilianus
1286 5573 1328 5632 444,
1346 5573 1371 5631 3,
1390 5571 1421 5622 44
1439 5576 1465 5624 et
1481 5576 1581 5625 Auctor
1596 5575 1640 5626 in·

319 5655 407 5704 certus
427 5653 454 5702 in
470 5651 570 5703 Anecd.
588 5651 670 5700 Paris.
688 5649 731 5700 cd.
749 5649 836 5700 Eckst.
856 5664 881 5714 p.
900 5649 941 5709 33,
960 5649 985 5697 5.
1005 5673 1031 5681 -
1056 5647 1097 5696 38.
1116 5649 1158 5709 qai
1177 5662 1229 5709 me,
1241 5661 1309 5696 cam
1324 5649 1376 5709 ipsc
1392 5648 1529 5711 imperator
1544 5652 1573 5701 ia
1588 5655 1639 5703 tate

318 5727 376 5778 orbe
392 5729 420 5777 44.
437 5739 502 5776 uara
518 5731 591 5786 esest,
613 5737 663 5774 esse
679 5725 785 5774 atem
801 5725 820 5773 C
841 5749 867 5758 -
889 5724 930 5775 39.
948 5723 1063 5772 nuntiam
1079 5723 1145 5771 GE:
1170 5723 1234 5771 tuac
1255 5722 1369 5771 4444444444
1385 5722 1431 5772 CS
1451 5751 1477 5761 -
1500 5724 1540 5776 344.
1557 5726 1639 5789 fam

319 5801 573 5866 tameatosfascesE
592 5827 619 5835 -
638 5800 678 5850 34.
696 5800 877 5851 4444444444εοῦ
898 5825 925 5837 -
948 5800 1050 5850 reddam
1067 5800 1132 5849 GE:
1158 5799 1219 5849 dare
1236 5799 1284 5848 CO
1303 5822 1330 5834 -
1350 5797 1389 5847 33.
1412 5797 1638 5850 Vido--audm

321 5877 401 5929 4444444
417 5878 464 5942 (sic
479 5891 528 5943 pro
544 5874 664 5942 coement
682 5874 757 5927 alfort
774 5873 943 5936 Quintilianus
960 5875 991 5936 V,
1010 5874 1050 5936 te,
1069 5873 1110 5926 33.
1131 5900 1158 5910 -
1176 5885 1268 5936 quase
1284 5884 1323 5923 4444
1340 5870 1432 5924 Tubero
1449 5872 1479 5925 C.
