3800 7350
648 1193 722 1257 an.
743 1191 1004 1256 narn-xxv.
1030 1188 1075 1274 ss
1097 1188 1244 1255 ec-ca.
1525 1181 1607 1250 sess

292 1364 405 1426 XXIV.
427 1360 478 1424 58.
500 1360 678 1424 Vebebatur
700 1363 732 1424 in
754 1362 865 1425 essedo
888 1360 1032 1424 tribunus
1054 1360 1114 1444 pl.;
1140 1360 1266 1424 lictores
1290 1358 1419 1423 laureati
1441 1358 1608 1422 antecede-

292 1458 381 1531 bant,
403 1457 484 1519 inter
506 1476 587 1539 quos
610 1464 718 1539 aperta
739 1455 848 1519 lectica
868 1455 964 1519 mima
985 1455 1185 1538 portabatur,
1214 1474 1308 1537 quam
1331 1474 1372 1517 ex
1392 1450 1518 1536 oppidis
1538 1472 1608 1515 mu·

292 1548 442 1631 nicipales
463 1548 608 1612 homiues
630 1549 771 1623 bonesti,
793 1549 917 1613 obviam
938 1547 1116 1611 necessario
1138 1547 1347 1631 prodeuntes,
1369 1567 1433 1609 non
1453 1553 1529 1608 noto
1551 1543 1607 1608 illo

291 1650 322 1704 et
343 1642 468 1704 mimico
489 1643 632 1718 nomine,
655 1643 710 1705 sed
732 1642 930 1705 Volumniam
953 1640 1199 1704 consalutabant
1236 1641 1432 1724 Sequebatur
1445 1638 1520 1702 reda
1535 1658 1607 1701 eum

291 1735 473 1809 lenonibus,
503 1738 632 1800 comites
661 1735 864 1819 nequissimi:
895 1735 1014 1798 reiecta
1043 1743 1142 1798 mater
1161 1735 1291 1798 amicam
1314 1733 1427 1817 impuri
1449 1732 1507 1795 filii
1530 1738 1632 1795 tam-e

292 1848 387 1911 quam
408 1848 520 1891 nurum
543 1831 742 1912 sequebatur.
780 1828 806 1891 Ο
829 1828 961 1891 miserae
983 1828 1121 1892 mulieris
1138 1828 1361 1891 secunditatem
1376 1822 1607 1891 calamitosaml

290 1921 409 1983 Horum
431 1923 616 2003 flagitiorum
639 1925 698 1987 iste
716 1923 856 2004 vestigiis
872 1922 977 1985 omnia
997 1922 1184 2004 municipia,
1207 1920 1435 2004 praefecturas,
1458 1918 1608 1993 colonias,

289 2022 385 2078 totam
408 2012 545 2099 denique
566 2016 686 2079 ltaliam
709 2015 876 2099 impressit.

373 2105 423 2170 59.
446 2110 650 2193 Reliquorum
672 2110 823 2173 tactorum
847 2108 932 2182 eius,
960 2115 1064 2189 patres
1086 2108 1273 2192 conscripti,
1303 2105 1440 2172 difficilis
1462 2114 1510 2171 est
1532 2125 1608 2171 saus

289 2202 491 2287 reprehensio
514 2211 546 2266 ct
567 2203 695 2267 lubrica.
728 2203 876 2266 Versatus
899 2203 930 2265 in
954 2201 1038 2264 bello
1061 2211 1128 2278 est;
1150 2203 1301 2266 saturavit
1323 2222 1357 2265 se
1377 2202 1529 2286 sanquine
1544 2200 1644 2264 dis-so

288 2296 520 2361 simillimorum
549 2299 597 2361 sui
626 2297 760 2361 cisium:
788 2295 865 2358 selis
886 2295 961 2369 fuit,
991 2295 1017 2356 si
1040 2303 1145 2378 potest
1165 2296 1230 2358 ulla
1250 2296 1282 2359 in
1305 2294 1423 2359 scelere
1447 2315 1516 2359 esse
1538 2293 1609 2357 teli-

289 2393 376 2455 eitas.
410 2391 472 2454 Sed
488 2392 637 2474 quoniam
653 2392 808 2454 veteranis
824 2399 950 2454 cautum
971 2391 1216 2465 essevolumus,
1240 2411 1430 2476 quamquam
1446 2386 1608 2453 dissimilis

288 2493 336 2548 est
367 2484 503 2548 militum
531 2504 626 2548 causa
655 2492 687 2547 el
714 2492 767 2547 tua
795 2518 836 2530 -
863 2484 909 2546 illi
939 2486 1038 2549 secuti
1068 2494 1156 2560 sunt,
1186 2494 1220 2549 tu
1243 2485 1394 2570 quaesisti
1417 2483 1529 2547 ducem
1550 2513 1607 2554 -·,

288 2589 411 2653 tamen,
434 2599 474 2641 ne
495 2577 578 2660 apud
601 2577 673 2641 illos
697 2598 745 2641 me
768 2578 800 2640 iu
822 2577 972 2642 invidiam
994 2599 1105 2653 voces,
1129 2579 1207 2642 nihil
1223 2582 1262 2643 de
1277 2597 1391 2663 gauere
1405 2577 1482 2640 belli
1497 2575 1607 2638 dicam.

287 2673 394 2736 Victor
422 2693 440 2735 e
469 2671 632 2735 Thessalia
663 2671 863 2734 Brundisium
893 2692 965 2735 cum
994 2671 1171 2755 legionibus
1200 2673 1366 2739 revertisti.
1401 2671 1449 2733 lbi
1471 2689 1521 2731 me
1544 2686 1644 2733 nouis

287 2766 438 2829 occidisti.
477 2767 624 2847 Magnum
652 2761 855 2828 beneficium!
883 2767 1026 2848 potuisse
1048 2767 1132 2830 euim
1161 2766 1278 2831 fateor:
1301 2782 1492 2851 quamquam
1514 2781 1607 2824 nemo

287 2868 354 2922 erat
375 2879 501 2933 eorum,
525 2860 580 2942 qui
603 2866 666 2922 tum
689 2867 793 2921 tecum
814 2857 956 2934 suerunt,
980 2860 1034 2942 qui
1058 2860 1135 2923 mihi
1157 2882 1222 2924 nou
1244 2868 1387 2925 censeret
1409 2855 1493 2940 parci
1514 2872 1607 2935 opor·

287 2962 363 3017 tere.
406 2951 457 3014 60.
479 2955 579 3016 Tanta
610 2962 657 3015 est
684 2954 767 3015 enim
797 2953 909 3015 caritas
936 2953 1073 3035 patriae,
1103 2962 1138 3017 ut
1167 2956 1279 3018 restris
1309 2954 1401 3017 etiam
1426 2948 1607 3032 legionibus

286 3054 413 3109 sauctus
436 3065 552 3120 essem,
575 3045 660 3130 quod
683 3066 751 3109 eam
773 3066 792 3109 a
814 3066 864 3108 me
887 3049 1040 3110 servatam
1062 3068 1131 3110 esse
1152 3048 1380 3111 meminissent.
1394 3071 1402 3115 ι
1416 3045 1479 3109 Sed
1499 3042 1550 3107 lac
1571 3043 1605 3106 id

287 3150 317 3203 te
341 3140 466 3203 dedisse
489 3140 583 3214 milri,
615 3139 699 3222 quod
731 3160 793 3202 non
822 3140 986 3214 ademisti,
1016 3160 1129 3223 meque
1158 3149 1228 3205 ate
1250 3142 1367 3204 habere
1389 3140 1501 3212 vitam,
1532 3140 1643 3219 quieto

286 3255 350 3297 non
371 3254 390 3296 a
412 3243 442 3297 te
465 3234 506 3296 sit
527 3243 651 3316 erepta:
675 3233 803 3295 licuitne
825 3233 901 3296 mihi
924 3255 982 3316 per
1002 3242 1072 3296 tuas
1093 3235 1297 3298 contumelias
1318 3233 1380 3297 hoc
1401 3241 1488 3296 tuum
1511 3231 1607 3294 bene·

285 3327 389 3391 ficium
411 3330 457 3391 sic
480 3330 575 3401 tueri,
597 3337 632 3390 ut
654 3327 779 3400 tuebar,
805 3327 990 3409 praesertim
1014 3348 1084 3389 cum
1107 3337 1138 3390 te
1159 3328 1238 3391 haec
1260 3327 1439 3391 auditurum
1462 3325 1606 3388 videresl

285 3423 383 3485 XXV.
407 3418 458 3484 61.
483 3421 603 3484 Venisti
626 3419 843 3493 Brundisium,
874 3422 906 3482 in
929 3421 1030 3484 sinum
1054 3421 1182 3503 quidem
1204 3429 1236 3484 et
1257 3421 1290 3484 in
1313 3420 1511 3503 complexum
1533 3428 1606 3482 tuae

285 3515 443 3579 mimulae.
486 3514 570 3590 Quid
600 3518 668 3576 esl‘l
699 3533 773 3575 uum
795 3515 957 3576 mentior?
986 3513 1087 3588 Quam
1109 3514 1258 3576 miserum
1281 3523 1329 3578 est
1350 3514 1383 3576 id
1405 3532 1520 3594 negare
1538 3531 1606 3575 uon

286 3631 394 3694 posse,
417 3611 503 3694 quod
525 3609 567 3673 sit
588 3607 801 3692 turpissimum
823 3604 978 3670 confiteri!
1004 3607 1037 3668 Si
1061 3616 1091 3670 te
1113 3609 1353 3691 municipiorum
1378 3627 1441 3670 nou
1457 3603 1644 3690 pudebat,st

285 3726 324 3769 ne
346 3706 486 3769 veterani
509 3704 636 3786 quidem
660 3703 839 3764 exercitus?
871 3703 942 3784 quis
966 3703 1049 3765 euim
1072 3702 1161 3765 miles
1184 3703 1243 3766 fuit
1263 3704 1319 3785 qui
1341 3701 1498 3765 Brundisii
1520 3700 1607 3764 illam

285 3819 348 3861 uon
377 3798 517 3862 videritl
546 3797 617 3879 quis
641 3796 696 3879 qui
726 3796 874 3858 nescierit
895 3796 1020 3859 venisse
1043 3815 1111 3858 eam
1134 3797 1188 3859 tibi
1211 3805 1256 3860 tot
1277 3797 1400 3860 dierum
1425 3797 1475 3859 via
1502 3803 1606 3876 gratu·

284 3893 402 3954 latuml
426 3892 496 3975 quis
519 3891 574 3973 qui
596 3910 660 3951 nou
682 3890 852 3953 indoluerit
873 3898 934 3954 tam
957 3909 1027 3953 sero
1051 3910 1084 3952 se
1107 3911 1200 3973 quam
1223 3911 1359 3975 nequam
1381 3889 1540 3953 hominem
1557 3908 1606 3951 se-

284 3991 374 4048 culus
404 3991 488 4048 esset
521 3986 732 4065 cognosceret
777 3980 827 4046 0¹2.
850 3984 958 4047 ltaliae
989 4004 1096 4047 rursus
1130 3985 1322 4067 percursatio
1351 3984 1461 4047 eadem
1491 3984 1605 4046 comite

284 4079 391 4152 mima,
414 4079 445 4139 iu
469 4075 585 4160 oppida
606 4076 738 4138 militum
762 4077 896 4139 crudelis
919 4084 951 4140 et
972 4079 1085 4139 misera
1107 4076 1272 4152 deductio,
1294 4080 1325 4142 iu
1349 4078 1426 4139 urbe
1449 4077 1533 4151 auri,
1554 4095 1643 4143 ιιι-ιο

284 4172 370 4253 genti
393 4171 591 4252 maximeque
614 4169 678 4231 vini
703 4168 797 4233 sceda
818 4169 965 4252 direptio.
1005 4170 1143 4256 Accessit
1163 4179 1198 4233 ut
1220 4171 1352 4234 Caesare
1376 4172 1503 4253 ignaro,
1534 4190 1605 4234 cum

284 4273 367 4327 esset
393 4263 447 4326 ille
474 4263 708 4336 Alexandreae,
736 4261 889 4326 beneficio
911 4264 1084 4327 amicorum
1105 4265 1173 4326 eius
1195 4265 1344 4346 magister
1365 4264 1507 4348 equitum
1529 4284 1605 4328 cou-

350 4531 373 4577 ι.
392 4527 473 4577 essedo
491 4526 527 4573 V:
545 4538 596 4575 esse
611 4537 688 4588 penus
703 4525 809 4574 uebicuti
824 4525 855 4574 do
872 4529 882 4574 t
899 4525 941 4586 (ct.
954 4524 989 4575 ad
1005 4538 1032 4590 p.
1046 4525 1119 4585 4360,
1132 4524 1171 4587 3);
1190 4527 1288 4576 essendo
1305 4525 1338 4586 b;
1357 4529 1434 4578 asedo
1450 4541 1480 4584 a;
1498 4529 1606 4593 scedag

286 4631 312 4641 -
331 4602 414 4652 litores
430 4602 451 4649 V
471 4627 496 4637 -
521 4600 546 4649 Ξ.
564 4600 615 4649 inte
631 4600 653 4647 V
672 4626 698 4636 -
722 4601 792 4649 mimi
809 4613 824 4648 a
845 4627 871 4636 -
892 4600 1044 4662 portabatur
1058 4601 1086 4649 in
1102 4603 1194 4652 essedot
1209 4604 1237 4653 a.
1254 4602 1291 4666 pl.
1309 4603 1406 4654 lictores
1424 4605 1533 4655 tamaii
1548 4611 1606 4655 unte

282 4677 399 4728 cedebant
414 4677 479 4726 incer
494 4687 580 4737 quosq.
597 4688 630 4724 ne
640 4674 662 4722 V
673 4673 763 4725 verbis
779 4673 961 4738 superioribus
978 4676 1109 4739 repetitis:
1127 4691 1153 4739 q.
1166 4680 1227 4728 ante
1244 4692 1277 4728 ne
1293 4677 1394 4729 addidit
1410 4692 1446 4730 m.
1456 4680 1481 4729 ι.
1493 4679 1547 4729 -c
1559 4680 1606 4730 tro-

282 4755 360 4802 mines
376 4764 457 4801 uma
474 4776 507 4788 -
524 4750 660 4799 necessario
672 4762 725 4800 om.
739 4753 749 4800 ι
766 4777 799 4787 —
815 4749 893 4799 totob
908 4776 935 4786 -
955 4748 978 4800 i.
992 4755 1015 4800 et
1031 4751 1131 4801 ιοιοιιιοο
1148 4751 1191 4802 ab
1204 4779 1231 4789 -
1251 4758 1286 4802 sct
1303 4754 1525 4803 dolsmsniusuV-
1543 4755 1606 4805 redu

282 4829 318 4878 D:
340 4827 420 4877 raeda
436 4825 471 4884 V;
492 4825 570 4874 ubeda
592 4825 611 4874 0
631 4849 657 4861 -
683 4827 707 4874 5.
726 4824 880 4887 nscquissisns'
901 4829 971 4874 rectu
986 4824 1008 4874 V
1024 4852 1057 4861 —
1073 4828 1157 4877 amico
1172 4831 1183 4877 ι
1198 4855 1232 4866 -
1255 4829 1341 4892 inpuri
1357 4829 1427 4893 Vag
1444 4831 1503 4892 (inp.
1519 4831 1556 4894 pli
1572 4831 1603 4892 V,

280 4904 327 4967 filii
343 4902 435 4965 impuri
451 4903 469 4962 ι)
489 4929 516 4938 -
536 4902 560 4951 e.
577 4901 669 4950 notura
686 4901 708 4948 V
726 4928 747 4936 -
773 4900 966 4964 tmmddutem
982 4903 1017 4964 gt
1035 4926 1062 4937 -
1088 4903 1112 4953 8.
1130 4908 1227 4953 tamam
1244 4906 1256 4954 t
1274 4930 1301 4941 -
1324 4904 1438 4965 inpressit
1453 4904 1514 4966 Vp,
1536 4917 1606 4953 oons-

279 4978 369 5040 pressit
386 4988 400 5025 a
420 5003 447 5013 -
466 4976 490 5026 o.
508 4975 577 5040 sune]
593 4990 623 5026 su
639 4977 662 5025 V
681 5003 707 5015 -
729 4978 768 5028 to.
786 4977 883 5026 ludirca
899 4976 935 5031 V;
954 4976 1046 5026 lubrice
1064 4977 1124 5026 B-
1144 4978 1222 5026 estin
1238 4977 1298 5028 bello
1316 4980 1326 5028 l
1343 5003 1372 5014 -
1389 4977 1453 5028 uelle
1469 4980 1607 5030 staturauit

282 5053 303 5100 V
322 5077 349 5088 -
367 5065 392 5101 se
408 5064 490 5101 ome
509 5079 537 5089 -
555 5052 766 5102 dissimitimorum
781 5052 803 5100 V
825 5078 852 5087 -
872 5052 911 5100 ιι.
929 5050 992 5114 [elic
1006 5051 1055 5115 fuit
1071 5051 1106 5099 V:
1123 5053 1171 5114 suit
1186 5052 1249 5114 tetis
1264 5053 1287 5103 Ι)
1301 5077 1328 5088 -
1347 5054 1374 5101 in
1390 5053 1487 5103 iecelere
1502 5067 1552 5104 esse
1569 5055 1603 5114 V,

281 5141 331 5176 esse
346 5127 372 5174 in
388 5125 477 5175 scelere
493 5139 533 5189 ag
550 5153 583 5164 -
600 5127 639 5176 43.
658 5127 694 5175 illi
710 5126 832 5177 consecuti
847 5124 881 5185 b,
900 5126 1033 5175 discessuris
1048 5126 1070 5175 V
1086 5152 1120 5163 -
1137 5125 1177 5176 u.
1195 5132 1257 5188 aput
1273 5127 1295 5175 V
1315 5155 1342 5164 -
1359 5140 1420 5177 uere
1435 5128 1457 5176 V
1471 5155 1497 5165 -
1516 5142 1606 5193 penne

281 5201 336 5250 betti
353 5200 386 5247 V:
406 5199 460 5250 belli
476 5213 565 5263 penne
581 5202 603 5251 B
622 5227 647 5237 -
674 5201 713 5249 tt.
733 5214 746 5249 e
762 5213 816 5251 om.
835 5215 850 5250 a
869 5227 896 5236 -
919 5202 959 5250 ic.
978 5202 1043 5250 enim
1059 5215 1075 5250 a
1091 5203 1151 5265 post
1166 5215 1288 5266 mupnunn
1304 5201 1394 5252 habet.
1415 5230 1442 5240 -
1462 5203 1502 5252 tr.
1520 5217 1606 5254 eorum

281 5280 336 5325 erat
352 5275 395 5336 qui
410 5287 467 5324 cum
483 5281 563 5324 tecum
581 5278 635 5325 t-
655 5276 694 5325 48.
714 5276 779 5324 enim
795 5281 830 5326 est
847 5278 857 5325 t
875 5303 902 5313 -
921 5278 972 5325 etia
985 5275 1017 5333 V;
1037 5277 1101 5325 enim
1118 5279 1141 5333 tr
1162 5290 1215 5327 om.
1229 5292 1284 5326 a-
1305 5278 1345 5328 se.
1362 5278 1526 5328 menimissent
1542 5278 1603 5325 V·-

280 5349 359 5411 !aciut
380 5348 481 5398 edidisse
497 5349 531 5404 V.
556 5349 615 5400 tort.
635 5363 667 5398 os
687 5350 729 5412 suc
750 5351 805 5399 Vtut
825 5355 848 5401 ιο
870 5351 965 5400 dedisse
982 5377 1008 5386 -
1028 5351 1054 5401 id
1070 5365 1122 5402 om.
1142 5355 1204 5416 agl
1222 5379 1248 5389 ·-
1274 5351 1316 5405 20.
1334 5354 1395 5414 outa
1411 5353 1448 5403 B:
1466 5366 1518 5414 qua
1534 5354 1556 5402 V
1575 5379 1601 5388 -

281 5425 322 5472 it.
340 5437 390 5471 non
406 5425 437 5472 sit
453 5437 471 5472 ο
487 5429 509 5474 ιο
527 5427 551 5480 t:
570 5438 587 5474 a
604 5430 626 5474 ιο
642 5438 692 5472 non
708 5425 740 5473 ss't
756 5437 786 5482 a;
806 5425 830 5474 iu
848 5439 865 5489 g
881 5427 912 5476 sit
928 5438 987 5489 sup.
1001 5424 1045 5475 lin.
1061 5453 1087 5461 -
1106 5427 1206 5476 licuitne
1222 5428 1258 5475 V:
1277 5429 1381 5478 liceatne
1397 5428 1418 5478 D
1432 5454 1459 5464 -
1477 5428 1602 5479 milium.

282 5501 338 5548 t-
357 5503 426 5547 tuunr
443 5497 601 5561 beneBVbt
618 5498 675 5560 (sed
692 5499 831 5562 Vueuett:
849 5501 1010 5563 donatiuum
1025 5513 1057 5562 ες
1075 5504 1146 5549 tuum
1163 5514 1216 5551 om.
1231 5515 1287 5550 a·
1306 5501 1347 5553 st.
1365 5504 1481 5553 murciae
1497 5501 1555 5565 bgt
1573 5529 1601 5542 -

280 5573 348 5637 nuru]
365 5571 495 5636 noubgt
512 5599 540 5610 -
559 5581 594 5626 οοι
610 5587 735 5625 oma-
753 5575 779 5624 id
795 5588 1007 5638 muruonposss
1024 5575 1170 5636 quodquod
1186 5577 1283 5625 ss‘V-
1301 5578 1343 5628 25.
1360 5578 1605 5642 sonuerit-non

281 5661 334 5699 eru.
349 5648 369 5697 V
388 5674 414 5684 -
430 5649 524 5711 pudeat
540 5650 551 5698 t
569 5676 596 5687 -
615 5650 656 5699 26.
675 5649 786 5701 brundisi
801 5650 860 5698 V—
879 5651 919 5700 27.
938 5649 982 5698 tibi
998 5655 1033 5699 tot
1050 5651 1115 5700 VD:
1134 5656 1169 5701 tot
1185 5651 1229 5702 tibi
1245 5648 1307 5701 0‘-
1326 5654 1371 5704 uie
1386 5655 1422 5705 V:
1439 5656 1507 5704 uicus
1519 5656 1599 5705 DO-

282 5724 323 5772 28.
342 5736 418 5784 quam
433 5735 555 5785 necquum
571 5724 607 5784 V,
626 5737 698 5786 quem
715 5724 737 5773 D
757 5748 783 5760 -
802 5730 897 5774 acutus
913 5738 967 5775 om.
986 5738 1001 5773 a
1019 5749 1047 5759 -
1067 5725 1108 5774 29.
1126 5738 1203 5774 nenas
1219 5726 1281 5775 V-
1300 5728 1341 5778 30.
1359 5729 1457 5791 urpemi
1473 5728 1562 5790 ng:
1579 5734 1604 5779 et

282 5800 380 5861 arpenti
395 5801 431 5848 at
449 5826 477 5836 -
495 5799 535 5848 at.
552 5799 627 5862 seoda
642 5800 674 5859 V,
691 5799 768 5862 [aedo
784 5803 820 5863 gt
836 5801 949 5864 (direptio
964 5800 1037 5863 foeda
1053 5801 1077 5863 s)
1092 5827 1119 5837 -
1138 5801 1178 5851 32.
1196 5801 1248 5866 ipse
1263 5817 1280 5855 a
1293 5829 1318 5842 ·
1340 5804 1505 5856 morbiue
1515 5803 1601 5866 Vlio,

281 5874 330 5925 sed
347 5875 373 5925 iu
389 5874 412 5925 V
427 5875 554 5926 nummus
570 5875 597 5927 ln
614 5888 666 5927 ras.
685 5888 722 5927 m.
740 5876 766 5927 Ξ.
