3800 7350
721 1732 1191 1831 tumultuationis

453 1970 529 2059 ΙΝ
578 1970 633 2057 Ρ.
675 1963 1095 2057 VATlNiUM
1141 1961 1463 2051 ubsrum

805 2203 1106 2285 oltb'ulo.

822 2454 866 2506 Ex
881 2453 1082 2506 RECENSIONE

702 2632 931 2695 canoni
967 2630 1206 2690 nanim

868 2860 1037 2874 ψ

731 3045 914 3106 Nolanum
936 3043 1174 3104 laxamento.

290 3197 354 3245 A=
373 3189 499 3243 lemmata
516 3186 673 3241 scholiastae
690 3187 842 3248 bobiensis3
859 3200 886 3236 v.
905 3187 956 3238 ete.
974 3186 1054 3236 Sobel.
1072 3186 1107 3246 11,
1126 3198 1151 3249 p.
1170 3184 1218 3235 stt
1235 3197 1294 3248 sqq.

331 3296 355 3315 ο
374 3265 459 3317 codex
476 3265 609 3315 Parisinus
625 3263 690 3314 4494
707 3276 721 3312 4
740 3275 783 3313 me
801 3259 920 3313 collatus.

328 3368 355 3388 .
372 3340 458 3392 codex
474 3337 686 3398 Gemblaeensis,
704 3349 775 3388 nunc
791 3333 968 3387 Bruxeliensis
984 3335 1058 3394 tato,
1076 3349 1091 3386 a
1107 3336 1216 3385 4444444444
1233 3332 1350 3386 collatus.

327 3432 353 3454 ε
371 3415 455 3467 codex
472 3412 690 3477 salisburgensis,
709 3425 780 3463 nunc
796 3411 961 3465 Monacensis
978 3412 1033 3461 Lat.
1052 3409 1146 3468 45734,
1164 3424 1179 3459 a
1197 3422 1240 3460 me
1258 3408 1375 3460 collatus.

326 3507 352 3526 =
371 3490 414 3542 ed.
432 3487 604 3541 Lambiniana
620 3502 645 3539 a.
663 3488 735 3538 4566.

371 3565 415 3617 ed.
434 3562 561 3615 Orelllana
586 3564 660 3628 prior
683 3575 708 3613 a.
732 3562 805 3613 taso.
839 3562 939 3612 lterum
961 3561 1107 3610 orationem
1133 3559 1243 3611 Orellius
1266 3559 1348 3610 edidit
1366 3560 1391 3609 in
1414 3564 1611 3625 programmate

369 3639 506 3693 'turicensi
522 3651 546 3689 a.
566 3637 630 3689 44434
647 3657 673 3677 ·
691 3635 769 3688 Orelli
786 3637 829 3700 (2).

352 3728 405 3778 Nos
422 3723 529 3790 plenam
545 3722 668 3774 dedimus
685 3719 828 3772 lectionum
845 3720 1051 3786 discrepantiam
1068 3734 1100 3770 ex
1116 3722 1228 3772 APGO.
1255 3721 1381 3784 Egregiae
1399 3719 1518 3784 Madvigii
1530 3732 1610 3772 curae
1700 3742 1702 3749 ¹

287 3801 377 3852 insunt
391 3800 420 3850 in
437 3800 494 3851 eius
511 3796 649 3864 opusculis
665 3796 825 3848 academicis
841 3794 898 3847 Vol.
916 3797 940 3856 1,
959 3809 985 3860 p.
1004 3795 1053 3846 toa
1069 3808 1129 3859 sqq.

370 4111 394 4173 1.
418 4103 447 4172 4.
470 4109 503 4172 si
526 4113 649 4170 tantum
670 4105 765 4170 modo
787 4112 858 4181 tua,
881 4105 1006 4180 Vatini,
1036 4104 1113 4190 quid
1136 4102 1305 4186 indignitas
1327 4105 1517 4189 postularet,
1539 4129 1611 4193 epe·

286 4212 371 4268 ctare
392 4201 575 4274 voluissem,
597 4200 743 4265 iecissem
765 4198 809 4274 id,
832 4200 918 4284 quod
940 4199 991 4262 bis
1007 4198 1210 4262 vehementer
1226 4198 1384 4281 placebat,
1406 4207 1442 4263 ut
1456 4209 1497 4275 te,
1520 4206 1610 4267 cuius

284 4293 497 4360 testimonium
529 4301 658 4379 propter
691 4293 921 4376 turpitudinem
954 4295 1037 4356 vitae
1070 4293 1243 4382 sordesque
1275 4291 1462 4358 domesticas
1491 4296 1609 4361 nuliius
1683 4340 1685 4344 .

285 4390 436 4455 momenti
464 4395 643 4471 putaretur,
673 4387 786 4451 tacitus
818 4386 1017 4451 dimitterem.
1053 4388 1153 4449 Nemo
1184 4387 1267 4449 enim
1296 4387 1409 4450 borum
1436 4395 1491 4452 aut
1513 4389 1555 4453 ita
1579 4400 1609 4453 tc

260 4480 501 4555 sreiutandum,
522 4489 558 4544 ut
580 4501 707 4564 gravem
722 4481 947 4556 adversarium,
970 4489 1024 4544 aut
1042 4480 1226 4562 rogandum,
1242 4486 1277 4542 444
1290 4479 1472 4562 religiosum
1487 4488 1608 4557 testem,

284 4575 503 4641 arbitrabatur.
548 4575 609 4637 Sed
638 4575 683 4639 lui
712 4575 806 4658 paulo
836 4568 909 4637 ante
939 4574 1174 4658 intemperatior
1202 4573 1352 4648 fortasse,
1386 4594 1479 4657 quam
1502 4575 1607 4640 debui.

285 4667 368 4732 Odia
391 4669 474 4732 enim
498 4669 562 4742 tui,
587 4670 620 4731 in
643 4688 708 4753 quo
731 4669 790 4731 etsi
812 4688 921 4732 omnes
944 4676 1073 4752 propter
1095 4676 1183 4731 tuum
1205 4667 1239 4729 in
1260 4688 1311 4730 me
1334 4667 1437 4731 scelus
1459 4689 1607 4752 superare

285 4762 404 4837 debeo,
434 4770 539 4825 tamen
563 4762 601 4824 ab
623 4763 769 4826 omnibus
791 4782 891 4845 paene
913 4763 1038 4836 vincor,
1065 4763 1111 4825 sic
1132 4782 1201 4824 sum
1224 4762 1389 4836 incitatus,
1411 4769 1460 4837 ut,
1482 4783 1554 4826 cum
1576 4772 1606 4828 te

283 4875 348 4920 non
376 4855 480 4918 minus
509 4863 740 4919 contemnerem
773 4876 868 4939 quam
897 4857 1050 4930 odissem,
1079 4862 1181 4919 tamen
1213 4862 1363 4918 vexatum
1384 4856 1490 4940 potius
1512 4876 1606 4940 quam

246 4950 470 5033 indespectum
490 4950 606 5014 vellem
627 4951 792 5014 dimittere.
835 4945 866 5012 2.
889 4950 1005 5026 Quare,
1027 4969 1068 5013 nc
1090 4949 1148 5013 tibi
1169 4949 1255 5012 buno
1275 4948 1429 5012 bonorem
1446 4969 1530 5013 ame
1550 4951 1607 5015 ba·

355 5260 492 5310 lamniano
509 5270 647 5308 onarrorra.
682 5259 778 5309 luerrrr
792 5242 866 5310 444ἷ
885 5269 1007 5310 uarium
1023 5269 1130 5309 4444444.
1149 5258 1181 5318 P;
1204 5258 1241 5307 44.
1261 5256 1351 5307 urin.
1370 5245 1455 5310 cresi.
1473 5272 1503 5310 44
1519 5242 1609 5311 rura?

280 5329 350 5387 44444
365 5346 461 5384 caeno.
481 5334 511 5383 G.

223 5472 227 5477 .
346 5409 370 5458 4.
388 5407 416 5458 si
433 5408 467 5457 P:
486 5407 514 5457 84
530 5410 576 5456 tua
593 5405 671 5457 codd.
690 5406 747 5458 rell.
766 5409 794 5458 et
810 5408 887 5467 edd.;
906 5421 968 5459 oum
985 5406 1132 5459 leontiano
1149 5408 1208 5458 loco
1226 5404 1378 5472 suppletum
1396 5420 1456 5459 esse
1473 5409 1602 5471 videatur,

280 5495 330 5534 nos
351 5484 412 5533 ante
432 5480 515 5531 Vatini
534 5480 688 5544 ponendum
706 5483 865 5546 putavimus.
886 5511 913 5519 -
938 5485 962 5533 t.
981 5485 1019 5535 id.
1038 5485 1070 5543 P;
1094 5483 1199 5533 videtur
1219 5479 1261 5532 ide⁸
1281 5481 1370 5532 tuisse.
1391 5509 1417 5518 -
1436 5485 1461 5533 o.
1479 5475 1524 5534 net
1539 5498 1605 5549 qro-

278 5571 336 5609 444
352 5558 371 5608 Ρ
389 5582 417 5592 -
441 5561 486 5606 ont
506 5557 648 5621 rogandum
664 5557 697 5605 P:
722 5561 767 5606 444
785 5559 823 5607 444
838 5560 981 5624 rogandum
997 5559 1046 5609 GO
1067 5585 1093 5594 -
1117 5560 1141 5608 6.
1160 5562 1218 5608 onte
1233 5558 1261 5606 44
1276 5560 1299 5606 44
1316 5558 1384 5607 coni.
1403 5557 1554 5610 Lambinus.
1573 5585 1600 5595 -

278 5632 467 5695 internperntior
487 5634 550 5684 PG:
574 5632 780 5693 intemperantior
800 5633 854 5683 SO.
883 5632 958 5682 Nolui
981 5632 1014 5682 ab
1032 5633 1188 5682 auctoritate
1205 5631 1366 5696 optimorum
1383 5631 1531 5697 decedere,
1554 5637 1602 5686 etsi

278 5709 483 5771 intenpcrontr'or
499 5719 594 5758 verum
610 5706 729 5765 videtum
748 5706 781 5757 ci.
800 5710 826 5758 in
844 5709 919 5758 verr.
938 5708 981 5768 lv,
999 5707 1014 5771 g
1032 5707 1072 5757 83.
1092 5720 1117 5771 p.
1137 5708 1209 5757 Font.
1229 5707 1244 5770 5
1262 5704 1293 5755 38
1312 5705 1369 5768 (28).
1389 5721 1415 5772 p.
1434 5708 1559 5776 flaccos
1576 5710 1600 5761 8.

281 5809 308 5818 -
326 5782 351 5833 4.
370 5783 449 5833 onmis
464 5784 513 5833 PG
532 5807 559 5818 -
578 5779 603 5831 9.
621 5786 817 5844 contemnerem
833 5785 852 5833 P
868 5810 901 5820 -
918 5784 959 5833 to.
977 5796 1015 5834 me
1032 5783 1051 5832 P
1069 5795 1137 5832 corr.
1156 5796 1189 5832 ex
1204 5780 1280 5832 mede.
