3800 7350
599 1247 673 1313 cn.
694 1247 986 1314 xxxi-xxxo.
1013 1247 1060 1333 §p
1083 1246 1228 1316 u-ro.
1515 1239 1585 1317 sei

255 1416 419 1502 ingenius,
440 1416 518 1481 mibi
539 1417 649 1493 crede,
680 1417 846 1483 ludebant:
880 1440 950 1483 eum
972 1441 1048 1485 vero
1070 1419 1217 1485 coronam
1239 1441 1367 1486 auream
1388 1423 1501 1487 litteris
1522 1426 1581 1487 im-

256 1511 433 1596 ponebant,
462 1532 496 1576 re
518 1533 593 1577 vera
613 1534 679 1576 non
700 1514 771 1596 plus
793 1534 904 1577 aurum
928 1516 983 1579 tibi
1008 1536 1102 1600 quam
1126 1517 1314 1580 monedulae
1335 1519 1580 1583 committebant.

254 1608 395 1670 Netum
425 1607 554 1690 qaudam
583 1607 747 1671 bominum
776 1617 972 1673 venustatem
1004 1619 1036 1673 et
1067 1609 1197 1672 facetias
1226 1611 1406 1694 perspicere
1428 1613 1582 1697 potuisti?

254 1700 357 1784 Igitur
387 1699 435 1763 illi
466 1702 649 1783 Pergameni
672 1704 939 1785 proscriptiones,
972 1723 1050 1787 quas
1073 1711 1105 1766 tu
1128 1703 1296 1778 asserebas,
1326 1704 1583 1788 repudiaverunt.

252 1796 288 1857 Ρ.
311 1792 444 1868 Orbius,
465 1792 561 1857 bomo
581 1802 613 1858 et
633 1795 774 1879 prudens
791 1806 822 1859 et
837 1797 1008 1871 innocens,
1031 1804 1140 1860 contra
1155 1804 1186 1859 te
1202 1798 1308 1861 omnia
1322 1799 1470 1863 decrerit.
1492 1798 1608 1884 llpudi

254 1889 289 1951 P.
311 1884 498 1961 Globulum,
522 1908 626 1951 mcum
649 1891 877 1964 necessarium,
900 1890 989 1954 inisti
1010 1891 1192 1974 gratiosior:
1214 1893 1333 1955 utinam
1353 1913 1460 1977 neque
1482 1891 1585 1974 ipsum

254 2000 361 2063 neque
383 2002 434 2044 me
455 1983 650 2065 paeniteret!
695 1985 827 2046 xxxii.
851 1982 901 2046 77.
924 1984 1071 2048 Flaccum
1094 1985 1209 2051 iniuria
1227 1984 1405 2049 decrevisse
1426 1987 1459 2048 in
1481 1992 1536 2047 tua
1550 2004 1586 2047 re

255 2075 352 2138 dicis:
381 2072 527 2160 adiungis
560 2097 671 2141 causas
694 2078 944 2151 inimicitiarum,
970 2080 1057 2162 qnod
1077 2082 1159 2163 patri
1183 2082 1217 2142 l..
1240 2080 1342 2143 Flacci
1366 2079 1462 2142 aedili
1483 2078 1587 2141 curuli

254 2174 347 2253 pater
373 2174 448 2232 tuus
478 2169 623 2234 tribunus
645 2171 748 2255 plebis
771 2173 855 2236 diem
879 2172 1006 2235 dixerit.
1040 2178 1082 2236 At
1103 2175 1187 2237 istud
1210 2194 1250 2236 ne
1274 2175 1332 2256 ipsi
1354 2171 1484 2257 quidem
1506 2172 1586 2254 patri

255 2261 359 2324 Flacci
380 2261 472 2326 valde
493 2263 660 2327 molestum
683 2284 753 2328 esse
776 2266 903 2341 debuit,
931 2268 1117 2350 praesertim
1140 2288 1211 2329 cum
1233 2266 1304 2341 ille,
1337 2267 1388 2329 eui
1412 2264 1480 2327 dies
1503 2263 1623 2326 dictato

257 2360 322 2428 est,
352 2362 479 2438 praetor
499 2365 610 2440 postea
631 2357 732 2421 factus
754 2360 796 2423 sit
818 2368 849 2423 et
870 2360 999 2435 consul,
1029 2361 1102 2436 illo,
1133 2362 1187 2445 qni
1210 2362 1294 2424 diem
1317 2361 1415 2434 dixit,
1444 2378 1508 2421 non
1529 2377 1587 2441 po·

256 2446 352 2512 tuerit
378 2448 517 2533 privatus
547 2450 580 2513 in
610 2452 736 2515 civitate
767 2454 950 2518 consistere.
988 2456 1049 2518 Sed
1072 2457 1099 2519 si
1121 2456 1220 2520 instas
1241 2455 1422 2519 inimicitias
1442 2451 1588 2536 putabas,

256 2561 327 2616 carr,
349 2562 419 2605 cum
443 2543 589 2609 tribunus
612 2546 747 2608 militum
770 2548 900 2611 Flaccus
923 2556 1024 2624 esset,
1052 2550 1085 2612 in
1116 2548 1201 2612 illius
1224 2550 1350 2632 legione
1372 2547 1463 2611 miles
1484 2544 1587 2627 bristi,

255 2656 325 2700 oram
347 2636 513 2721 perleges
535 2640 684 2703 militares
707 2642 848 2724 effugere
870 2642 982 2704 liceret
1002 2643 1201 2725 iniquitatem
1223 2642 1364 2705 tribuni?
1398 2642 1461 2705 Cur
1481 2649 1587 2703 autem

254 2736 382 2813 praetor
402 2736 433 2794 le
454 2732 617 2796 inimicum
639 2741 805 2817 paternum
829 2737 861 2797 in
884 2736 1050 2799 consilium
1066 2736 1217 2799 vocavit?
1240 2735 1329 2810 Quae
1345 2733 1475 2819 quidem
1491 2748 1624 2816 quanm

255 2834 363 2890 sancte
385 2826 478 2890 solita
499 2828 563 2889 sint
583 2827 763 2903 observari,
794 2830 881 2892 scitis
904 2850 1024 2893 omncs.
1061 2832 1151 2892 Nunc
1179 2848 1363 2892 accusamur
1383 2830 1423 2891 ab
1444 2829 1500 2903 iis,
1529 2828 1585 2912 qui

254 2920 288 2983 in
309 2920 441 2985 coneilio
463 2920 555 2984 nobis
577 2919 716 2984 fuerunt
759 2920 810 2985 78.
833 2924 981 2987 Decrevit
1002 2924 1146 2986 Flaccus.
1179 2924 1262 2985 Num
1275 2922 1363 2986 aliud
1378 2929 1475 3006 atque
1490 2942 1586 3006 opor-

253 3014 339 3078 tniii
380 3015 416 3077 ln
439 3014 563 3078 liberos.
603 3017 684 3079 llum
707 3015 799 3080 aliter
820 3018 941 3080 censuit
962 3019 1117 3079 senatus?
1153 3017 1188 3077 ln
1218 3016 1390 3080 absentem.
1428 3016 1585 3089 Decrevit,

255 3130 326 3173 enm
348 3108 466 3172 ibidem
489 3129 593 3182 esses,
623 3130 695 3172 cnm
717 3110 845 3194 prodire
867 3111 988 3186 nolles;
1018 3130 1083 3172 non
1107 3118 1156 3172 est
1176 3109 1238 3172 boo
1258 3110 1293 3171 in
1316 3109 1496 3183 absentem,
1528 3108 1585 3172 sed

253 3203 286 3265 in
314 3202 464 3266 latentem
496 3223 594 3266 reum.
640 3204 781 3268 Snnarvs
804 3224 986 3267 cousvnrvn
1009 3225 1050 3267 nr
1072 3224 1241 3267 nncnnrvu
1262 3222 1383 3267 scacos.
1428 3201 1534 3277 Quini
1557 3204 1622 3265 sieo

253 3315 318 3360 non
344 3294 552 3369 decrevisset,
582 3300 638 3361 sed
671 3298 839 3372 edixisset,
869 3298 942 3382 quis
971 3308 1080 3382 posset
1107 3318 1181 3362 vere
1203 3297 1460 3381 reprehendere?
1501 3298 1583 3360 Num

253 3390 350 3453 etiam
376 3388 480 3453 fratris
508 3391 570 3453 mei
594 3391 729 3466 litteras,
765 3393 965 3476 plenissimas
990 3392 1195 3457 humanitatis
1218 3398 1250 3455 et
1275 3390 1454 3474 aequitatis,
1477 3409 1584 3473 repre-

252 3483 409 3548 hensurus
431 3486 487 3547 esi
516 3484 540 3565 †
563 3505 643 3568 quas
666 3487 793 3550 easdem
816 3486 939 3550 mulieri
962 3507 980 3549 a
1003 3509 1054 3551 me
1078 3488 1166 3551 datas
1187 3483 1271 3569 apud
1293 3487 1463 3547 Pataranos
1477 3483 1584 3566 requi·

253 3578 336 3642 sivit.
365 3579 483 3641 Recita.
527 3578 690 3643 errnnan
714 3581 752 3656 Q.
776 3580 954 3644 Crannonis.
997 3578 1049 3643 79.
1071 3580 1179 3656 Quidl
1204 3579 1282 3642 haee
1303 3574 1582 3661 apollonidienses

255 3672 421 3736 occasione
449 3672 532 3737 lacta
560 3672 601 3737 ad
630 3677 775 3739 Flaccum
804 3677 1007 3740 detulerunt?
1038 3674 1132 3759 Apud
1154 3673 1285 3738 Orbium
1308 3678 1378 3735 acta
1400 3691 1464 3735 non
1486 3674 1621 3736 suntin

317 3922 342 3973 2.
360 3922 478 3974 isidorus
495 3923 592 3988 Hispal.
607 3925 693 3990 origg.
706 3927 760 3988 liii,
773 3927 798 3987 i,
811 3927 857 3977 35:
876 3928 987 3978 «Cicero
999 3940 1048 3991 pro
1060 3923 1164 3976 Valerio
1177 3922 1283 3974 Flacco:
1302 3924 1359 3973 Non
1367 3921 1425 3985 pius
1435 3935 1529 3972 cumam
1539 3921 1584 3972 tibi

253 4011 329 4061 guum
341 3999 487 4050 :emedulue
500 4001 724 4051 conueniendum
740 4028 767 4037 -
779 4002 926 4053 monedulae
937 4003 1055 4052 isidorus
1071 4004 1098 4051 et
1112 4001 1299 4063 Peutingerns:
1317 3997 1458 4048 menedimo
1470 3995 1541 4047 Crat.
1552 4021 1580 4033 -

253 4074 278 4127 l.
294 4075 375 4140 lpitur
389 4074 427 4123 illi
443 4072 486 4123 ed.
505 4074 691 4125 Cratandrina:
709 4077 752 4125 isti
768 4077 859 4141 igitur,
878 4078 918 4126 isti
936 4089 998 4126 cum
1015 4077 1146 4138 Naugerio
1166 4076 1226 4131 Fu:
1245 4074 1288 4123 isti
1304 4074 1384 4136 ipitur
1401 4073 1462 4134 (orn.
1476 4070 1520 4132 illel
1532 4071 1581 4120 Tb.

252 4151 456 4209 Mommseniue3
474 4149 512 4199 illi
526 4151 614 4214 igitur,
633 4152 669 4200 itii
683 4151 711 4201 0.
732 4151 770 4201 Cl.
783 4153 887 4215 Zumpt.
901 4153 1014 4202 Grumm.
1028 4151 1083 4200 Lat.
1097 4151 1112 4214 5
1124 4150 1181 4200 aei.
1202 4176 1228 4183 -
1245 4147 1439 4210 proscriptiones
1455 4145 1583 4195 Camera-

254 4228 320 4277 rius:
336 4226 526 4289 pereceiptiones
537 4227 607 4276 Crat.
621 4229 639 4277 N
653 4255 679 4262 -
694 4229 718 4276 5.
730 4228 804 4289 Apud
814 4226 974 4277 Lambinus:
992 4227 1022 4275 ln
1033 4228 1103 4276 Crat.
1116 4227 1172 4283 NL,
1191 4226 1249 4287 ile
1260 4224 1280 4272 0
1290 4249 1317 4259 -
1332 4223 1357 4272 6.
1370 4221 1501 4272 Globulien
1512 4222 1582 4271 Peu-

254 4302 368 4365 tingerue
386 4301 420 4363 lin
438 4300 579 4364 margine):
599 4301 713 4351 Globiurn
730 4302 800 4351 Crat.
818 4327 845 4337 —
865 4302 889 4351 7.
908 4303 1026 4351 Flaccum
1037 4328 1075 4340 ·-
1086 4302 1147 4351 dicis
1163 4298 1311 4361 Madvigius
1329 4298 1416 4360 (Epist.
1433 4298 1490 4346 erit.
1509 4309 1536 4361 p.
1549 4296 1581 4347 93

254 4375 366 4439 adnati:
383 4375 501 4425 Moerum
516 4376 543 4424 io
559 4376 632 4425 curio
648 4376 807 4426 meusent
823 4377 946 4426 veridicas
957 4377 1028 4426 Crat.
1048 4380 1075 4426 et
1092 4373 1170 4425 obelo
1187 4373 1305 4438 praelixa
1323 4375 1384 4434 F0;
1402 4373 1519 4423 Ficorum
1535 4373 1583 4422 ini·

253 4452 352 4502 middle
364 4454 389 4501 et
403 4450 540 4501 iromeedio
555 4451 686 4501 incitatum
701 4453 834 4503 mouisse
850 4451 911 4501 dieis
927 4454 955 4502 L.
980 4452 1019 4501 Ci.
1032 4451 1142 4501 Navium
1159 4448 1330 4498 Vor.l.ectt.1
1348 4461 1375 4512 p.
1388 4447 1429 4499 34.
1450 4474 1477 4485 —
1496 4447 1520 4498 8.
1533 4448 1583 4497 od-

254 4525 344 4592 iunpis]
361 4526 393 4576 iit
407 4538 469 4576 aero
485 4527 602 4590 adiungis
618 4528 637 4576 l.
660 4552 686 4561 -
712 4526 803 4577 Ftcceo
820 4524 936 4578 malebat
953 4525 1076 4585 Oreliius,
1095 4523 1155 4575 coli.
1175 4523 1206 4587 §5
1224 4523 1257 4573 59
1274 4525 1301 4573 et
1316 4523 1357 4572 89.
1381 4549 1412 4586 ¹-
1440 4523 1465 4572 9.
1482 4522 1521 4588 ne]
1537 4536 1583 4573 nec

255 4602 340 4661 Crat:
360 4599 516 4650 emendavit
533 4600 685 4652 Lambinus.
701 4628 728 4637 -
748 4603 788 4651 ii.
807 4603 885 4651 tutos
901 4602 1062 4664 Naugerius:
1080 4600 1141 4649 tetus
1158 4600 1228 4649 Crat.
1243 4624 1271 4635 -
1290 4597 1330 4648 43.
1348 4598 1512 4648 diluerat:
1531 4599 1584 4648 eius

255 4689 314 4728 cnm
332 4675 462 4738 brugeria
479 4675 526 4726 Fi.
540 4701 567 4713 -
587 4675 626 4726 ti.
642 4676 793 4738 perciet:
812 4677 855 4726 tibi
868 4690 915 4739 per
932 4688 993 4725 eum
1010 4674 1141 4735 Naugerio
1158 4673 1203 4722 Fi.
1216 4699 1245 4709 -
1264 4673 1379 4737 emerere]
1396 4672 1583 4724 nwureorel-

254 4751 312 4804 lius.
322 4777 350 4789 -
369 4751 409 4801 te.
423 4754 530 4814 praetor
541 4749 708 4800 Camerarius
720 4754 747 4800 el
758 4752 884 4800 Antonius
896 4749 1073 4811 Augustinus:
1089 4762 1137 4810 per
1148 4749 1219 4798 Crat.
1231 4774 1258 4784 —
1279 4747 1320 4797 ii.
1335 4749 1439 4811 iuuant
1450 4750 1581 4800 Faernus:

253 4829 369 4891 {uem
386 4827 457 4878 Crat.
476 4825 515 4876 Ci.
528 4824 543 4888 5
555 4825 596 4876 ti.
610 4851 637 4860 -
659 4826 699 4874 ta.
713 4825 787 4874 otim
803 4827 887 4874 Crat:
907 4824 982 4873 niun
996 4836 1028 4871 ue
1045 4835 1106 4873 oum
1124 4823 1254 4884 Naugerio
1271 4823 1346 4873 ΗΟ
1358 4849 1388 4860 -
1406 4826 1435 4874 in
1451 4824 1583 4874 deenen.

252 4901 375 4961 Decrevit,
392 4913 450 4949 caen
466 4899 611 4963 Madvigius
628 4902 714 4963 (Epist.
732 4901 788 4949 crit.
808 4914 833 4963 p,
853 4900 904 4961 921:
924 4900 953 4948 in
969 4897 1093 4947 moenum
1109 4897 1224 4946 decreuit
1243 4896 1305 4947 Cren
1322 4897 1393 4947 Crat.
1408 4898 1472 4958 F0;
1491 4899 1520 4947 ln
1536 4897 1585 4947 cb-

253 4982 352 5028 mun.
370 4975 433 5027 &eu
444 4975 551 5038 (omisso
567 4974 602 5025 de
619 4976 770 5039 Pantagathi
783 4975 933 5024 coniectura
946 4972 1031 5023 verbo
1042 4973 1157 5033 demeuit)
1172 4973 1191 5021 l.
1208 4998 1235 5007 -
1255 4972 1295 5022 49.
1315 4972 1376 5022 Men
1389 4973 1493 5035 prodire
1508 4973 1583 5022 notet.

253 5052 309 5101 Non
325 5055 360 5101 eet
375 5050 421 5099 boc
437 5049 610 5110 inubuntens,
628 5051 670 5100 sed
684 5053 712 5098 in
728 5051 843 5099 muntem
859 5047 942 5097 habet
958 5049 977 5096 B
992 5075 1019 5083 -
1038 5048 1084 5095 troc
1100 5046 1350 5096 eecerneretnn-
1367 5047 1451 5096 sedin
1467 5047 1586 5097 tumens

252 5127 287 5176 B:
306 5137 360 5177 om.
374 5126 467 5176 ceteri.
481 5152 508 5162 -
522 5127 562 5177 2⁰.
575 5125 655 5190 reum]
666 5127 695 5176 ln
705 5139 776 5176 reum
789 5120 890 5186 (deletis
902 5121 992 5171 verbis
1003 5133 1026 5171 s.
1040 5133 1063 5171 c.
1076 5132 1110 5170 nr
1121 5132 1195 5171 orca.
1206 5121 1257 5182 rr..)
1271 5120 1415 5184 Madvigius
1433 5123 1513 5184 Epist.
1526 5123 1583 5173 erit.

252 5213 279 5265 p.
292 5199 337 5259 93;
355 5201 441 5250 liecite
457 5199 583 5251 Halmius.
601 5227 635 5238 -
651 5201 692 5250 ei.
709 5199 825 5249 edixisset
841 5197 983 5246 Manutius:
1004 5197 1106 5245 divisset
1123 5197 1193 5245 Crat.
1206 5221 1240 5232 -
1256 5195 1297 5244 23.
1316 5208 1342 5244 es
1352 5195 1510 5247 Lambinus:
1530 5210 1583 5248 om.

254 5277 326 5328 Crat.
338 5276 357 5327 F
368 5302 402 5314 -
417 5277 532 5326 mulieres
543 5276 574 5334 F;
592 5275 734 5325 madentis
750 5277 812 5326 L-
829 5274 969 5323 Pateronos
980 5285 1034 5322 orn.
1048 5273 1133 5330 Crat,
1152 5269 1254 5321 addidit
1266 5271 1421 5333 Naugerius.
1440 5274 1519 5335 (queis
1533 5286 1587 5323 eus·

251 5352 308 5401 deni
323 5350 440 5400 mutieres
455 5351 606 5400 oencudutos
617 5352 685 5412 apud
700 5351 840 5400 Petarenos
849 5348 978 5410 recubioit
989 5348 1183 5410 Pantagathus.)
1203 5347 1255 5397 clix
1271 5346 1323 5396 boc
1341 5344 1399 5396 loco
1416 5350 1585 5399 menifestum

254 5425 285 5475 iit
299 5425 460 5488 Naugerium
476 5428 521 5474 aul
539 5421 708 5475 licentissime
725 5425 752 5474 in
769 5425 820 5474 boc
838 5425 892 5473 toto
909 5423 996 5486 eapite
1007 5426 1142 5472 versatum
1154 5433 1230 5481 esse,
1248 5423 1303 5479 aut,
1316 5421 1389 5484 quod
1406 5436 1459 5474 noo
1476 5436 1586 5489 prorsus

254 5497 409 5550 incredibile
433 5501 488 5560 eet,
512 5498 637 5550 habuisse
661 5502 778 5550 exactius
800 5497 906 5562 aliquod
929 5492 1103 5567 ἀπόγραφον
1126 5496 1192 5548 Cod.
1211 5497 1405 5560 Peutingeriani
1422 5497 1465 5548 vei
1483 5495 1584 5549 similis.

254 5574 328 5629 unde
342 5575 415 5624 enim
429 5573 456 5624 h.
468 5571 486 5623 l.
504 5575 658 5637 accepimus
674 5576 814 5624 morenos
833 5575 881 5625 nisi
898 5576 944 5623 aut
962 5587 977 5624 e
994 5573 1145 5623 coniectura
1163 5572 1303 5622 libidinosa
1319 5570 1375 5623 iere
1393 5575 1439 5623 aut
1455 5586 1470 5623 e
1488 5573 1585 5624 Masi·

253 5651 299 5702 0¹.
311 5676 345 5688 -
361 5648 403 5701 ai.
422 5649 515 5699 Recito.
533 5648 660 5700 erresae
677 5650 706 5711 ο.
725 5650 860 5700 Ciceronis
877 5649 923 5699 Tb.
937 5648 1144 5698 Mommsenius:
1163 5649 1191 5698 it.
1205 5647 1259 5708 (sict
1273 5648 1452 5710 literarumque
1463 5646 1588 5698 Cimonis

254 5726 340 5785 Crat.;
358 5725 444 5775 ltece'to
459 5725 554 5774 Meroe
572 5726 600 5787 Q.
614 5725 737 5775 cuononis
753 5737 815 5776 cum
827 5725 956 5788 Naugerio
969 5725 1001 5782 F,
1021 5724 1105 5772 itecitu
1121 5723 1258 5784 litterato.
1272 5722 1298 5772 C.
1310 5723 1438 5772 immae
1452 5723 1480 5784 (i.
1497 5721 1524 5771 C.
1538 5722 1587 5772 i.0

255 5825 283 5836 -
295 5799 505 5863 Apodonidieesses
520 5798 678 5849 Lambinus:
696 5800 895 5862 Apollonidenses
911 5801 982 5848 Crat.
1001 5798 1034 5855 F:
1052 5798 1233 5860 apollonienses
1246 5797 1274 5848 Ι..
1298 5795 1338 5847 Ci.
1352 5796 1367 5861 5
1379 5798 1421 5848 ii.
1436 5825 1463 5834 -
1480 5797 1523 5849 25.
1538 5811 1588 5860 po-

252 5878 339 5926 testate
353 5874 427 5938 sueto
437 5875 471 5935 1.;
490 5876 601 5926 anetem
612 5876 683 5938 scete
693 5888 746 5939 mg.
760 5874 793 5936 ti:
810 5875 971 5930 emeursione
985 5875 1057 5942 (uem
1068 5872 1233 5933 Gulielmium
1253 5872 1382 5924 messinae
1392 5873 1456 5924 datu
1467 5870 1586 5924 Oreliius,

253 5976 282 5994 ··
301 5951 336 6006 ad
350 5951 472 6007 uem
488 5965 540 6004 eon
555 5952 695 6007 detumet
711 5952 740 6007 i..
