3800 7350
313 1182 376 1251 802
732 1183 886 1251 ORATIO
907 1183 987 1251 PRO
1008 1185 1045 1249 1.
1066 1183 1224 1253 FLACCO

314 1357 492 1419 damnatus.
526 1353 613 1417 Nihil
640 1354 736 1430 dixit,
766 1354 853 1440 quod
879 1354 1038 1432 laederet,
1068 1375 1141 1419 cum
1162 1359 1310 1438 cuperet;
1338 1352 1533 1438 impediebat
1554 1353 1642 1419 enim

312 1449 442 1532 religio:
463 1456 570 1513 tamen
592 1448 641 1524 id,
667 1450 754 1533 quod
777 1449 875 1524 dixit,
897 1455 1015 1533 quanto
1037 1468 1108 1512 cum
1130 1447 1269 1533 pudore,
1291 1469 1357 1533 quo
1374 1455 1512 1513 tremore
1526 1454 1559 1513 et
1572 1448 1642 1533 pal·

313 1544 381 1607 lore
396 1542 495 1606 dixitt
518 1536 570 1605 ll.
585 1542 689 1618 Quam
703 1550 868 1627 promptus
881 1542 977 1606 homo
990 1543 1025 1606 P.
1037 1541 1226 1626 Septimius!
1242 1561 1338 1627 quam
1352 1543 1451 1606 iratus
1466 1540 1506 1606 de
1519 1540 1642 1606 iudicio

314 1644 346 1701 et
367 1636 406 1700 de
427 1635 538 1701 vilieol
567 1643 674 1700 tamen
694 1636 884 1711 haesitabat,
914 1641 1020 1699 tamen
1048 1635 1117 1699 eius
1145 1634 1328 1699 iracundiae
1348 1633 1461 1718 religio
1483 1656 1642 1702 nonnum·

290 1746 409 1815 equam
430 1731 635 1814 repugnabat.
666 1730 818 1794 Inimicus
839 1731 881 1794 M.
904 1729 1047 1804 Caelius,
1069 1728 1173 1814 quod,
1196 1749 1268 1793 cum
1289 1729 1324 1792 in
1344 1748 1380 1793 re
1394 1729 1563 1795 manifesta
1582 1750 1642 1815 pu·

312 1832 410 1889 tasset
430 1824 520 1888 nefas
542 1845 613 1890 esse
633 1823 839 1908 publicanum
860 1823 1001 1887 iudicare
1022 1830 1132 1887 contra
1157 1822 1380 1906 publicanum,
1408 1823 1552 1887 sublatus
1572 1829 1642 1887 erat

313 1938 331 1982 e
351 1938 484 1982 numero
505 1925 778 2001 recuperatorum,
801 1923 905 1981 umen
927 1918 1030 1981 tenuit
1045 1938 1080 1981 se
1096 1936 1202 2001 neque
1218 1916 1322 1981 attulit
1336 1917 1370 1980 in
1383 1916 1537 1980 iudicium
1550 1915 1642 2001 quio-

313 2033 408 2097 quam
429 2011 470 2076 ad
491 2010 682 2076 laedendum
710 2011 773 2075 nisi
800 2010 1006 2076 voluntatem.
1049 2013 1087 2075 V.
1108 2010 1150 2074 Hi
1178 2011 1206 2075 si
1227 2010 1339 2074 Graeci
1360 2009 1498 2078 luissent
1518 2032 1555 2077 ac
1577 2012 1642 2075 nisi

310 2107 410 2171 nostri
438 2125 542 2171 mores
569 2126 607 2169 ac
628 2105 798 2189 disciplina
818 2104 892 2187 plus
912 2106 1033 2169 valeret
1054 2124 1148 2189 quam
1169 2103 1261 2169 dolor
1280 2124 1317 2167 ac
1338 2105 1500 2181 simultas,
1528 2124 1641 2170 omnes

274 2217 346 2266 rose
368 2199 539 2285 spoliatos,
560 2208 709 2274 vexatos,
729 2198 867 2263 fortunis
889 2218 1018 2262 eversos
1033 2218 1103 2263 esse
1119 2198 1285 2262 dixissent.
1307 2198 1446 2263 Graecus
1463 2199 1555 2263 testis
1567 2218 1641 2262 cnm

311 2314 350 2357 ea
371 2294 534 2358 voluntate
554 2294 723 2377 processit,
745 2299 781 2356 ut
802 2290 927 2367 laedat,
948 2312 1014 2356 non
1036 2292 1116 2356 iuris
1137 2289 1281 2367 iurandi,
1304 2292 1361 2357 sed
1383 2291 1532 2356 laedendi
1544 2291 1642 2355 verba

311 2386 492 2451 meditatur.
524 2387 634 2463 Vinci,
656 2386 775 2461 rotelli,
798 2386 926 2469 coargui
947 2392 1038 2468 putat
1057 2405 1127 2449 esse
1149 2385 1386 2468 turpissimum
1408 2383 1450 2450 ad
1470 2383 1504 2447 id
1526 2403 1562 2449 se
1583 2403 1641 2467 pa·

309 2487 379 2558 rat,
398 2479 478 2544 nihil
499 2489 588 2545 curat
608 2481 706 2545 aliud.
738 2481 850 2564 Itaque
872 2499 938 2543 non
959 2479 1096 2563 optimus
1118 2479 1255 2563 quisque
1268 2498 1328 2542 nec
1340 2478 1562 2563 gravissimus,
1584 2476 1641 2542 sed

310 2574 606 2660 impudentissimus
635 2574 943 2658 loquacissimusque
966 2572 1123 2656 deligitur.
1167 2566 1218 2635 li.
1240 2573 1435 2636 vosautem
1456 2573 1490 2637 in
1511 2572 1641 2657 privatis

273 2670 511 2734 ttminimarum
532 2688 639 2731 rerum
661 2666 788 2731 iudiciis
811 2673 923 2731 testem
946 2666 1115 2748 diligenter
1137 2665 1331 2748 expenditis3
1353 2666 1450 2729 etiam
1463 2666 1493 2730 si
1506 2666 1641 2731 iormam

308 2763 462 2837 hominis,
485 2762 513 2826 si
536 2781 670 2836 nomen,
692 2761 720 2825 si
741 2762 859 2824 tribum
880 2760 999 2834 nostis,
1022 2778 1124 2823 mores
1146 2765 1252 2823 tamen
1274 2759 1490 2843 exquirendos
1510 2761 1641 2844 putatia

310 2857 375 2933 Qui
395 2865 502 2922 autem
523 2856 603 2919 dicit
622 2856 837 2920 testimonium
859 2873 901 2917 ex
921 2852 1036 2917 nostris
1056 2852 1251 2926 hominibus,
1272 2860 1309 2916 ut
1329 2871 1364 2916 se
1383 2854 1452 2938 ipse
1465 2854 1639 2918 sustentati

309 2959 346 3014 ut
366 2950 474 3015 omnia
493 2949 591 3015 verba
611 2948 810 3014 moderaturi
832 2957 869 3012 ut
889 2948 993 3023 timet,
1014 2966 1056 3010 ne
1077 2947 1155 3031 quid
1170 2946 1304 3029 cupide,
1325 2947 1459 3031 nequid
1478 2947 1641 3020 iracunde,

310 3062 352 3107 ne
375 3042 547 3128 quidplus
570 3043 730 3117 minusve,
753 3061 849 3126 quam
871 3042 914 3105 sit
935 3059 1077 3115 necesse,
1099 3037 1199 3103 dicatl
1221 3041 1305 3104 Num
1319 3040 1393 3104 illos
1408 3041 1484 3105 item
1498 3040 1641 3125 putatis?

272 3135 428 3220 inquibus
455 3135 506 3199 ius
528 3135 696 3200 iurandum
725 3136 813 3199 iocus
843 3143 908 3211 est,
937 3134 1153 3199 testimonium
1175 3132 1286 3208 ludus,
1316 3134 1511 3198 existimatio
1533 3135 1640 3209 verba,

310 3228 459 3293 tenebrae
488 3228 575 3305 laus,
603 3248 742 3303 merces,
770 3228 889 3312 gratia,
914 3227 1083 3311 gratulatio
1104 3228 1267 3311 proposita
1288 3236 1337 3291 est
1357 3228 1460 3292 omnia
1481 3229 1516 3293 in
1537 3228 1642 3312 impu-

311 3324 399 3388 denti
420 3320 596 3386 mendacio.
634 3321 698 3386 Sed
719 3342 783 3385 non
806 3322 944 3386 dilatabo
967 3322 1144 3386 orationem
1165 3340 1278 3384 meam.
1309 3322 1436 3386 Etenim
1449 3327 1641 3405 potestesse

311 3413 452 3492 infinita,
474 3417 501 3482 si
524 3416 602 3481 milri
624 3416 723 3479 libeat
743 3416 840 3479 totius
862 3416 965 3500 gentis
987 3416 1020 3479 in
1043 3415 1233 3481 testimoniis
1251 3414 1396 3480 dicendis
1417 3416 1577 3499 explicare
1595 3416 1642 3479 le-

312 3511 452 3576 vitatem.
485 3509 549 3575 Sed
570 3510 702 3594 propius
724 3507 889 3573 accedam:
918 3510 958 3572 de
983 3508 1032 3572 his
1054 3509 1170 3573 nostris
1191 3509 1327 3575 testibus
1347 3509 1462 3574 dicam.
1505 3505 1557 3574 43.
1578 3511 1641 3575 Ve-

276 3604 491 3675 achementem
505 3611 720 3667 accusatorem
738 3602 823 3666 nacti
838 3623 964 3680 sumus,
986 3602 1126 3679 iudices,
1149 3609 1181 3667 et
1195 3603 1359 3668 inimicum
1373 3605 1406 3667 in
1422 3604 1508 3668 omni
1524 3623 1640 3688 genere

313 3698 460 3764 odiosum
481 3719 518 3763 ac
538 3697 717 3772 molestum,
741 3717 837 3782 (44444
853 3717 947 3780 spero
961 3698 1013 3762 his
1027 3697 1051 3779 i
1065 3698 1169 3762 verbis
1182 3697 1250 3762 iore
1264 3717 1379 3783 magno
1393 3699 1467 3764 usui
1481 3707 1515 3763 et
1529 3700 1641 3764 amida

313 3801 345 3857 et
367 3793 414 3857 rei
435 3791 600 3876 publicae3
623 3791 679 3856 sed
700 3797 785 3855 certe
807 3791 1020 3854 inflammatus
1035 3790 1213 3854 incredibili
1228 3791 1402 3874 cupiditate
1414 3791 1498 3857 hanc
1512 3812 1641 3858 oausam

312 3887 611 3970 accusationemque
626 3886 776 3968 suscepit.
808 3884 871 3960 Qui
886 3886 1054 3949 comitatus
1068 3886 1100 3948 in
1115 3885 1324 3969 inquirendo!
1346 3886 1530 3950 comitatum
1545 3885 1641 3950 dicot

313 3983 409 4047 immo
430 4000 505 4046 vero
527 3986 664 4063 quamue
686 3979 860 4042 exercitus!
883 3998 966 4063 quae
987 3979 1124 4043 iactural
1146 3978 1203 4063 qui
1225 3980 1385 4065 sumptus!
1407 3987 1527 4065 (444444
1546 3978 1643 4063 largi·

275 4078 374 4145 sotio!
406 4075 497 4153 Quae
519 4092 711 4159 quamquam
733 4071 825 4136 utilia
847 4080 921 4135 sunt
940 4090 1072 4148 causae,
1099 4072 1209 4136 timide
1230 4081 1337 4138 umen
1358 4073 1447 4149 dico,
1478 4071 1566 4158 quod
1587 4093 1643 4138 ve·

312 4191 401 4247 reor,
428 4189 469 4234 ne
490 4168 619 4232 Laelius
641 4186 683 4230 ex
703 4166 753 4232 his
775 4166 888 4242 rebus,
915 4186 995 4251 quas
1023 4166 1083 4231 sibi
1109 4167 1251 4250 suscepit
1271 4166 1391 4251 gloriae
1412 4186 1523 4243 44444,
1551 4174 1643 4252 putet

311 4265 434 4350 aliquid
468 4263 612 4327 oratione
646 4281 716 4326 mea
747 4261 902 4325 sermonis
933 4261 969 4323 in
1001 4280 1072 4326 sese
1100 4268 1156 4325 aut
1182 4261 1322 4324 invidiae
1351 4280 1421 4326 esse
1449 4261 1641 4347 quaesitum.

311 4359 365 4422 vl.
387 4359 501 4441 Itaque
519 4354 604 4420 hanc
623 4362 745 4440 partem
759 4363 857 4420 totam
872 4353 1068 4438 relinquam:
1090 4360 1213 4418 tantum
1226 4374 1246 4417 a
1259 4355 1350 4419 voltis
1364 4362 1487 4438 petam,
1509 4355 1642 4430 iudices,

312 4460 365 4527 ut,
386 4453 414 4516 si
437 4450 516 4534 qnid
537 4450 599 4532 ipsi
620 4449 756 4514 audistis
778 4449 939 4514 communi
959 4447 1043 4512 lama
1063 4455 1159 4531 atque
1181 4467 1326 4512 sermone
1348 4447 1389 4512 de
1410 4449 1457 4524 vi,
1480 4448 1521 4514 de
1535 4468 1643 4524 manu,

273 4545 352 4613 etde
374 4545 489 4619 armis,
511 4544 552 4607 de
566 4543 687 4627 copiis,
708 4543 932 4607 memineritis:
955 4561 1090 4626 quarum
1104 4561 1210 4605 rerum
1230 4539 1351 4605 invidia
1364 4542 1435 4625 iege
1447 4541 1509 4607 hac
1521 4542 1643 4608 recenti

312 4657 349 4701 ac
377 4657 461 4702 nova
488 4644 593 4702 certus
624 4644 673 4701 est
693 4636 895 4720 inquisitioni
915 4636 1067 4701 comitum
1088 4654 1239 4698 numerus
1260 4635 1459 4700 constitutus.
1501 4632 1555 4701 ll.
1576 4634 1642 4701 Sed

312 4737 347 4792 ut
368 4730 450 4793 hanc
472 4731 535 4796 rim
558 4732 718 4806 omittam,
745 4738 865 4814 quanta
885 4729 940 4793 illa
961 4737 1050 4806 sunt,
1079 4748 1163 4813 qnae
1184 4728 1334 4813 quoniam
1355 4731 1549 4795 accusatorio
1570 4731 1642 4794 iure

311 4830 345 4886 et
365 4845 453 4889 more
475 4831 549 4888 sunt
569 4823 669 4899 iacta,
690 4822 925 4907 reprehendere
946 4843 1011 4887 non
1032 4843 1218 4906 possumus,
1240 4823 1331 4907 queri
1353 4830 1460 4888 tamen
1481 4824 1640 4909 cogimur!

376 5055 400 5102 4.
419 5053 527 5104 laederet
547 5053 638 5104 PST:
662 5053 770 5105 44444444
790 5055 911 5106 comto
934 5082 962 5092 -
989 5053 1014 5106 4.
1033 5056 1063 5104 de
1083 5056 1144 5106 ante
1159 5055 1233 5106 cilico
1250 5068 1304 5107 om.
1322 5058 1344 5107 Δ
1365 5080 1393 5091 -
1419 5058 1445 5108 44.
1463 5055 1594 5108 mans
1611 5080 1640 5093 -

310 5126 334 5177 0.
351 5128 449 5178 caere:
465 5128 524 5179 ST:
546 5128 660 5179 44444444
679 5129 797 5179 4440.
823 5129 862 5180 ct.
881 5142 907 5194 p.
926 5129 984 5191 777,
1003 5129 1044 5180 28.
1066 5156 1093 5166 -
1117 5143 1148 5179 oc
1163 5130 1231 5195 aim]
1251 5135 1328 5192 mae
1346 5131 1402 5180 4444.
1421 5131 1438 5180 s
1456 5155 1485 5166 -
1507 5129 1549 5181 te.
1566 5133 1643 5180 44444

308 5201 379 5252 44444
396 5203 455 5252 ST:
475 5202 729 5253 4444444444440
748 5230 776 5239 -
796 5201 836 5254 u.
855 5203 1106 5266 assummum
1126 5231 1153 5242 -
1173 5205 1213 5255 47.
1232 5206 1459 5268 444441444474
1476 5229 1505 5242 -
1521 5204 1642 5256 44444448

311 5302 338 5312 -
358 5276 399 5328 te.
417 5276 476 5326 44444
498 5277 557 5327 ST:
581 5278 647 5328 44444
663 5279 739 5329 AFL
757 5305 785 5315 -
804 5279 845 5329 20.
864 5281 1017 5330 4444444404
1032 5279 1121 5342 onoc,
1139 5280 1256 5331 metrae
1270 5279 1462 5343 Pantagathus:
1488 5280 1642 5331 4444044444

307 5356 394 5402 antro
409 5350 524 5402 44440444
540 5353 633 5402 ceteri.
660 5352 699 5403 ci.
717 5353 805 5404 Pison.
824 5352 839 5417 5
856 5353 898 5404 05.
924 5381 952 5392 -
976 5356 1018 5406 24.
1038 5355 1122 5417 poetto
1140 5367 1203 5406 cum
1222 5353 1329 5407 dnobus
1347 5353 1426 5405 codd.
1447 5355 1551 5406 oxonn
1569 5355 1592 5404 4.
1610 5378 1639 5390 ·-

308 5425 348 5475 47.
364 5426 453 5488 potest]
467 5430 550 5488 posset
560 5438 621 5476 cum
634 5428 760 5489 quattuor
771 5427 850 5479 codd.
863 5429 965 5480 Oronn.
978 5432 1009 5480 Α.
1032 5429 1072 5480 (14.
1089 5431 1240 5495 Zumptium
1257 5430 1291 5483 ad
1306 5431 1384 5482 verr.
1397 5443 1424 5495 p.
1437 5431 1495 5482 23⁴.
1506 5454 1536 5468 -
1554 5429 1596 5481 73.
1608 5429 1643 5481 44-

306 5500 409 5549 44444444
424 5499 512 5551 STA:
530 5500 668 5550 4444444444
684 5501 760 5552 FLO
780 5528 807 5540 -
826 5499 972 5554 7444444444
988 5504 1048 5554 S‘r:
1069 5506 1157 5555 vesnia
1176 5506 1257 5557 440
1275 5531 1303 5540 -
1325 5505 1367 5556 76.
1388 5502 1469 5554 omli:
1488 5502 1568 5555 codd.
1585 5503 1643 5555 noti

308 5584 403 5625 omnes
423 5574 451 5623 et
465 5575 500 5624 A:
522 5573 596 5624 44044
616 5587 679 5625 cum
702 5575 745 5626 ed.
764 5576 865 5627 Iuntina
883 5577 971 5639 FLO;
994 5578 1134 5642 4444444044
1152 5579 1284 5642 Halmium
1307 5580 1391 5631 444444
1406 5580 1563 5631 (44444ουί44
1579 5576 1639 5630 coll.

308 5659 349 5696 or.
362 5644 500 5699 Caelianus
516 5650 661 5714 postremis
675 5648 779 5702 verbis:
804 5651 963 5716 oomtwnqcc
982 5653 1056 5703 444444
1074 5667 1211 5706 moram
1226 5669 1258 5706 oc
1275 5654 1391 5707 44444444
1408 5668 1454 5705 coa
1469 5654 1639 5718 nollem,

307 5719 948 5790 teotmtncsreuooreoutwmqosccpete.
967 5752 995 5764 -
1016 5727 1059 5779 28.
1078 5727 1591 5791 (444444404444--4444444444444444444
1610 5753 1639 5763 -

308 5793 514 5857 metandae:
539 5797 944 5863 “macularat—
972 5800 1642 5868 es.peo]qass-es.oooepaa:meroa

311 5871 656 5933 μανψ-4444444004
672 5872 766 5926 Fatmt
782 5877 1016 5933 coniectaret·
1038 5877 1499 5945 4444444--444444444444404444,
