3800 7350
334 1198 416 1266 1158
670 1202 822 1266 ORATIO
849 1200 927 1265 ruo
951 1203 987 1263 Τ.
1008 1198 1135 1263 anulo
1157 1198 1312 1264 MILONE

334 1372 388 1435 ille
409 1371 449 1435 ad
473 1372 529 1434 Cn.
551 1371 735 1454 Pompeium
757 1370 1011 1433 interficiendum
1033 1368 1218 1442 collocarat3
1241 1374 1365 1430 extorta
1386 1373 1435 1428 est
1448 1366 1478 1427 ei
1499 1360 1664 1428 confitenti

335 1467 399 1528 sica
421 1466 459 1527 de
481 1463 643 1538 manibus3
666 1465 769 1527 caruit
788 1464 858 1527 foro
879 1472 990 1546 postea
1009 1463 1193 1544 Pompeius,
1216 1460 1316 1523 caruit
1337 1468 1458 1533 senatu,
1480 1458 1581 1521 caruit
1601 1476 1666 1540 pu·

335 1558 434 1632 blico;
456 1557 551 1620 ianua
574 1577 609 1619 se
631 1576 668 1619 ac
690 1557 872 1639 parietibus,
894 1576 961 1618 non
982 1556 1052 1619 iure
1074 1556 1179 1637 legum
1194 1553 1445 1635 iudiciorumque
1459 1552 1549 1616 texit.
1578 1553 1664 1615 Num

335 1668 417 1733 quae
446 1650 567 1731 rogatio
594 1650 673 1724 lata,
703 1671 778 1713 num
801 1670 882 1733 quae
907 1669 992 1712 nova
1015 1649 1158 1732 quaestio
1181 1647 1306 1710 decreta
1328 1650 1398 1709 3311
1442 1641 1491 1707 19.
1514 1647 1611 1729 Atqui
1635 1644 1665 1708 si

312 1748 404 1815 tren,
426 1742 453 1805 si
475 1742 541 1817 vir,
564 1744 591 1805 si
614 1752 737 1826 tempus
759 1743 859 1807 ullum
875 1744 1005 1826 dignum
1026 1742 1102 1814 init,
1125 1749 1208 1803 certe
1223 1740 1301 1802 baec
1316 1740 1348 1801 in
1364 1739 1419 1803 illa
1433 1760 1525 1804 causa
1540 1758 1667 1804 summa

336 1836 443 1899 omnia
463 1835 608 1899 luerunt:
632 1838 797 1900 insidiator
819 1837 939 1899 eratin
961 1835 1031 1898 foro
1054 1834 1226 1898 collocatus
1250 1841 1346 1916 atque
1369 1834 1401 1895 in
1417 1834 1576 1898 vestibulo
1592 1836 1666 1917 ipso

336 1937 483 2004 senatns3
516 1929 545 1991 ei
572 1929 639 1992 viro
672 1937 776 1992 autem
805 1948 890 1992 mors
918 1929 1106 2011 parabatur,
1138 1927 1227 1990 cuius
1256 1927 1289 1988 in
1311 1926 1377 1989 rita
1398 1927 1556 1990 nitebatur
1577 1926 1666 1989 salus

337 2022 490 2105 civitatis3
520 2041 559 2085 33
588 2041 682 2103 porro
711 2024 757 2085 rei
784 2021 929 2106 publicae
953 2030 1112 2105 tempore,
1143 2040 1225 2104 quo,
1254 2020 1280 2083 si
1303 2040 1386 2083 unus
1408 2020 1461 2084 ille
1485 2018 1666 2092 occidisset,

336 2134 401 2178 non
423 2115 503 2178 haec
526 2114 628 2178 solum
652 2116 779 2190 civitas,
801 2116 858 2179 sed
879 2122 990 2198 gentes
1009 2135 1119 2178 omnes
1141 2114 1372 2177 concidissent:
1394 2114 1455 2177 nisi
1470 2132 1563 2185 vero,
1587 2112 1666 2194 quia

302 2218 329 2268 1⁰
338 2208 478 2292 perfecta
499 2228 549 2271 res
571 2228 637 2271 non
659 2218 725 2283 est,'
754 2228 818 2271 non
840 2208 900 2271 tuit
923 2206 1117 2291 poenienda,
1147 2207 1280 2288 proinde
1302 2209 1392 2290 quasi
1421 2209 1526 2269 exitus
1547 2226 1665 2278 rerum,

337 2322 401 2366 non
422 2302 588 2364 hominum
610 2303 741 2367 consilia
762 2302 885 2384 legibus
906 2301 1131 2364 vindicenturae
1150 2301 1256 2363 Minus
1278 2300 1448 2364 dolendum
1470 2300 1528 2365 luit
1547 2322 1582 2365 re
1597 2319 1664 2362 non

338 2394 492 2478 perlecta,
522 2394 578 2456 sed
609 2395 820 2477 poeniendum
851 2403 936 2457 certe
965 2394 1067 2456 nihilo
1093 2395 1207 2457 minus.
1250 2390 1301 2455 20.
1325 2394 1480 2469 Quotiens
1502 2416 1561 2478 ego
1583 2396 1664 2480 ipse,

337 2487 475 2559 iudices,
497 2507 538 2550 ex
559 2490 592 2550 P.
616 2487 717 2552 Clodii
739 2488 811 2551 telis
834 2497 866 2551 et
888 2509 928 2551 ex
951 2487 1088 2552 cruentis
1109 2486 1180 2550 eius
1195 2487 1338 2549 manibus
1353 2488 1468 2570 elingit
1492 2490 1665 2571 exquibus

337 2582 364 2644 si
387 2601 437 2643 mc
459 2600 523 2643 non
545 2582 596 2644 vel
618 2601 689 2644 mea
709 2582 761 2644 331
782 2583 830 2645 rei
851 2583 995 2666 publicae
1015 2582 1142 2643 fortuna
1163 2588 1338 2654 servasset,
1370 2583 1442 2663 quis
1471 2582 1597 2644 tandem
1625 2580 1665 2641 de

301 2673 468 2737 reinteritu
488 2694 560 2737 meo
576 2674 795 2756 quaestionem
817 2675 966 2739 tulisset?
1009 2676 1091 2737 Vlll.
1114 2674 1177 2737 Sed
1199 2673 1286 2738 stulti
1305 2695 1424 2749 sumus,
1446 2676 1500 2757 qui
1516 2676 1665 2746 Drusum,

336 2770 392 2850 qni
418 2766 618 2842 Africanum,
649 2769 848 2853 Pompeium,
876 2777 1001 2839 nosmet
1029 2769 1116 2852 ipsos
1146 2788 1217 2832 oum
1247 2769 1280 2829 P.
1303 2767 1412 2830 Clodio
1443 2767 1586 2830 conferre
1608 2787 1666 2831 au·

336 2861 476 2922 deamus.
517 2860 706 2925 Tolerabilis
734 2862 862 2925 luerunt
888 2861 962 2923 illa:
992 2863 1025 2923 P.
1049 2860 1152 2923 Clodii
1174 2868 1305 2923 mortem
1327 2880 1431 2943 aequo
1454 2862 1558 2924 animo
1580 2860 1665 2925 serre

335 2973 429 3016 nemo
451 2960 566 3036 potest.
600 2954 701 3036 Luget
722 2964 867 3029 senatus,
889 2962 1009 3017 maeret
1031 2962 1180 3035 equester
1194 2955 1291 3027 ordo,
1314 2961 1378 3017 tota
1393 2955 1504 3017 civitas
1520 2955 1664 3018 contecta

336 3046 426 3110 senio
456 3052 521 3119 331,
552 3046 700 3128 squalent
727 3048 920 3131 municipia,
946 3048 1138 3110 afflictantur
1158 3047 1322 3121 coloniae,
1350 3049 1415 3129 agri
1439 3048 1577 3130 denique
1600 3048 1662 3128 ipsi

299 3146 399 3203 totam
414 3134 600 3212 beneficum,
617 3148 678 3202 tam
699 3141 878 3215 salutarem,
895 3151 957 3204 tam
972 3149 1171 3204 mansuetum
1187 3141 1287 3203 civem
1303 3141 1492 3203 desiderant
1525 3137 1576 3203 11.
1590 3143 1662 3203 Ν33

335 3232 396 3295 luit
423 3251 462 3295 ea
489 3243 601 3305 causa,
633 3233 769 3306 iudices,
790 3233 949 3318 prolecto,
973 3234 1135 3306 nonfuit,
1170 3254 1226 3296 cur
1247 3234 1306 3296 sibi
1328 3243 1472 3298 censeret
1493 3236 1662 3320 Pompeius

337 3327 553 3408 quaestionem
581 3325 763 3400 terendam,
792 3327 848 3391 red
877 3328 972 3391 homo
994 3328 1120 3412 sapiens
1142 3335 1237 3410 atque
1260 3328 1323 3390 alta
1345 3335 1377 3389 et
1398 3329 1502 3391 divina
1524 3329 1662 3411 quadam

336 3426 442 3483 mente
462 3418 625 3501 praeditus
647 3420 746 3483 multa
767 3420 861 3483 vidit:
884 3421 982 3485 tuisse
1005 3421 1093 3484 illum
1117 3421 1179 3483 sibi
1202 3421 1379 3495 inimicum,
1401 3422 1587 3486 familiarem
1602 3423 1662 3485 lli-

336 3511 458 3587 lonem;
486 3511 521 3574 in
548 3514 707 3576 communi
734 3514 875 3578 omnium
896 3514 1017 3579 laetitia
1039 3516 1066 3577 si
1090 3516 1184 3577 etiam
1206 3515 1275 3596 ipse
1297 3515 1464 3597 gauderet,
1494 3518 1598 3579 timuit
1619 3538 1662 3581 ne

300 3605 498 3671 invideretur
518 3601 670 3669 infirmior
689 3603 767 3670 fides
789 3607 1010 3671 reconciliatae
1032 3609 1167 3692 gratiae3
1190 3608 1287 3670 multa
1303 3609 1397 3671 etiam
1414 3610 1474 3673 alla
1488 3611 1580 3685 vidit,
1604 3611 1661 3673 red

335 3698 415 3761 illud
438 3699 592 3774 maxime,
616 3701 758 3782 quamvis
780 3702 927 3764 atrociter
948 3703 1018 3785 ipse
1041 3703 1180 3776 tulisset,
1202 3722 1258 3766 333
1281 3711 1386 3767 tamen
1404 3704 1527 3768 sortiter
1540 3706 1662 3770 indica·

335 3798 432 3855 turos.
467 3792 579 3876 ltaque
601 3792 719 3874 delegit
741 3813 781 3857 ex
797 3795 1028 3860 florentissimis
1043 3798 1207 3860 ordinibus
1222 3798 1291 3880 ipsa
1305 3798 1433 3872 lumina,
1455 3819 1560 3881 neque
1575 3820 1661 3875 vero,

337 3885 422 3968 qnod
451 3904 517 3948 non
550 3884 628 3948 nulli
661 3886 823 3962 dictitant,
855 3893 989 3954 secrevit
1017 3893 1050 3954 in
1072 3891 1228 3954 iudicibus
1251 3892 1392 3974 legendis
1414 3893 1532 3956 amicos
1553 3912 1661 3969 meos3

335 4000 441 4062 neque
464 3980 548 4043 enim
570 3981 630 4043 lroc
651 3982 801 4063 cogitavit
824 3985 872 4047 vir
893 3985 1103 4058 iustissimus,
1125 4005 1232 4067 neque
1255 3986 1287 4048 in
1309 3987 1402 4048 bonis
1422 3988 1497 4051 viris
1519 3988 1661 4071 legendis

298 4089 326 4136 33
335 4073 368 4135 id
390 4072 517 4155 assequi
538 4073 709 4155 potuisset,
733 4077 827 4139 etiam
850 4078 877 4140 si
899 4079 1048 4162 cupisset.
1091 4080 1160 4141 Non
1183 4079 1268 4140 enim
1289 4099 1358 4142 mea
1380 4080 1479 4161 pratia
1499 4080 1663 4145 familiari·

335 4166 451 4229 tatibus
471 4166 668 4241 continetur,
698 4188 780 4250 quae
807 4169 870 4233 late
893 4180 1001 4254 patere
1023 4191 1088 4234 non
1110 4181 1261 4254 possunt,
1291 4181 1456 4255 propterea
1477 4174 1564 4255 quod
1586 4194 1661 4237 cou-

334 4260 519 4338 suetudines
547 4262 647 4323 rictus
678 4280 744 4323 non
765 4273 897 4347 possunt
919 4285 988 4327 esse
1011 4286 1082 4328 eum
1104 4266 1227 4340 multis3
1256 4265 1310 4328 sed
1333 4267 1359 4327 31
1383 4266 1459 4349 quid
1481 4285 1660 4348 possumus,

335 4374 375 4417 ex
397 4373 436 4417 eo
459 4373 642 4437 possumus,
666 4354 753 4437 quod
775 4376 826 4420 res
848 4358 978 4440 publica
999 4379 1057 4421 nos
1072 4360 1237 4422 coniunxit
1257 4380 1328 4422 cnm
1349 4359 1458 4421 bonis:
1480 4379 1521 4422 ex
1543 4362 1660 4443 quibus

333 4447 388 4511 ille
418 4467 490 4510 cnm
512 4447 650 4530 optimos
674 4451 759 4512 viros
788 4449 907 4532 legeret
928 4451 1027 4534 idque
1049 4453 1186 4515 maxime
1211 4453 1250 4515 ad
1276 4450 1369 4516 [idem
1390 4471 1478 4517 suam
1500 4456 1660 4536 pertinere

296 4541 552 4615 etmbitraretur,
581 4560 646 4604 non
674 4543 778 4623 potuit
804 4542 908 4626 legere
938 4564 1004 4607 non
1033 4546 1191 4608 studiosos
1213 4547 1286 4609 mei.
1329 4543 1380 4608 11.
1403 4546 1498 4621 Quod
1521 4567 1596 4609 vero
1617 4555 1660 4621 te,

334 4636 368 4698 L.
391 4634 526 4707 Domiti,
547 4633 623 4725 huic
645 4635 824 4717 quaestioni
845 4657 994 4720 praeesse
1016 4638 1154 4701 maxime
1168 4638 1287 4713 voluit,
1309 4639 1388 4703 nihil
1403 4639 1558 4721 quaesivit
1571 4638 1659 4702 aliud

333 4730 393 4793 nisi
415 4727 585 4800 iustitiam,
607 4727 807 4809 gravitatem,
830 4731 1076 4805 humanitatem,
1100 4728 1203 4794 lidem.
1236 4732 1323 4794 Tulit
1342 4741 1377 4795 ut
1392 4732 1588 4795 consularem
1603 4751 1661 4795 ne·

334 4844 422 4890 33333
445 4830 545 4894 33331,
567 4823 680 4896 credo,
702 4825 787 4906 quod
809 4824 988 4909 principum
1011 4846 1125 4887 munus
1148 4845 1218 4888 esse
1239 4824 1373 4888 ducebat
1394 4827 1539 4888 resistere
1562 4832 1593 4887 et
1614 4824 1659 4887 le-

332 4918 419 4982 vitati
446 4914 658 4979 multitudinis
688 4924 720 4979 et
749 4918 942 4999 perditorum
966 4920 1144 4983 temeritati.
1177 4920 1226 4982 Ex
1248 4919 1465 4983 consularibus
1488 4927 1518 4981 te
1541 4920 1661 4983 creavit

387 5196 699 5264 1131331131333133311-
718 5201 809 5246 scorta
821 5198 840 5247 T
852 5222 880 5233 -
899 5197 922 5246 ei
938 5198 1000 5248 TE:
1020 5211 1073 5248 om.
1087 5199 1131 5248 so
1143 5224 1168 5234 -
1187 5198 1212 5247 1.
1229 5198 1358 5259 pompeius
1373 5198 1453 5248 TES:
1473 5198 1517 5248 cu.
1530 5199 1659 5261 Pompeius

332 5278 352 5327 0
370 5278 469 5338 terrore
486 5273 600 5339 typogr.)
622 5296 648 5308 —
668 5272 692 5322 6.
710 5271 771 5336 ipso]
789 5272 832 5322 itio
848 5274 868 5323 Τ
887 5300 914 5310 -
933 5273 957 5323 8.
976 5272 1013 5336 33]
1030 5273 1053 5322 ei
1069 5274 1088 5322 Τ
1107 5298 1134 5308 -
1153 5272 1277 5322 cecidisset
1293 5273 1314 5323 Ε
1332 5299 1358 5308 -
1379 5274 1419 5323 to.
1435 5274 1575 5335 poenienda
1591 5275 1659 5336 Pey-

331 5365 426 5403 ronus:
443 5349 591 5413 poenitendo
602 5349 635 5405 T;
650 5347 779 5410 puniendo
796 5348 865 5398 Eso
879 5375 905 5384 -
922 5348 1027 5408 proinde
1038 5347 1117 5396 TES:
1135 5347 1237 5408 perinde
1249 5348 1269 5397 0
1283 5373 1309 5382 —
1330 5348 1369 5396 11.
1382 5351 1544 5410 poeticarum
1555 5351 1658 5412 Peyro-

331 5438 396 5477 nus:
413 5425 577 5488 poeniendum
589 5424 623 5483 Ei
638 5423 791 5486 puniendum
803 5423 874 5473 Tso
885 5450 912 5460 -
926 5423 1002 5472 313111
1011 5421 1152 5471 1333133331
1167 5448 1194 5458 -
1209 5422 1324 5483 Quotiens
1334 5422 1394 5473 TE:
1415 5425 1513 5485 Quoties
1523 5425 1542 5474 E
1557 5449 1582 5460 -
1597 5437 1657 5487 erpo

331 5502 351 5551 l'
369 5527 396 5537 -
420 5498 460 5550 11.
477 5499 592 5548 3313313
608 5511 666 5547 meo
683 5510 736 5548 om.
755 5497 799 5547 TS
817 5523 844 5533 -
870 5498 908 5547 15.
928 5497 1077 5559 mulionem
1095 5495 1143 5545 TE
1161 5521 1188 5530 —
1217 5497 1257 5546 16.
1275 5497 1444 5561 31333313
1462 5524 1489 5533 -
1517 5501 1556 5548 11.
1575 5512 1657 5560 oeque

330 5575 415 5626 ocimo
430 5575 496 5637 terre
512 5587 582 5623 nemo
599 5574 633 5623 T:
651 5585 723 5623 3333
739 5583 819 5633 nequo
835 5572 921 5635 331333
936 5572 1004 5634 {erre
1019 5571 1056 5620 E:
1074 5583 1154 5632 33333
1170 5571 1254 5620 331333
1270 5572 1423 5635 3333313333
1439 5574 1517 5624 SO—
1536 5576 1577 5625 11.
1593 5588 1657 5636 pro·

328 5651 405 5714 fecto,
422 5661 473 5698 333
488 5648 537 5712 [uit
552 5647 709 5710 Madvigius:
728 5647 840 5709 protecto
855 5661 905 5696 333
921 5647 969 5708 sitit
986 5646 1047 5695 0-
1066 5645 1107 5694 11.
1126 5646 1288 5708 quaestiorem
1304 5646 1368 5696 Τ-
1384 5646 1424 5697 13.
1443 5648 1514 5697 ilium
1529 5648 1575 5698 ridi
1591 5649 1653 5698 TE:

329 5725 375 5775 ribi
391 5724 461 5772 iilum
477 5723 511 5782 0;
529 5722 574 5773 sibi
591 5735 644 5772 om.
663 5723 680 5772 S
699 5748 726 5759 -
748 5722 789 5771 17.
807 5734 841 5771 em
857 5721 939 5770 TES:
963 5721 1058 5770 30-
1078 5719 1118 5770 18.
1136 5721 1229 5770 amicos
1244 5722 1426 5770 meos--virrs
1441 5721 1548 5786 tepeedis
1564 5734 1616 5771 om.
1636 5724 1656 5773 T

333 5827 359 5836 -
379 5797 420 5848 et.
434 5803 569 5860 propterea
590 5798 768 5860 quod--eum
786 5795 871 5845 3331113
887 5807 983 5859 sapere
1000 5793 1123 5846 ridentur
1139 5793 1261 5847 sedulum
1278 5797 1461 5847 annotatorem
1477 5797 1556 5847 Baldo
1572 5796 1654 5847 83131.

330 5873 452 5937 lippeam.
470 5873 517 5935 lV,
535 5886 563 5939 p.
581 5871 639 5923 190.
658 5897 685 5908 -
705 5869 746 5921 31.
764 5869 905 5921 31133333.
924 5869 953 5921 T.
