3800 7350
701 1200 774 1269 sn.
796 1202 941 1267 v-vn.
969 1200 1015 1287 §s
1037 1149 1183 1271 ref-es.
1516 1204 1599 1275 sssc
1711 1289 1713 1296 ¹

279 1371 375 1435 belli:
397 1371 453 1455 qui
475 1391 551 1435 vero
572 1371 673 1435 victor
693 1372 780 1454 pacis
801 1380 945 1437 auctores
968 1374 1085 1457 diligit,
1106 1378 1134 1438 is
1155 1375 1296 1457 prolecto
1318 1377 1456 1442 declarat
1477 1398 1512 1442 se
1533 1399 1598 1444 ma·

281 1467 378 1529 luisse
400 1486 466 1529 non
488 1465 638 1529 dimicare
660 1486 755 1549 quam
775 1467 911 1530 vincere.
954 1467 1006 1530 Vl.
1029 1464 1079 1530 46.
1098 1470 1202 1553 Atque
1223 1471 1316 1535 huius
1338 1472 1468 1555 quidem
1488 1472 1534 1535 rei
1556 1474 1599 1535 bl.

281 1561 431 1624 Marcello
460 1582 530 1625 sum
557 1561 663 1624 testis:
692 1562 792 1623 nostri
821 1560 904 1623 enim
934 1580 1046 1624 sensus
1074 1569 1110 1625 ut
1131 1563 1165 1624 in
1185 1583 1263 1646 pace
1294 1583 1437 1647 semper,
1464 1565 1511 1628 sic
1532 1573 1599 1629 tum

282 1654 377 1718 etiam
405 1654 439 1717 in
467 1654 551 1717 bello
578 1654 801 1737 congruebant.
844 1653 1000 1728 Quotiens
1027 1674 1086 1736 ego
1110 1674 1181 1718 eum
1204 1664 1236 1719 et
1258 1667 1376 1740 quanto
1398 1658 1600 1723 cumdolore

280 1747 345 1812 vidi
367 1769 439 1813 eum
462 1748 662 1812 insolentiam
683 1755 840 1811 certorum
860 1748 1038 1823 hominum,
1060 1757 1126 1811 turn
1148 1750 1243 1812 etiam
1266 1751 1366 1834 ipsius
1383 1752 1534 1815 victoriae
1555 1752 1623 1818 fea

281 1843 444 1906 recitatem
467 1842 740 1906 extimescentem!
771 1841 843 1917 Quo
865 1844 982 1923 gratior
1002 1850 1057 1904 tua
1079 1842 1268 1919 liberalitas,
1291 1844 1324 1924 Q.
1347 1845 1477 1919 Caesar,
1498 1846 1601 1921 nobis,

282 1935 337 2019 qui
360 1936 416 2001 illa
436 1936 588 2011 vidimus,
622 1935 717 1997 debet
737 1955 823 1998 esse:
853 1955 917 1998 non
939 1937 1024 1999 enim
1044 1938 1107 1999 iam
1130 1956 1243 2000 causae
1265 1947 1339 2002 sunt
1359 1940 1443 2002 inter
1463 1959 1514 2014 se,
1544 1938 1601 2003 sed

281 2030 432 2093 victoriae
461 2030 698 2112 comparandae.
746 2023 795 2090 47.
819 2030 963 2092 Vidimus
993 2037 1079 2096 tuam
1110 2031 1270 2094 victoriam
1298 2033 1490 2115 proeliomm
1513 2033 1602 2097 exitu

280 2123 496 2188 terminatam:
518 2124 657 2206 gladium
679 2124 793 2206 vagina
814 2143 947 2187 vacuum
968 2124 1001 2185 in
1024 2123 1101 2186 urbe
1123 2144 1188 2186 non
1207 2124 1351 2189 vidimus.
1385 2126 1474 2201 Quos
1495 2126 1602 2188 amisi·

282 2236 351 2282 mus
373 2217 477 2291 cives,
498 2236 553 2280 eos
575 2216 682 2279 blattis
705 2217 751 2279 ris
773 2216 920 2299 perculit,
942 2237 1006 2282 non
1028 2218 1073 2280 ira
1093 2218 1258 2292 victoriae,
1280 2226 1317 2281 ut
1331 2219 1474 2282 dubitare
1489 2217 1603 2282 debeat
1611 2237 1638 2283 44

281 2330 382 2376 nemo
399 2312 476 2394 quin
498 2310 631 2384 multos,
660 2310 686 2372 si
707 2310 777 2373 fieri
799 2319 922 2392 posset,
945 2311 978 2375 C.
1003 2313 1118 2376 Caesar
1139 2313 1179 2376 ab
1201 2312 1309 2377 inferis
1332 2316 1499 2387 excitaret,
1523 2334 1603 2397 quo-

281 2404 367 2469 niam
396 2425 438 2467 ex
466 2404 575 2469 eadem
604 2406 672 2468 acie
702 2412 870 2467 conservat
890 2425 971 2488 quos
992 2413 1107 2488 potest.
1150 2406 1288 2470 Alterius
1309 2428 1384 2472 vero
1405 2407 1501 2491 partis
1522 2406 1602 2470 nibil

281 2499 416 2583 amplius
438 2498 539 2561 dicam
562 2516 674 2581 quam,
702 2497 734 2560 id
764 2497 850 2581 quod
872 2517 982 2562 omnes
1002 2498 1204 2573 verebamur,
1234 2500 1328 2563 nimis
1349 2499 1533 2566 iracundam
1553 2498 1603 2561 iu·

282 2603 385 2657 turam
406 2592 505 2655 fuisse
527 2591 715 2654 victoriam*
743 2586 794 2653 48.
818 2590 954 2666 Quidam
976 2595 1060 2656 enim
1075 2613 1138 2656 non
1153 2594 1248 2657 modo
1262 2596 1405 2669 armatis,
1428 2592 1484 2657 sed
1506 2593 1603 2656 inter-

282 2689 357 2752 dum
379 2688 474 2751 etiam
495 2685 603 2749 otiosis
624 2686 838 2758 minabantur,
859 2704 918 2748 nec
941 2687 1019 2769 quid
1035 2687 1171 2771 quisque
1193 2689 1353 2764 sensisset,
1376 2688 1431 2753 sed
1450 2686 1505 2749 ubi
1523 2685 1603 2751 suis·
1612 2707 1639 2754 44

282 2791 347 2860 set,
369 2782 570 2865 cogitandum
592 2799 662 2842 esse
684 2779 845 2853 dicebant,
865 2787 901 2842 nt
920 2779 998 2843 mibi
1021 2780 1151 2864 quidem
1164 2781 1331 2845 videantur
1345 2782 1378 2845 di
1399 2780 1603 2856 immortales,

282 2880 376 2944 etiam
399 2877 426 2939 si
447 2893 565 2958 poenas
587 2893 606 2936 a
627 2874 744 2957 populo
760 2874 900 2937 Romano
922 2874 962 2937 ob
983 2875 1114 2958 aliquod
1129 2874 1278 2938 delictum
1295 2875 1526 2958 expetiverunt,
1549 2874 1602 2956 qui

283 2970 376 3036 civile
397 2968 515 3034 bellum
537 2976 659 3031 tantum
681 2976 713 3030 et
734 2976 797 3031 tam
818 2968 997 3032 luctuosum
1012 2970 1246 3043 excitaverunt,
1268 2970 1318 3033 vel
1340 2969 1453 3053 placati
1476 2970 1538 3032 iam
1552 2968 1602 3031 vel

282 3067 385 3131 satiati
408 3064 581 3148 aliquando
603 3082 729 3126 omnem
751 3082 838 3144 spem
862 3062 972 3125 salutis
994 3063 1033 3125 ad
1056 3062 1254 3125 clementiam
1275 3063 1401 3127 victoris
1424 3070 1457 3126 et
1477 3062 1602 3144 sapien·

281 3160 357 3222 tiam
379 3157 559 3220 contulisse.
1610 3178 1639 3225 m

366 3248 416 3315 49.
439 3251 546 3327 Quare
567 3250 670 3332 gaude
692 3257 745 3313 tuo
767 3250 829 3312 isto
851 3256 915 3312 tam
937 3247 1105 3311 excellenti
1127 3248 1213 3310 bono
1228 3257 1260 3312 et
1274 3248 1378 3312 fruere
1393 3269 1463 3312 cum
1478 3248 1603 3316 fortuna

281 3355 314 3412 et
336 3347 453 3431 gloria,
483 3352 550 3407 tum
572 3344 667 3407 etiam
690 3353 800 3407 natura
821 3350 853 3405 et
873 3342 1013 3405 moribus
1037 3343 1115 3416 tuis,
1145 3362 1185 3404 ex
1208 3363 1272 3426 quo
1295 3343 1423 3426 quidem
1445 3344 1602 3407 maximus

284 3451 332 3507 est
353 3440 471 3502 finctus
493 3438 736 3521 iucunditasque
756 3436 901 3518 sapienti.
934 3435 1046 3498 Cetera
1061 3457 1132 3498 cum
1148 3446 1202 3500 tua
1215 3437 1439 3512 recordabere,
1460 3438 1518 3500 etsi
1532 3457 1603 3522 per·

281 3554 375 3617 saepe
396 3532 521 3606 virtuti,
543 3540 647 3595 tamen
670 3531 857 3615 plerumque
872 3528 1014 3593 felicitati
1029 3537 1101 3593 tuae
1117 3531 1330 3611 gratulabere:
1352 3530 1392 3593 de
1407 3532 1510 3605 nobis,
1524 3551 1602 3613 quos

280 3630 314 3693 in
345 3648 380 3691 re
406 3626 533 3709 publica
555 3633 657 3689 tecum
680 3624 773 3689 simul
796 3644 864 3688 esse
887 3624 1032 3699 voluisti,
1061 3625 1209 3708 quotiens
1231 3624 1398 3709 cogitabis,
1424 3626 1539 3690 totiens
1562 3625 1640 3698 ders

282 3722 428 3787 maximis
452 3720 513 3783 tuis
534 3717 712 3793 benefieiis,
734 3720 850 3782 totiens
872 3719 911 3782 de
933 3718 1106 3782 incredibili
1128 3719 1331 3795 liberalitate,
1352 3723 1465 3784 totiens
1485 3721 1523 3783 de
1538 3721 1603 3783 sin·

282 3816 383 3900 gulari
413 3813 571 3894 sapientia
599 3812 770 3894 cogitabis:
799 3832 880 3896 quae
902 3832 967 3876 non
989 3813 1084 3877 modo
1106 3834 1227 3877 sumum
1247 3813 1347 3889 bona,
1377 3814 1432 3877 sed
1455 3814 1601 3877 nimirum

282 3909 406 3975 audebo
428 3907 479 3971 vel
502 3907 571 3970 sola
592 3906 707 3970 dicere.
743 3908 861 3971 Tantus
883 3915 931 3970 est
953 3908 1035 3969 enim
1064 3907 1214 3990 splendor
1234 3910 1266 3972 in
1290 3909 1381 3971 laude
1403 3927 1494 3981 vera,
1516 3915 1601 3971 4444444
1683 3940 1685 3945 ·

281 4007 316 4069 in
337 4001 551 4085 magnitudine
572 4001 668 4064 animi
691 4008 725 4063 et
744 4000 868 4064 consilii
895 4002 1045 4082 dignitas,
1066 4011 1102 4063 ut
1122 4001 1200 4065 baec
1222 4022 1240 4065 a
1261 4002 1374 4066 virtute
1396 4001 1528 4075 donata,
1550 4020 1601 4063 ce·

280 4107 348 4163 tera
369 4116 388 4161 a
408 4096 535 4159 fortuna
557 4096 755 4160 commodata
776 4114 845 4157 esse
860 4096 1035 4158 videantur.
1071 4092 1122 4156 20.
1136 4095 1207 4156 Noli
1223 4096 1319 4178 igitur
1332 4095 1365 4156 in
1380 4095 1636 4165 conservandisso

281 4192 373 4255 bonis
404 4189 481 4252 viris
511 4189 693 4272 defetigari,
725 4208 789 4252 non
822 4187 995 4271 eupiditate
1024 4188 1210 4269 praesertim
1239 4189 1345 4271 aliqua
1372 4197 1427 4252 aut
1447 4188 1600 4271 pravitate

281 4285 398 4367 lapsis,
420 4284 477 4347 sed
498 4284 647 4367 opinione
669 4279 762 4346 officii
786 4282 880 4345 stulta
901 4280 1051 4354 tortasse,
1072 4289 1155 4343 certe
1178 4300 1242 4342 non
1262 4281 1422 4363 improba,
1444 4290 1476 4345 et
1495 4283 1600 4364 specie

281 4380 416 4465 quadam
438 4379 486 4442 rei
506 4378 670 4462 publicae3
698 4396 763 4439 non
786 4375 869 4439 enim
891 4384 944 4437 tua
966 4374 1031 4436 ulla
1053 4375 1144 4457 culpa
1166 4382 1230 4448 est,
1260 4375 1286 4437 si
1315 4383 1346 4437 te
1368 4375 1466 4458 aliqui
1489 4375 1601 4438 timue·

281 4481 372 4548 runt,
394 4480 567 4554 contraque
588 4490 710 4534 summa
732 4470 811 4543 laus,
833 4468 918 4552 quod
939 4467 1067 4530 minime
1090 4468 1262 4530 timendum
1284 4467 1381 4532 fnisse
1403 4477 1578 4533 senserunt.

365 4567 432 4629 Vll.
456 4560 507 4633 24.
528 4567 617 4627 Nunc
639 4563 732 4628 venio
754 4562 793 4626 ad
815 4561 1031 4646 gravissimam
1052 4561 1223 4644 querellam
1246 4569 1276 4626 et
1299 4563 1524 4628 atrocissimam
1548 4585 1637 4634 suas

349 4846 373 4894 4.
393 4847 508 4894 44444444
521 4841 592 4904 pocta
608 4842 633 4892 44
647 4868 674 4879 -
692 4841 780 4905 diligo]
798 4843 826 4891 ln
844 4840 894 4889 hac
910 4851 977 4888 voce
994 4838 1120 4888 desinitT
1132 4864 1159 4873 -
1178 4839 1295 4888 4444444444
1309 4852 1335 4889 rs
1351 4840 1401 4891 ru
1415 4868 1441 4878 -
1459 4842 1484 4891 2.
1497 4844 1532 4893 u.
1545 4856 1599 4895 om.

282 4920 342 4971 (ΞΕι
363 4944 388 4955 -
408 4917 433 4970 4.
451 4917 478 4967 in
495 4916 556 4967 bello
571 4929 667 4979 occuper
683 4915 851 4979 coogmeboot
867 4915 885 4964 F
903 4941 931 4951 -
950 4914 1049 4975 Quoties
1065 4914 1098 4971 0;
1120 4915 1159 4964 sic
1176 4917 1203 4964 et
1218 4916 1289 4965 toties
1303 4914 1412 4979 ubique.
1432 4943 1459 4952 -
1478 4918 1503 4966 e.
1520 4923 1602 4967 certo-

231 5030 236 5047 .
280 5009 339 5046 rano
356 4994 465 5044 E¹Flsz
483 4998 620 5043 ceterorum
637 4991 698 5042 GE‘
716 5017 743 5028 —
762 4991 786 5040 6.
805 4990 938 5041 libertati
958 5015 985 5026 -
1012 4991 1036 5038 7.
1053 4988 1124 5038 4444444
1140 4988 1189 5038 GE
1207 5015 1234 5024 -
1253 4991 1304 5040 iam
1321 4991 1339 5040 l·
1355 4994 1383 5040 et
1399 4992 1459 5041 cod.
1477 4991 1601 5044 ambros.

281 5069 492 5133 antiquissimus:
517 5074 570 5118 44444
585 5069 623 5123 444
647 5079 701 5130 opi.
721 5067 769 5117 GE
788 5092 816 5102 -
838 5066 877 5114 40.
893 5064 996 5126 pertudit
1012 5065 1031 5113 G
1051 5089 1078 5098 —
1097 5063 1137 5113 43.
1156 5065 1211 5113 dico
1228 5064 1280 5115 ΡΜ
1295 5092 1329 5102 -
1343 5066 1457 5128 suarem
1471 5066 1603 5116 4444444444

281 5158 331 5196 esse
347 5145 379 5203 F;
395 5144 510 5207 futuram
524 5143 657 5192 uictoriam
673 5141 782 5203 (omisso
799 5138 933 5200 infinitivo)
946 5140 972 5188 44
986 5165 1013 5174 -
1033 5137 1072 5188 44.
1091 5140 1186 5189 annoti
1197 5139 1313 5190 --ots'osi
1329 5141 1354 5191 44
1367 5166 1394 5176 -
1414 5142 1453 5190 44,
1470 5141 1523 5204 nee]
1540 5140 1601 5192 neE

281 5249 314 5259 -
332 5221 372 5270 46.
391 5220 426 5269 dit
443 5218 534 5269 CO·
553 5219 593 5268 t8.
612 5218 699 5267 44444444
716 5221 739 5266 44
754 5221 852 5265 motum
868 5216 885 5264 F
905 5240 931 5250 -
950 5214 1114 5264 melanem
1130 5214 1189 5263 cod.
1203 5215 1304 5265 Faerni.
1315 5240 1342 5250 -
1361 5215 1402 5265 24.
1420 5217 1466 5266 isto
1482 5223 1524 5266 too
1541 5218 1602 5266 F·-

280 5297 321 5346 22.
339 5293 555 5345 tmnetiomcum
577 5293 739 5343 noturoFbt
758 5316 785 5327 -
807 5303 841 5339 ec
863 5287 949 5351 ouibus
970 5289 1020 5338 Fbl
1040 5314 1067 5323 -
1090 5289 1257 5350 guidonem.
1276 5291 1347 5339 44-
1370 5292 1412 5340 24.
1430 5295 1510 5340 4444444
1530 5290 1604 5340 44444444

281 5367 353 5420 GE¹:
372 5372 452 5419 44444444
468 5370 551 5419 sotum
566 5365 670 5423 E²Fbl;
690 5372 769 5416 tecum
785 5364 954 5414 simulantem
970 5364 1031 5411 0-
1050 5365 1227 5426 2444ρί444444
1243 5365 1310 5415 GE:
1328 5367 1451 5428 4444444444
1467 5371 1512 5416 suo
1529 5367 1602 5417 FMO

282 5471 309 5480 -
335 5443 376 5493 28.
394 5443 441 5507 cel]
458 5444 538 5494 tibiE
558 5468 585 5480 —
612 5448 646 5492 cst
663 5455 715 5492 om.
735 5441 813 5491 GFbl
834 5467 866 5476 -
891 5440 946 5488 ueri
969 5439 986 5487 F
1009 5465 1036 5475 -
1062 5438 1103 5487 30.
1122 5439 1180 5488 44444
1201 5440 1401 5503 igitur-werla
1418 5455 1468 5491 oon
1489 5441 1605 5504 improbo

284 5520 361 5570 atiert
378 5521 484 5571 Servius
501 5518 536 5568 ad
552 5515 648 5580 Vergil.
667 5520 731 5566 Aen.
750 5518 775 5575 4,
794 5514 850 5565 448.
871 5540 897 5549 -
916 5513 944 5562 io
960 5515 1128 5563 commando
1144 5516 1162 5564 s
1176 5541 1209 5552 -
1228 5515 1269 5565 34.
1286 5517 1348 5566 ciris
1363 5515 1431 5566 bonta
1447 5518 1498 5569 Fbl
1515 5543 1542 5554 -
1560 5518 1604 5567 444-

280 5595 427 5658 fulguriti:
446 5593 557 5657 44444444
573 5589 623 5649 bl¹;
641 5591 775 5653 defatigari
792 5589 910 5640 4444440
926 5616 959 5625 -
976 5589 1064 5650 aliquo
1080 5596 1125 5640 aot
1140 5591 1298 5653 4444444440
1312 5594 1338 5642 et
1349 5592 1467 5642 Servius:
1485 5597 1531 5641 4444
1542 5604 1605 5653 pro·

283 5670 358 5718 vitate
375 5669 463 5728 aliquo
480 5670 541 5717 0-
560 5667 600 5717 32.
618 5667 702 5728 stulta]
717 5666 783 5729 salsa
800 5666 905 5715 servius
922 5662 979 5726 (sed
996 5663 1056 5713 cod.
1072 5664 1154 5726 444444).
1171 5691 1197 5702 -
1216 5670 1239 5715 44
1255 5679 1309 5716 om.
1327 5666 1376 5716 Fu
1394 5692 1422 5702 -·
1439 5665 1605 5730 specialioris

284 5744 318 5803 F;
335 5744 390 5806 soce
405 5745 430 5795 44
448 5768 475 5779 -
496 5742 535 5792 33.
554 5743 629 5804 culpa
644 5747 688 5791 tuo
704 5741 757 5790 44444
774 5742 805 5800 F;
824 5746 868 5790 4444
885 5740 959 5801 4444444
974 5739 1027 5788 ullo
1043 5740 1083 5797 bl,
1101 5745 1146 5789 4444
1161 5740 1235 5803 culpo
1252 5740 1388 5805 (omullo)
1406 5741 1462 5789 S-
1481 5737 1521 5790 34.
1540 5742 1606 5802 quod

283 5817 324 5867 C:
344 5816 613 5880 4444444444ωο-
632 5816 672 5865 35.
690 5816 842 5866 NoocCS:
860 5813 1084 5866 4444444444·οο-
1103 5816 1295 5877 medunco
1314 5843 1340 5855 -·
1358 5814 1604 5878 444444444444444444

283 5890 1185 5957 4444444444αωῖ-444444444444444444,4444444444444444444444.
