3800 7350
305 1168 388 1237 llll
545 1171 697 1237 ORATIO
718 1170 853 1236 PRIDIE
877 1169 992 1247 Quau
1013 1170 1055 1233 IN
1076 1167 1275 1233 EXSlLIUld
1294 1167 1389 1232 llius

305 1352 354 1409 est
383 1365 437 1409 eos
465 1343 613 1429 praemiis
643 1341 721 1405 meis
747 1340 907 1416 invidere,
934 1340 991 1424 qui
1013 1340 1131 1403 virtute
1156 1343 1278 1401 certare
1299 1337 1491 1413 noluerant,
1523 1353 1584 1399 eos
1614 1332 1651 1395 in

305 1438 541 1503 contentionem
562 1436 671 1499 venire
692 1434 841 1510 honoris,
866 1434 922 1519 qui
945 1430 1059 1497 officiis
1081 1452 1116 1495 se
1145 1431 1289 1514 superari
1310 1432 1417 1495 animo
1439 1428 1651 1513 aequissimo

304 1533 466 1597 tulerunt?
489 1532 522 1595 si
544 1528 648 1593 dulcis
664 1537 712 1593 est
730 1528 847 1611 gloria,
871 1546 1067 1611 consequere
1081 1526 1246 1601 virtutem3
1269 1524 1334 1589 noli
1347 1525 1487 1589 abiicere
1503 1524 1649 1596 labores,

304 1626 447 1709 ’spetere
461 1625 632 1688 honorem:
654 1623 808 1686 honorem
824 1622 919 1685 dicol
940 1622 1039 1684 immo
1054 1639 1129 1683 vero
1149 1618 1275 1694 famam,
1296 1617 1450 1693 fortunas,
1471 1617 1647 1690 familiam,

284 1719 436 1794 oliberes,
459 1725 570 1801 caput,
594 1737 725 1800 corpus,
747 1717 852 1799 ipsum
874 1715 1014 1800 denique
1036 1714 1222 1797 sanguinem
1243 1720 1339 1795 atque
1361 1714 1511 1775 animam.
1552 1709 1645 1774 Cedo

303 1811 422 1875 invitus
445 1810 485 1875 de
507 1831 541 1874 re
563 1809 706 1894 publica;
730 1808 809 1873 cedo
833 1830 1005 1893 oppressus
1028 1808 1068 1872 de
1090 1809 1233 1882 fortuna,
1256 1807 1297 1869 de
1312 1805 1483 1890 dignitate;
1507 1803 1644 1867 discedo

304 1906 343 1968 ab
365 1926 399 1968 re
422 1905 550 1987 publica
571 1906 673 1968 victus
694 1905 826 1967 audacia
848 1904 1010 1967 malorum.
1055 1900 1085 1965 8.
1107 1902 1214 1966 Liceat
1236 1920 1379 1975 manere,
1409 1900 1437 1964 si
1459 1919 1527 1964 non
1547 1898 1642 1961 illum

302 1999 345 2061 hl.
367 1997 523 2073 Tullium,
554 1997 718 2062 custodem
748 1997 853 2072 urbis,
885 1996 1084 2062 defensorem
1111 1997 1270 2070 omnium,
1299 2004 1421 2078 patrem
1442 1993 1587 2079 patriae,
1609 1999 1642 2055 at

304 2098 388 2155 certe
410 2090 562 2174 reliquias
584 2091 697 2167 Tullii3
719 2092 812 2155 liceat
833 2092 866 2154 in
890 2098 1064 2173 conspectu
1085 2090 1218 2165 civium,
1239 2091 1273 2153 in
1290 2090 1351 2153 hac
1364 2090 1458 2163 urbe,
1481 2107 1583 2171 quam
1599 2105 1641 2149 ex

268 2183 533 2269 toparrioidarum
559 2183 706 2249 faucibus
733 2185 865 2271 eripuit,
894 2203 1076 2259 remanere,
1103 2192 1187 2247 tecta
1208 2186 1368 2258 omnium,
1396 2182 1469 2246 iana
1490 2181 1639 2255 deorum,

304 2278 483 2342 universam
512 2277 622 2342 videre
651 2279 784 2360 periculi
813 2278 831 2313 ⁴*
844 2276 862 2313 *
886 2279 1061 2352 civitatem3
1091 2276 1184 2341 liceat
1204 2295 1245 2340 ex
1267 2276 1328 2341 hac
1350 2278 1474 2340 llamma
1496 2276 1639 2350 evolare,

304 2372 488 2455 pracsertim
520 2371 577 2455 qui
605 2370 685 2434 illud
713 2371 846 2455 impium
874 2372 1059 2436 incendium
1089 2367 1284 2453 perditorum
1309 2369 1474 2435 hominum
1495 2370 1641 2435 lacrimis

305 2466 411 2548 potius
433 2465 512 2528 meis
535 2484 630 2547 quam
644 2474 750 2528 vestro
774 2466 927 2549 sanguine
948 2465 1102 2546 restingui
1118 2462 1226 2525 malui.
1258 2465 1370 2548 Neque
1384 2466 1466 2528 enim
1484 2484 1544 2548 ego
1560 2473 1639 2547 pcto

304 2566 340 2620 ut
361 2557 439 2619 mihi
462 2555 543 2620 detis
566 2559 677 2633 vitam,
703 2560 760 2622 sed
781 2559 885 2622 datam
909 2567 1019 2642 repeto
1041 2566 1076 2621 ut
1095 2555 1245 2621 reddatis.
1281 2557 1316 2619 si
1337 2558 1524 2622 meministis
1547 2558 1639 2642 quod

268 2650 395 2726 rededi,
418 2670 483 2713 non
505 2651 628 2714 debetis
652 2646 746 2736 [istis]
769 2653 910 2717 oblivisci
933 2652 1108 2716 retribuere
1124 2650 1210 2736 quod
1233 2650 1396 2715 debuistis.
1439 2652 1491 2715 IV.
1511 2647 1542 2713 9.
1558 2652 1640 2726 Vos,

303 2765 361 2809 vos
384 2746 539 2818 obtestor,
568 2743 600 2807 di
628 2745 836 2820 immortales,
867 2748 923 2829 qui
945 2761 1035 2809 meae
1057 2746 1156 2808 menti
1176 2744 1297 2808 lumina
1318 2746 1530 2829 praetulistis,
1562 2766 1639 2809 cum

305 2857 497 2903 consensum
531 2838 670 2901 exstinxi
704 2840 930 2903 coniurationis
963 2859 1131 2923 arcemque
1164 2838 1251 2901 urhis
1278 2839 1429 2902 incendio
1450 2858 1487 2901 sc
1508 2840 1641 2903 bamma

304 2932 438 2996 liberari
460 2933 641 3015 liberosque
662 2941 784 2996 vestros
807 2953 825 2996 a
847 2935 966 3017 granno
988 2941 1021 2997 et
1042 2933 1210 3015 complexu
1232 2941 1365 2996 matrum
1387 2931 1427 2996 sd
1450 2932 1583 2996 caedem
1605 2941 1641 2996 et

305 3046 448 3090 cruorem
476 3045 539 3090 non
567 3047 637 3089 sum
661 3046 772 3111 passus
795 3027 945 3090 abstrahi.
988 3028 1071 3090 Num
1093 3028 1186 3108 igitur
1207 3033 1313 3108 potest
1333 3023 1402 3089 ficri
1424 3046 1443 3089 a
1463 3026 1640 3089 clientibus

267 3127 341 3188 sont
361 3120 511 3204 recipiar,
532 3140 605 3184 cum
627 3140 646 3184 a
669 3120 785 3205 quibus
802 3121 933 3184 debeam
955 3120 1084 3183 retineri
1105 3120 1236 3183 reiicerc
1257 3120 1444 3183 instituenti
1468 3120 1553 3183 Socii
1568 3140 1638 3204 quo

303 3213 442 3297 fugiant,
464 3234 536 3278 cum
557 3212 661 3278 aditus
684 3214 809 3279 custodi
830 3214 1013 3299 praeclusus
1036 3215 1100 3276 siti
1126 3212 1315 3288 Quomodo
1338 3233 1410 3297 spes
1433 3213 1544 3278 salutis
1559 3216 1639 3279 reli·

305 3310 378 3394 quis
398 3308 564 3384 residebit,
586 3328 658 3372 cum
681 3310 800 3373 civibus
822 3310 988 3393 praeclusa
1006 3308 1048 3371 sit
1069 3307 1265 3392 exspectatio
1287 3307 1539 3372 incolumitatis?
1568 3329 1638 3392 pax

305 3413 336 3467 et
354 3402 524 3467 concordia
551 3404 710 3467 extraneis
739 3404 899 3486 gignetur,
921 3423 993 3465 cum
1015 3400 1197 3465 domesticis
1223 3421 1288 3464 non
1310 3399 1465 3475 insidente
1493 3401 1550 3465 sed
1574 3423 1638 3484 pu-

303 3498 387 3561 blice
415 3495 595 3581 providenti
623 3498 796 3579 eripiatur?
839 3492 889 3559 40.
911 3498 990 3559 Nam
1012 3494 1092 3579 quid
1114 3515 1174 3578 ego
1196 3496 1414 3578 improborum
1434 3493 1517 3559 facta
1538 3515 1637 3560 reno·

268 3611 374 3661 sorem
390 3590 544 3667 oratione,
558 3600 595 3655 ut
607 3589 832 3674 redintegratio
845 3591 930 3654 illius
944 3590 1173 3654 coniurationis
1188 3591 1311 3652 animos
1326 3590 1472 3654 vulneret
1485 3594 1635 3653 vestros?

302 3685 465 3750 Auxilium
494 3686 533 3748 ab
555 3685 668 3750 alienis
690 3683 917 3770 efflagitabitis,
943 3706 1015 3749 cum
1037 3686 1123 3749 cives
1146 3684 1321 3749 deseratis?
1352 3685 1517 3748 Sociorum
1540 3686 1636 3750 invo-

303 3798 371 3843 cem
393 3778 586 3856 subsidium,
609 3800 680 3843 cum
702 3800 722 3843 a
744 3780 862 3844 civibus
883 3779 1089 3843 interclusum
1105 3780 1146 3843 sit
1167 3779 1382 3863 praesidium?
1406 3780 1508 3855 Quam
1523 3781 1634 3844 colere

303 3881 428 3957 gentem
450 3892 514 3936 non
535 3873 681 3937 instituit
703 3883 808 3939 utrum
830 3882 936 3937 custos
958 3873 1095 3956 accipiar
1115 3894 1156 3937 an
1178 3882 1214 3936 ut
1236 3873 1382 3957 proditor
1403 3874 1581 3937 excludar?
1603 3877 1633 3939 si

303 3975 339 4029 ut
360 3974 576 4042 conservator,
599 3975 704 4031 vestra
725 3969 785 4031 erit
806 3967 999 4051 ignominia3
1027 3969 1053 4030 si
1075 3974 1110 4031 ut
1131 3976 1349 4051 oppugnator,
1372 3969 1513 4051 praecisa
1536 3976 1633 4032 erunt

265 4061 419 4131 soomnia.
459 4062 569 4144 ltaque
600 4061 687 4144 quod
714 4063 824 4146 putavi
851 4061 920 4125 fore
949 4061 1119 4144 gaudium,
1146 4061 1180 4124 id
1206 4062 1328 4126 exstitit
1355 4064 1463 4126 exitio.
1507 4059 1558 4126 ll.
1581 4064 1632 4139 Si,

303 4155 459 4230 Quirites,
488 4152 624 4218 eundem
652 4155 685 4217 in
715 4163 890 4218 ceterorum
912 4154 1061 4237 periculis
1084 4154 1271 4218 haberemus
1293 4153 1448 4232 animum,
1478 4177 1575 4242 quem
1596 4159 1632 4220 in

301 4250 417 4312 nostris
448 4246 702 4324 difficultatibus,
730 4257 762 4312 et
789 4269 846 4332 pro
869 4249 1126 4312 innocentissimo
1149 4269 1277 4334 quoque
1298 4270 1498 4334 propugnare
1518 4259 1552 4314 et
1573 4271 1633 4314 no-

301 4344 517 4406 centissimum
548 4362 707 4427 quemque
736 4361 920 4426 oppugnare
949 4341 1041 4405 nobis
1067 4341 1270 4406 utilissimum
1297 4363 1367 4409 esse
1388 4345 1631 4421 arbitraremur3

300 4442 333 4498 et
355 4436 381 4499 si
404 4456 475 4498 cnm
498 4438 608 4520 optimi
630 4438 786 4520 cuiusque
815 4436 908 4500 rebus
930 4436 1071 4501 adversis
1094 4445 1234 4501 nostram
1255 4438 1404 4514 salutem,
1429 4458 1503 4503 cum
1523 4439 1632 4503 deter-

366 4735 390 4783 t.
410 4747 450 4784 eor
470 4735 667 4784 in--tnternnt
687 4746 741 4785 om.
760 4737 781 4785 G
805 4762 832 4772 -
854 4738 879 4787 2.
898 4738 983 4787 animo
1004 4740 1153 4801 mairinac
1175 4741 1234 4789 PS:
1257 4740 1406 4802 cacumine
1428 4741 1514 4790 cninro
1530 4741 1580 4791 EO
1600 4768 1627 4778 -

299 4809 322 4859 3.
342 4810 435 4863 obtuto
456 4812 475 4860 P
492 4822 568 4860 erasa
590 4807 685 4860 lincoln
708 4823 791 4873 super
807 4809 854 4861 litt.
873 4825 887 4861 e
905 4839 933 4849 -
952 4812 1085 4864 obicerec
1105 4841 1132 4851 -
1155 4811 1254 4866 neore.
1273 4818 1293 4866 Ρ
1309 4812 1413 4878 (lineola
1429 4815 1534 4865 videtur
1551 4829 1566 4865 a
1583 4830 1632 4866 re·

299 4885 417 4934 centiore
439 4882 487 4944 m.)
510 4911 538 4921 —
566 4884 590 4937 t.
609 4891 692 4947 petere
713 4885 802 4935 Pus:
823 4891 879 4948 pete
896 4889 929 4941 G;
954 4890 1059 4949 perdere
1075 4890 1096 4938 0
1115 4916 1142 4927 -
1165 4890 1271 4952 samm]
1290 4890 1401 4952 somnone
1422 4890 1494 4946 Est
1508 4889 1571 4940 vide
1594 4890 1631 4941 ad

297 4973 324 5024 p.
344 4959 422 5022 4304,
442 4962 465 5009 4.
486 4984 514 4995 -
536 4959 820 5010 7.abPGE:cSO
840 4987 867 4998 -
890 4964 1099 5014 moionenc—
1122 4964 1146 5014 9.
1164 4965 1630 5017 tuttiP-nrbeom.l³G-tt.

294 5035 400 5097 periculi
418 5035 452 5085 C:
468 5034 579 5096 periendo
596 5034 728 5085 liberatam
745 5048 790 5085 sito
808 5036 842 5093 0:
858 5039 964 5100 perimit
979 5045 1106 5101 mertem
1123 5037 1240 5090 Halmius
1254 5066 1282 5078 ·-
1301 5041 1340 5091 43.
1358 5047 1441 5090 uerbo
1456 5042 1579 5104 sanguine
1594 5044 1630 5092 P:

296 5114 418 5174 sanguine
434 5117 516 5162 nestro
534 5111 639 5161 GESO
659 5138 687 5146 -
706 5112 746 5160 lb.
765 5112 819 5161 istie
835 5111 946 5162 obliniret
961 5114 1098 5164 retribuere
1114 5115 1134 5163 C
1153 5114 1211 5176 (sed
1228 5116 1254 5165 in
1271 5118 1290 5166 P
1307 5117 1360 5165 istis
1375 5119 1526 5166 correctum
1543 5119 1585 5167 cst
1602 5119 1631 5168 in

295 5186 359 5246 istit:
379 5185 503 5234 oblivisci:
519 5187 561 5236 sed
576 5186 712 5236 retribuere
729 5187 749 5235 0
768 5212 795 5222 -
815 5187 930 5237 debuistis
948 5189 981 5237 C:
1000 5189 1125 5240 debetteO
1145 5218 1172 5227 -
1189 5203 1234 5240 coe
1249 5203 1303 5241 om.
1316 5193 1363 5242 ES
1381 5217 1408 5229 -
1428 5192 1468 5240 46.
1486 5196 1630 5254 optertorl'

297 5262 364 5310 —di
380 5264 412 5310 P:
432 5262 540 5311 (4440-
559 5275 615 5311 cont
632 5275 684 5312 om.
699 5264 719 5312 l>
736 5263 877 5312 inrasura.
893 5287 920 5300 -
941 5263 982 5312 tr.
1002 5264 1101 5313 setim
1119 5265 1137 5313 C
1153 5290 1180 5301 -
1198 5264 1269 5314 orbis
1285 5278 1339 5316 om.
1352 5267 1398 5316 Es
1417 5291 1445 5302 -·
1463 5267 1575 5317 merdic
1592 5269 1626 5319 P:

295 5337 328 5386 cb
344 5338 457 5387 incendio
474 5337 578 5387 GESO
598 5363 625 5373 -
645 5337 684 5387 48.
703 5351 721 5386 o
738 5338 773 5387 C:
792 5339 842 5388 eO
862 5364 889 5374 -
909 5339 1023 5401 granato
1040 5341 1060 5388 P
1079 5366 1106 5376 -
1125 5340 1165 5388 49.
1183 5340 1260 5405 Nom]
1277 5342 1333 5390 Non
1350 5342 1369 5391 C
1388 5367 1416 5376 -
1434 5342 1477 5392 20.
1494 5344 1628 5395 reicerec
1718 5389 1720 5392 ,

296 5438 323 5448 -
342 5414 384 5462 st.
402 5413 502 5476 sopiam
520 5412 554 5462 C:
571 5413 667 5476 tirpient
683 5413 703 5462 0
722 5439 750 5450 -
768 5414 864 5463 antedi
882 5414 915 5463 C:
935 5414 1030 5463 custodi
1044 5415 1147 5474 potnias
1163 5415 1183 5464 0
1198 5441 1226 5451 —
1245 5417 1372 5478 Quomodo
1388 5417 1422 5466 G:
1440 5420 1629 5470 connodonrnn

295 5489 327 5545 Ρς
345 5487 386 5537 oet
401 5489 587 5538 commodorum
603 5489 724 5549 quomodo
742 5489 787 5538 ES
806 5517 834 5526 -
853 5490 894 5539 22.
913 5490 1053 5551 expectatio
1069 5489 1148 5539 PGE
1163 5516 1189 5526 -
1209 5491 1383 5542 incolomitatis
1399 5492 1419 5542 E
1435 5517 1463 5528 -
1481 5492 1522 5542 23.
1540 5495 1628 5558 gigni-

295 5567 337 5611 tnr
353 5566 373 5612 P
391 5589 418 5599 —
437 5576 494 5612 oen
511 5563 544 5612 C:
562 5576 621 5613 corn
636 5565 689 5614 icns
706 5565 725 5614 0
745 5589 773 5599 -
796 5565 1197 5627 repraesentabantur
1216 5591 1244 5602 -
1268 5567 1310 5616 td.
1328 5568 1628 5631 redintegratio-wat·

294 5643 363 5688 neret
374 5639 408 5688 C:
426 5640 636 5704 redintegratione
647 5667 661 5677 -
669 5667 683 5678 -
694 5641 819 5692 onlnemm
832 5641 852 5690 0
867 5667 894 5677 -
913 5641 953 5690 26.
967 5638 1137 5704 efflopitcbitis
1149 5640 1183 5688 C:
1202 5639 1344 5704 efflagitate
1356 5643 1376 5691 0
1389 5667 1417 5678 —
1431 5644 1497 5693 ciues
1507 5643 1543 5693 C:
1562 5646 1629 5695 civee

293 5715 422 5763 oestroso
441 5741 468 5751 -
490 5716 663 5776 sociorumque
683 5716 731 5767 ES
749 5744 777 5753 -
802 5717 842 5767 28.
861 5721 958 5781 gentem
974 5730 1028 5767 om.
1048 5717 1067 5766 li
1087 5742 1113 5754 -
1137 5729 1187 5765 non
1203 5716 1349 5767 institute:
1375 5730 1442 5767 nnnc
1458 5719 1627 5771 irretitwno

296 5789 1625 5855 -custosczotcnetoeo-29.siC:rin0-proeeioeos;proetioeoPG;preciosoE-

294 5861 334 5912 30.
352 5863 448 5926 pondis
464 5863 510 5927 G¹;
526 5865 620 5930 gaudio
638 5864 669 5916 (3²
687 5891 715 5903 -
733 5865 815 5917 eoric
832 5866 851 5917 C
871 5893 898 5903 -
917 5867 995 5918 ecitio
1012 5868 1047 5917 C:
1066 5870 1172 5920 eeitimn
1188 5869 1208 5919 0
1227 5895 1255 5907 ·-
1273 5866 1313 5919 34.
1332 5869 1449 5920 adm
1465 5871 1524 5920 PG.
