3800 7350
318 1158 400 1227 ⁴202
725 1159 877 1227 orario
898 1162 976 1227 PRO
998 1163 1038 1240 Q.
1059 1162 1222 1228 LIGARIO

317 1329 398 1393 stis‘t
420 1347 610 1411 quamquam
632 1327 709 1411 quiid
728 1328 840 1393 facturi
858 1329 981 1394 fueritis
1009 1330 1164 1406 dubitem,
1192 1349 1262 1395 cum
1282 1328 1424 1403 videam,
1446 1327 1524 1412 quid
1544 1326 1631 1392 iseo

315 1422 405 1486 ritis‘t
435 1421 586 1484 Prohibiti
612 1423 689 1486 estis
718 1422 752 1485 in
784 1424 946 1506 provincia
973 1432 1078 1488 vestra
1105 1424 1220 1507 pedem
1246 1441 1379 1505 ponere,
1413 1427 1445 1486 et
1471 1422 1627 1505 prohibiti

315 1532 437 1580 sumnm
463 1513 587 1578 iniuria.
629 1511 680 1577 25.
703 1515 774 1591 Quo
802 1517 895 1580 modo
924 1517 956 1579 id
987 1517 1126 1581 tulistis?
1158 1524 1305 1600 acceptae
1337 1515 1470 1580 iniuriae
1504 1516 1632 1600 querel-

313 1610 376 1673 lam
405 1608 446 1671 ad
473 1628 568 1691 quem
597 1607 773 1672 detulistis?
802 1611 922 1693 Nempe
941 1610 980 1673 ad
1003 1631 1090 1684 sum,
1119 1612 1208 1675 cuius
1231 1610 1450 1673 auctoritatem
1471 1611 1574 1674 secuti
1594 1610 1630 1675 in

290 1703 494 1767 esocietatem
514 1702 590 1765 belli
611 1703 775 1765 veneratis.
813 1701 905 1778 Quod
927 1704 954 1766 si
977 1703 1117 1767 Caesaris
1138 1722 1232 1767 causa
1252 1702 1286 1765 in
1307 1703 1498 1785 provinciam
1519 1703 1631 1768 venie-

313 1796 412 1872 batis,
440 1797 572 1860 adeum
594 1795 733 1880 proiecto
756 1795 876 1859 exclusi
896 1796 1060 1880 provincia
1080 1794 1255 1860 venissetis.
1297 1795 1436 1859 Venistis
1464 1796 1504 1860 ad
1533 1798 1629 1859 Poen-

312 1892 428 1974 peium.
472 1890 561 1966 Quae
589 1896 636 1953 est
664 1909 739 1973 ergo
760 1889 843 1972 apud
866 1888 1030 1952 Caesarem
1051 1890 1207 1973 querella,
1230 1910 1301 1954 cum
1323 1909 1396 1952 eum
1415 1891 1587 1965 accusetis,
1609 1910 1631 1953 a

313 2004 377 2068 quo
398 1983 574 2067 queramini
595 1983 769 2067 prohibitos
791 2001 861 2045 esse
880 2003 937 2046 vos
959 1991 1069 2046 contra
1092 1983 1254 2048 Caesarem
1276 2002 1385 2065 gerere
1406 1982 1548 2047 bellum?
1573 1985 1630 2047 dt·

311 2097 374 2160 que
394 2077 428 2140 in
448 2076 510 2141 boc
527 2076 654 2161 quidem
669 2076 720 2140 vel
741 2095 812 2139 cum
834 2075 1016 2150 mendacio,
1037 2076 1064 2139 si
1080 2076 1191 2150 vultis,
1213 2076 1389 2159 gloriemini
1403 2095 1461 2158 per
1474 2097 1526 2141 me
1541 2076 1629 2151 lieet,

274 2187 367 2234 tovos
394 2170 588 2253 provinciam
615 2170 715 2233 luisse
737 2169 861 2233 Caeseti
892 2169 1069 2233 tradituros.
1106 2169 1238 2232 Etiamsi
1259 2188 1279 2232 a
1299 2170 1382 2232 Varo
1404 2177 1437 2233 et
1456 2188 1476 2232 a
1496 2168 1629 2253 quibus·

311 2264 382 2327 dam
410 2264 480 2327 eliis
508 2263 656 2346 prohibiti
679 2263 772 2337 estis,
796 2281 855 2345 ego
874 2269 979 2326 umen
1001 2262 1155 2326 confiteor
1180 2262 1304 2343 culpam
1326 2281 1396 2326 esse
1417 2261 1546 2345 Ligarii,
1568 2260 1628 2345 qui

310 2376 367 2422 vos
388 2365 492 2420 tantae
513 2356 615 2419 landis
636 2356 800 2419 occasione
821 2355 1001 2438 privaverit
1042 2356 1098 2418 lx.
1120 2351 1171 2419 26.
1194 2356 1256 2419 Sed
1277 2354 1366 2430 vide,
1389 2374 1524 2439 quaeso,
1548 2353 1629 2418 Cae-

309 2471 377 2526 sar,
403 2449 611 2513 constantiam
632 2448 823 2512 ornatissimi
843 2449 903 2513 viri
927 2442 1143 2533 [Tuberonis],
1175 2468 1270 2531 quam
1291 2468 1365 2532 ego,
1388 2449 1533 2532 quamvis
1554 2447 1627 2530 ipse

309 2544 490 2627 probarem,
512 2549 547 2606 ut
567 2542 686 2625 probo,
706 2550 811 2605 tamen
832 2561 897 2605 non
919 2561 1206 2617 commemorarem,
1226 2541 1288 2604 nisi
1309 2562 1329 2605 e
1350 2550 1382 2605 te
1403 2541 1627 2624 cognovissem

272 2654 301 2701 44
309 2640 344 2700 in
363 2638 471 2721 primis
492 2655 561 2698 eam
575 2636 719 2700 viantem
741 2635 842 2699 solere
864 2635 995 2699 laudari.
1028 2635 1116 2711 Quae
1136 2635 1198 2698 luit
1218 2634 1477 2717 igiturumquam
1498 2634 1533 2697 in
1554 2632 1625 2697 ullo

307 2731 437 2797 bomine
457 2737 545 2793 tanta
566 2728 764 2792 constantia?
785 2728 994 2792 constantiam
1015 2728 1110 2792 dico‘l
1131 2729 1240 2792 nescio
1254 2748 1296 2792 an
1310 2728 1423 2792 melius
1440 2727 1626 2811 patientiam

307 2826 425 2909 possim
447 2823 561 2887 dicere.
597 2821 722 2897 Quotus
743 2822 827 2884 enim
847 2820 932 2885 istud
956 2821 1092 2905 quisque
1112 2821 1255 2897 iecisset,
1278 2831 1329 2896 ut,
1349 2841 1369 2886 4
1390 2822 1505 2905 quibus
1526 2821 1626 2905 parti·

306 2918 422 2982 busin
443 2913 640 2979 dissensione
661 2915 746 2978 civili
766 2934 830 2978 non
853 2922 936 2979 esset
957 2923 1120 2999 receptus,
1142 2923 1226 2979 esset
1242 2914 1337 2979 etiam
1351 2935 1424 2979 cum
1437 2915 1624 2979 crudelitate

305 3012 458 3086 reiectus,
486 3008 527 3073 ed
556 3028 611 3072 eos
639 3008 725 3091 ipsos
753 3008 895 3071 rediret?
923 3009 1028 3091 Magni
1051 3008 1215 3073 cuiusdam
1236 3008 1333 3073 animi
1353 3015 1448 3091 atque
1472 3009 1541 3074 eins
1561 3009 1623 3073 viri

269 3113 369 3180 mest,
398 3122 494 3187 quem
520 3101 732 3184 desuscepta
758 3119 854 3164 cause
881 3103 1105 3185 propositaque
1132 3103 1288 3168 sententia
1313 3102 1401 3166 nulla
1422 3102 1623 3177 contumelia,

304 3197 393 3261 nulle
413 3196 476 3271 vis,
496 3195 619 3260 nullum
640 3194 812 3278 periculum
833 3194 936 3277 possit
956 3193 1125 3278 depellere.
1167 3191 1219 3259 27.
1240 3195 1280 3259 Ut
1301 3196 1386 3259 enim
1407 3202 1512 3259 cetera
1532 3193 1623 3279 paria

305 3290 483 3354 Tuberoni*
496 3306 570 3352 cum
601 3288 685 3351 Varo
717 3287 867 3362 fuissent,
895 3286 1016 3360 bonos,
1048 3288 1215 3363 nobilitas,
1247 3287 1415 3373 splendor,
1446 3288 1620 3371 ingenium,

305 3402 388 3466 quae
408 3400 610 3465 nequaquam
631 3380 774 3457 fuerunt,
795 3380 857 3444 boc
878 3388 962 3444 certo
984 3384 1186 3465 praecipuum
1207 3382 1401 3456 Tuberonis,
1428 3380 1515 3464 quod
1536 3382 1620 3446 iusto

304 3496 377 3539 cum
407 3475 540 3557 imperio
569 3493 611 3537 er
639 3482 766 3538 senatus
795 3473 940 3538 consulto
967 3474 1001 3538 in
1028 3474 1222 3558 provinciam
1249 3495 1338 3538 suam
1359 3482 1497 3541 venerae
1538 3474 1620 3539 Hinc

266 3568 481 3651 reprobibitus
502 3587 567 3630 non
587 3567 628 3631 ad
650 3566 829 3641 Caesarem,
855 3586 896 3630 ne
917 3567 1031 3643 iratus,
1060 3587 1124 3632 non
1147 3568 1290 3643 domum,
1311 3588 1352 3632 ne
1373 3568 1478 3643 iners,
1498 3587 1565 3632 non
1585 3567 1620 3630 in

304 3662 443 3748 aliquam
470 3662 649 3746 regionem,
678 3682 719 3726 ne
745 3659 957 3725 condemnere
983 3680 1109 3726 causam
1137 3661 1239 3737 illam,
1265 3681 1361 3746 quam
1389 3667 1517 3727 secutus
1540 3668 1620 3737 erat,

367 4047 392 4097 4.
410 4043 515 4095 dubitem
531 4039 591 4091 cod.
610 4037 773 4091 Coloniensis
789 4041 905 4092 Gruteri:
920 4055 973 4091 444
990 4041 1097 4092 misem
1108 4041 1442 4108 (sublstainterrogations)
1454 4045 1540 4105 (2203
1557 4059 1619 4097 44444

303 4123 409 4174 subm
424 4117 556 4171 Weisislus
573 4116 601 4165 et
615 4115 710 4166 Belius
727 4113 833 4166 adcic.
852 4115 886 4165 de
903 4116 981 4179 Legg.
999 4129 1025 4180 p.
1038 4117 1095 4167 646.
1114 4117 1179 4167 Vide
1196 4117 1355 4180 Madvigium
1371 4118 1459 4181 open.
1478 4121 1552 4171 ncad.
1571 4122 1617 4172 ait.

302 4213 331 4267 p.
348 4199 396 4249 303
412 4208 495 4261 sq.-
512 4189 612 4241 uideam
628 4189 772 4251 quodli-
791 4188 815 4240 2.
832 4189 1619 4260 iaprceiociamosstrompedsmcompooersC-probibtti

303 4274 399 4326 GEC:
414 4267 550 4334 4444444444,
572 4270 601 4314 at
614 4263 745 4328 pauesce
760 4263 789 4314 0.
808 4262 877 4314 vide
895 4262 1052 4327 Madvigium
1070 4265 1157 4328 Opere.
1176 4267 1249 4317 acad.
1268 4267 1292 4328 Ι,
1310 4280 1336 4330 p.
1353 4266 1403 4316 ’499
1420 4279 1461 4331 sq.
1480 4293 1508 4306 -
1533 4268 1558 4321 9.
1576 4271 1619 4321 44-

302 4349 372 4398 44494
387 4348 420 4397 G:
438 4358 495 4394 meu
510 4341 605 4391 uisse
616 4339 696 4389 csso.
715 4338 753 4389 ci.
769 4350 795 4402 p.
806 4337 912 4400 tium.
928 4364 955 4373 -
973 4339 1062 4389 tuttetts
1072 4344 1175 4402 accepto
1189 4338 1303 4389 iniuria?
1319 4340 1451 4402 44444444]
1466 4367 1493 4379 -
1512 4343 1537 4394 d.
1551 4358 1618 4408 pro-

302 4413 915 4475 esame-emittitedl'ompeiteuom
935 4413 1618 4479 -nsrtsrpocpodussnreicocspudcmt

302 4495 432 4560 erpotmc
447 4490 587 4555 spedo-
606 4488 723 4538 secerstts
738 4486 804 4538 GE:
823 4489 1059 4539 4444444440-9.
1074 4488 1210 4552 pecudeae
1226 4490 1618 4554 nemorumnemorum

304 4571 338 4629 c;
355 4581 399 4618 oss
411 4565 585 4630 probibitoso.
604 4562 643 4613 Gi.
655 4561 802 4623 44949-
814 4575 900 4627 gwere
915 4562 1003 4614 4444444
1019 4563 1079 4614 GE:
1098 4561 1187 4613 4444444
1201 4563 1355 4627 4444440-
1372 4564 1452 4627 more
1466 4566 1618 4633 444444444-

303 4644 357 4693 sem
376 4655 433 4692 cum
451 4638 579 4690 masam
600 4637 677 4687 44444
696 4637 816 4701 meaa,
835 4652 882 4702 per
896 4652 935 4689 aa
956 4639 1011 4690 44444
1026 4637 1174 4689 praeseus
1189 4638 1283 4697 xvui.
1300 4638 1341 4699 eo,
1358 4638 1421 4700 aem
1444 4630 1494 4692 isc
1509 4643 1535 4694 n
1553 4643 1615 4696 coe.

303 4717 385 4768 Paris.
402 4713 466 4766 ’4496
482 4714 577 4777 iegitur
591 4711 630 4762 eei
645 4724 702 4762 44444
716 4713 845 4762 mendacio
860 4714 883 4762 44
897 4713 971 4763 endiis
985 4712 1124 4777 giommtnt
1140 4713 1191 4763 cet.
1206 4737 1234 4749 -
1253 4713 1277 4764 9.
1293 4713 1367 4763 4444444
1377 4715 1411 4763 G:
1428 4715 1508 4766 velitis
1523 4718 1573 4769 Cli
1585 4744 1614 4755 -

302 4788 442 4855 amaneus
457 4788 491 4838 C:
507 4784 705 4851 gloriomlaiti¹3
722 4787 830 4851 gloriari
847 4784 941 4838 0¹13-
960 4788 999 4837 so.
1017 4787 1162 4837 4444444444.
1179 4787 1266 4838 Etiam
1280 4787 1475 4850 sinprobt'biti
1490 4792 1554 4853 44444,
1570 4806 1616 4858 spe

302 4869 385 4914 444444
401 4861 555 4912 Garatonius
573 4860 611 4922 (in
628 4862 818 4912 commentario
834 4860 944 4924 inedito)
961 4863 989 4911 et
1003 4862 1147 4926 Madvigius
1164 4863 1266 4926 (Opusc.
1284 4863 1358 4913 arod.
1376 4864 1402 4924 1,
1420 4877 1447 4929 p.
1466 4866 1514 4917 4449
1529 4870 1614 4932 aqui:

302 4938 447 4997 4444444444,
465 4936 539 4985 etiem
554 4934 624 4983 tin
630 4935 749 4997 probtbtti
759 4937 847 4986 4444444.
864 4936 918 5000 ligo
928 4941 1011 4986 444444
1021 4937 1041 4987 0
1053 4938 1118 5000 (44444
1132 4937 1221 4989 firmet
1231 4935 1291 4988 cod.
1304 4936 1441 4989 Vindobd
1457 4938 1614 5005 soldani.)-

301 5017 358 5064 stc
374 5009 520 5073 quibusdom
536 5009 601 5060 GE:
619 5013 643 5060 st
658 5009 986 5075 putbusderolom.oio-
1005 5011 1046 5061 44.
1064 5014 1224 5077 4444444464
1241 5013 1373 5077 confitebor
1388 5013 1480 5065 EO·
1497 5016 1616 5068 saw

301 5099 345 5136 ear
361 5084 423 5135 GE:
441 5084 468 5134 0.
482 5084 574 5134 044444
590 5084 610 5134 0
630 5109 658 5119 -
676 5083 717 5134 43.
734 5085 784 5135 etsi
800 5097 854 5135 om.
872 5085 902 5135 Ει
920 5112 947 5122 -
967 5084 1230 5138 dioecesanus.
1248 5087 1379 5139 labeonis
1394 5084 1460 5141 E‘O.
1478 5089 1616 5144 Glossema

302 5173 362 5211 esse
378 5160 463 5222 arguit
477 5158 658 5223 praenominis
673 5159 701 5209 in
717 5160 822 5224 optimis
839 5159 916 5210 codd.
929 5161 1044 5212 omissio.
1058 5188 1086 5198 -
1106 5161 1146 5214 44.
1161 5162 1291 5225 probosips
1307 5163 1370 5222 (3133
1389 5162 1438 5214 sed
1454 5163 1488 5216 ei.
1500 5165 1617 5217 Wesen-

300 5234 367 5298 berg
382 5232 416 5284 ed
434 5245 473 5283 or.
489 5245 515 5298 p.
528 5234 612 5284 Sestio
628 5246 656 5297 p.
669 5232 710 5285 ld.
724 5260 751 5270 —
769 5234 972 5286 limatiorem.
986 5235 1005 5285 C
1018 5260 1045 5270 -
1064 5235 1105 5285 ti.
1123 5236 1225 5299 quisque
1240 5238 1337 5288 istudE
1353 5236 1435 5289 solus.
1450 5261 1478 5275 -
1497 5239 1540 5292 48.
1549 5253 1615 5304 w

300 5309 363 5361 tibur
378 5321 432 5360 om.
450 5307 528 5358 codd.
546 5306 693 5358 deteriores
708 5306 797 5367 multi;
815 5307 932 5360 deletum
942 5307 1047 5359 videtur
1062 5308 1096 5359 ab
1114 5311 1158 5372 iis,
1176 5312 1222 5377 qni
1238 5313 1346 5377 synesin
1360 5314 1387 5363 in
1397 5312 1616 5379 veronensem

300 5379 335 5447 (v.
345 5385 385 5448 49)
397 5397 451 5435 non
461 5383 631 5447 agnoverunt.
641 5408 668 5417 -
680 5386 741 5432 44444
755 5383 831 5434 micro
847 5382 905 5433 GE:
923 5385 1148 5444 memoresne
1161 5412 1189 5421 -
1207 5387 1248 5438 49.
1260 5401 1301 5438 444
1315 5389 1381 5451 ipsos
1396 5389 1471 5440 GEs:
1488 5402 1533 5441 444
1546 5391 1615 5454 ipsas

299 5459 372 5519 ido,
390 5472 433 5510 scr
446 5460 514 5523 ipsos
526 5461 611 5521 partes
628 5457 647 5508 C
668 5483 694 5494 -
717 5457 758 5508 2⁰.
777 5463 812 5508 444
827 5470 881 5508 om.
898 5458 948 5509 GE
958 5457 992 5517 C,
1013 5456 1123 5510 tortasse
1140 5459 1191 5510 alio
1207 5459 1265 5513 loeo
1281 5462 1477 5528 reponendum.
1503 5464 1614 5518 Orellios

299 5531 416 5584 malebat
438 5534 490 5584 4444
509 5537 545 5583 444
563 5532 614 5582 oiri
633 5529 692 5581 ooli.
711 5530 764 5582 Cic.
783 5530 817 5582 de
833 5532 898 5597 liep.
915 5531 938 5594 1,
956 5531 1001 5582 29:
1026 5534 1112 5598 mopsi
1133 5535 1262 5588 4444444444
1276 5537 1337 5588 ciete
1352 5543 1377 5589 st
1391 5539 1470 5590 (444444
1482 5554 1563 5604 pocae
1577 5547 1614 5594 ert

297 5608 356 5657 etri.
379 5634 407 5646 -
430 5608 564 5671 94944444
585 5606 682 5682 (³ch
700 5609 782 5668 postet
799 5606 860 5656 0-
878 5604 919 5657 28.
941 5604 1191 5661 rsesroneuuc:
1216 5610 1480 5677 lbbsrosirseitiiro
1501 5643 1529 5653 -
1548 5616 1614 5679 quod

296 5682 326 5733 44
340 5685 405 5734 iusto
420 5685 442 5735 G
459 5707 486 5720 -
508 5682 550 5734 ti.
566 5683 630 5733 41444
642 5681 914 5744 mutuam-suam
931 5688 1028 5734 44444444
1043 5682 1120 5736 affert
1139 5683 1219 5738 lulius
1235 5686 1388 5739 amuranus
1404 5689 1434 5740 ds
1447 5691 1492 5756 pp.
1509 5695 1571 5742 sset
1589 5695 1614 5742 44
1678 5704 1687 5723 ·

298 5756 359 5808 eloe.
377 5757 393 5822 ς
410 5755 451 5808 bl.
471 5783 499 5795 -
516 5755 1009 5809 summamus-annuntium-
1026 5758 1481 5826 masec-:eumen
1498 5764 1614 5829 44494444

300 5830 943 5896 4404444444444444444.··19.444444ῳ44440
963 5832 1265 5888 -srateiizrmtu
