3800 7350
310 1171 375 1244 Μ
689 1187 743 1249 DE
763 1184 1023 1251 mausrlcutt
1043 1184 1262 1252 immensas

312 1372 394 1435 ques
422 1371 487 1415 non
514 1360 638 1427 amant,
663 1354 704 1415 ab
732 1354 846 1416 ecdem
865 1353 1022 1435 gaudeant
1043 1353 1224 1437 vituperari.
1256 1356 1358 1436 Atqrre
1381 1373 1440 1436 ego
1460 1354 1545 1418 bunc
1565 1331 1631 1417 non

313 1445 472 1509 miror-
493 1446 570 1529 quid
592 1447 677 1510 enim
697 1447 791 1511 faciat
812 1446 921 1511 aliud?
942 1467 1000 1508 -:
1022 1446 1094 1510 iIIos
1119 1447 1264 1511 homines
1287 1447 1538 1529 sapientissimos
1560 1468 1631 1531 gra-

313 1538 521 1622 vissimosque
550 1539 660 1614 miror,
692 1542 828 1623 primum
865 1541 951 1623 quod
981 1560 1173 1624 quemquam
1203 1540 1320 1604 clarum
1347 1540 1507 1604 bominem
1535 1549 1631 1624 atque

314 1631 431 1714 optime
459 1631 502 1695 de
529 1651 563 1695 re
593 1633 720 1715 publica
748 1652 843 1717 saepe
871 1635 1019 1698 meritum
1039 1633 1243 1716 impurissimi
1265 1653 1341 1696 voca
1362 1633 1500 1698 bominis
1521 1634 1631 1698 uiolari

290 1723 407 1787 ofaciIe
432 1727 609 1809 patiuntur,
638 1725 753 1791 deinde
778 1729 805 1791 si
828 1728 1008 1791 existinrant
1029 1728 1145 1811 perditi
1167 1727 1305 1791 bominis
1326 1726 1545 1810 profligatique
1566 1747 1632 1791 naa-

313 1816 435 1881 Iedr'ctis
457 1840 560 1902 posse,
581 1822 614 1884 id
637 1821 722 1904 quod
745 1822 873 1885 minime
895 1822 1045 1884 conducit
1066 1822 1153 1905 ipsis,
1175 1822 1362 1905 cuiusquam
1382 1819 1516 1902 gloriam
1530 1820 1632 1903 digni-

312 1918 472 1995 tatemque
494 1914 625 1989 violari,
644 1924 803 1998 postremo
826 1914 912 1999 quod
934 1935 999 1977 non
1021 1914 1231 1988 sentiuntid,
1253 1910 1339 1997 quod
1359 1921 1464 1977 tamen
1478 1913 1555 1978 mibi
1568 1914 1631 1976 ianr

312 2005 466 2088 suspicari
486 2007 645 2082 videntur,
666 2007 752 2072 illius
773 2008 914 2072 iurantes
936 2028 973 2073 ac
988 2007 1142 2071 volaticos
1160 2008 1296 2089 impetus
1318 2008 1350 2069 in
1373 2026 1408 2070 se
1429 2007 1518 2089 ipsos
1538 2027 1631 2091 posse

270 2126 281 2147 ·
313 2102 464 2164 converti.
496 2098 547 2164 t7.
561 2103 665 2185 Atque
686 2121 726 2165 ex
744 2102 803 2166 bac
820 2102 918 2166 niaria
935 2122 1000 2165 non
1017 2102 1176 2165 nudorum
1198 2100 1388 2164 alienatione
1410 2119 1429 2162 a
1444 2100 1631 2183 quibusdam

277 2191 443 2257 cohaerent
464 2194 586 2258 natale
606 2195 640 2258 in
662 2216 696 2258 re
718 2196 860 2279 publica,
882 2216 964 2279 quae
983 2216 1077 2279 quam
1093 2193 1148 2257 diu
1168 2193 1340 2257 haerebant
1354 2193 1388 2255 in
1402 2214 1468 2256 uno
1483 2214 1542 2268 mc,
1563 2213 1632 2275 gra·

312 2284 393 2348 riter
415 2287 579 2369 equidem,
601 2289 658 2353 sed
679 2289 840 2374 aliquanto
862 2290 967 2353 tevins
988 2290 1137 2353 ferebam.
1168 2289 1217 2350 An
1239 2288 1316 2361 iste,
1338 2287 1400 2351 nisi
1414 2289 1515 2370 primo
1529 2306 1563 2352 se
1578 2286 1633 2353 de·

313 2379 413 2443 disset
433 2381 489 2456 iis,
511 2403 650 2465 quorum
665 2384 789 2447 animos
804 2404 823 2447 a
838 2391 942 2449 vestra
957 2382 1144 2446 auctoritate
1157 2382 1317 2445 seiunctos
1332 2400 1401 2444 esec
1415 2380 1632 2455 arbitrabatur,

307 2472 375 2536 nisi
396 2494 452 2537 eos
472 2475 505 2538 in
529 2477 650 2539 caelum
669 2478 734 2541 suis
757 2476 901 2540 laudibus
921 2476 1100 2560 praeclarus
1114 2483 1225 2539 auctor
1239 2474 1414 2550 extolleret,
1431 2475 1492 2539 nisi
1513 2476 1633 2539 exerci-

312 2574 380 2629 tum
396 2566 429 2630 C.
445 2568 675 2633 Caesaris-in
689 2590 754 2654 quo
768 2570 907 2645 saliebat,
918 2570 974 2634 sed
990 2590 1062 2633 eum
1077 2588 1171 2633 nemo
1185 2568 1395 2651 redarguebat
1408 2602 1459 2644 -,
1474 2569 1536 2633 nisi
1550 2587 1632 2642 cunr,

277 2661 460 2744 ruuqoum,
481 2665 654 2727 exercitum
675 2665 775 2747 signis
797 2663 920 2729 infestis
941 2666 973 2727 in
996 2664 1113 2727 curiam
1136 2684 1171 2726 se
1192 2662 1406 2726 immissurum
1426 2664 1631 2736 minitaretur,

313 2755 432 2819 nisiae
454 2757 512 2821 Cn.
531 2759 682 2841 Pompeio
704 2758 864 2833 adiutore,
888 2760 930 2822 II.
953 2757 1066 2821 Crasso
1088 2765 1231 2829 auctore,
1254 2775 1337 2838 qaae
1357 2754 1509 2831 faciebat,
1529 2757 1633 2821 iacere

313 2851 476 2926 clamaret,
498 2853 559 2916 nisi
580 2848 729 2916 consul'es
751 2873 876 2916 causam
898 2850 1102 2915 coniunxisse
1123 2869 1241 2923 secum,
1259 2849 1293 2911 in
1309 2869 1373 2932 quo
1388 2870 1453 2917 uno
1467 2871 1532 2918 noa
1546 2869 1633 2916 mea·

312 2945 467 3021 tiebatnr,
487 2945 702 3020 confirmaret,
725 2953 788 3009 tam
811 2945 949 3009 crudelis
971 2944 1050 3017 mci,
1073 2951 1137 3007 tam
1159 2943 1329 3008 sceleratus
1350 2944 1397 3007 rei
1417 2944 1563 3027 publicae
1579 2965 1633 3008 re-

313 3045 408 3110 xator
437 3059 509 3102 esee
539 3040 720 3121 potuisset?
763 3040 879 3102 XXIII.
908 3034 960 3100 48.
992 3036 1094 3111 Idem,
1128 3045 1333 3121 posteaquam
1361 3040 1515 3122 respirare
1536 3059 1634 3103 vosa

253 3138 400 3195 immeto
427 3131 549 3207 caedis,
578 3152 738 3214 emergere
766 3133 983 3196 auctoritatem
1014 3139 1149 3195 vestram
1171 3152 1189 3193 e
1211 3128 1357 3223 fluctibus
1379 3131 1443 3195 illis
1465 3133 1633 3206 servitutis,

313 3225 503 3289 reviviscere
530 3228 714 3289 memor-Iam
744 3247 781 3290 ac
811 3226 1004 3289 desiderium
1026 3225 1089 3288 mei
1110 3225 1207 3299 vidit,
1238 3225 1327 3288 vobis
1349 3244 1384 3288 se
1405 3227 1511 3310 coepit
1531 3226 1633 3289 subito

312 3317 513 3381 fallacissime
541 3319 714 3383 venditare.
754 3322 833 3384 Turn
855 3320 942 3403 leges
964 3318 1060 3384 Iulias
1082 3326 1192 3381 contra
1213 3317 1356 3401 auspicia
1377 3319 1456 3382 latas
1477 3327 1509 3381 et
1528 3318 1581 3382 bic
1603 3327 1635 3381 et

313 3412 347 3473 in
369 3410 571 3475 contionibus
591 3412 707 3488 dicere,
729 3415 762 3477 in
785 3414 901 3497 quibus
923 3413 1045 3495 iegibus
1066 3413 1168 3476 inerat
1187 3413 1308 3475 curiata
1322 3410 1377 3475 itta
1395 3412 1469 3487 lex,
1489 3432 1571 3496 quae
1586 3420 1634 3475 to-

313 3513 378 3568 tum
402 3504 471 3568 eius
492 3506 684 3570 tribunatum
707 3508 905 3581 continebat,
927 3526 1022 3589 quam
1039 3526 1152 3571 caecus
1166 3506 1304 3570 amentia
1318 3505 1540 3571 nonvidabat:
1561 3526 1634 3590 pro-

276 3599 448 3663 aeducebat
474 3599 682 3665 fortissimum
702 3602 820 3677 virum,
851 3603 893 3665 M.
915 3601 1082 3665 Bibulum:
1111 3601 1283 3682 quaerebat
1304 3620 1344 3665 ex
1366 3621 1422 3677 eo,
1445 3601 1479 3664 G.
1501 3601 1634 3667 Caesare

192 3714 199 3726 ·
313 3694 399 3776 leges
427 3693 550 3758 terente
570 3696 610 3758 de
632 3696 720 3760 eaelo
742 3715 907 3778 semperne
930 3699 1108 3760 servasset?
1140 3696 1270 3780 Semper
1291 3716 1326 3758 se
1347 3696 1401 3761 iile
1422 3714 1565 3759 seruasse
1586 3694 1634 3757 di·

314 3787 413 3851 cebat.
448 3790 591 3870 Augures
612 3789 839 3872 interrogabat,
870 3809 952 3873 qnae
974 3790 1019 3852 ita
1043 3789 1106 3853 lata
1128 3796 1249 3864 essent,
1277 3798 1403 3854 rectene
1424 3791 1487 3854 lata
1508 3791 1633 3855 essenti

313 3881 364 3945 Illi
391 3881 467 3944 vitio
496 3881 559 3945 lata
586 3903 656 3946 esse
678 3883 833 3947 dicebant
874 3884 1030 3949 Ferebant
1050 3884 1084 3946 in
1106 3883 1206 3947 oculis
1228 3884 1387 3948 bominem
1408 3882 1538 3966 quidam
1559 3883 1634 3947 boni

314 3974 373 4037 viri
396 3983 428 4037 et
449 3975 490 4038 de
510 3995 561 4038 me
584 3977 702 4058 optime
725 3976 845 4050 meriti,
872 3978 928 4040 scd
952 3977 1054 4052 illius,
1075 3984 1112 4040 ut
1133 3997 1192 4058 ego
1212 3977 1363 4051 arbitror,
1384 3976 1499 4041 suroris
1521 3975 1631 4059 ignari.

175 4076 178 4081 ’
276 4069 453 4151 :toLongius
474 4061 646 4151 processit:
668 4071 700 4133 in
723 4071 829 4152 ipsum
853 4071 908 4134 Cn.
930 4071 1126 4152 Pompeium,
1147 4077 1319 4143 auctorem,
1341 4079 1376 4132 ut
1389 4069 1572 4153 praedicare
1586 4075 1634 4132 est

314 4163 443 4237 solitus,
466 4164 669 4227 consiliorum
692 4185 837 4238 suornm,
858 4164 965 4228 invcbi
986 4165 1106 4247 coepit:
1129 4164 1229 4226 inibat
1250 4164 1381 4245 gratiam
1403 4183 1422 4225 a
1444 4183 1508 4226 non
1527 4162 1632 4225 nullis.
1674 4236 1678 4242 η

314 4253 366 4320 db.
387 4258 467 4320 Tum
496 4276 572 4320 vero
602 4258 705 4322 elatus
733 4279 808 4341 spe,
837 4278 931 4341 posse
955 4278 1008 4332 se,
1038 4257 1188 4341 quoniam
1210 4265 1351 4340 togatum
1373 4256 1537 4321 domestici
1558 4255 1633 4318 belli

315 4350 538 4415 exstinctorem
567 4351 689 4415 nefario
717 4352 836 4415 sceiere
864 4351 1040 4427 foedasset,
1069 4353 1157 4414 illurn
1183 4353 1293 4426 ctiam,
1321 4352 1410 4414 iilum
1432 4357 1633 4412 externorum

380 4754 402 4801 t.
421 4753 502 4814 adque
520 4750 549 4803 P¹
567 4777 594 4786 -
619 4754 643 4801 2.
663 4752 728 4813 Oaid
748 4752 860 4801 enimn
873 4751 903 4799 dc
918 4763 946 4799 re
965 4749 1065 4813 publica
1081 4749 1108 4798 b.
1127 4747 1144 4798 1.
1163 4761 1216 4799 om.
1236 4748 1300 4806 GE,
1320 4747 1352 4800 ci.
1372 4748 1387 4811 5
1404 4749 1445 4799 50.
1467 4774 1493 4784 -
1511 4748 1635 4812 maiat-

314 4841 413 4888 mosqac
429 4840 509 4890 supra
526 4838 634 4876 versum
651 4826 733 4876 babet
749 4830 768 4877 P
788 4853 813 4860 —
834 4826 858 4874 3.
876 4826 957 4875 miror
973 4826 999 4874 in
1017 4838 1108 4875 rasura
1126 4826 1145 4873 P
1164 4851 1190 4860 -
1212 4822 1237 4873 t.
1255 4836 1327 4885 saepe
1343 4823 1441 4873 PGE:
1460 4835 1513 4872 om.
1533 4822 1586 4872 nto
1601 4849 1635 4858 -

313 4903 338 4952 5.
357 4902 378 4950 ω’
394 4903 432 4952 C:
450 4903 517 4963 qaod
532 4901 552 4951 0
566 4925 593 4937 -·
609 4901 803 4964 profltaqottqw
819 4896 847 4950 P¹
860 4928 886 4935 —
907 4902 931 4950 Ἰ.
949 4901 1060 4950 amarat
1076 4904 1138 4952 P-
1155 4899 1179 4949 8.
1196 4898 1302 4959 [arastis
1318 4901 1407 4949 PG-
1427 4898 1451 4947 9.
1469 4902 1585 4947 corasrta
1596 4900 1633 4950 P¹;

313 4980 457 5025 conuertere
473 4975 522 5025 GE
542 5002 569 5012 -
587 4977 651 5026 banc
667 4975 694 5027 P¹
707 5002 734 5011 -
754 4976 903 5026 &mammae
918 4990 937 5026 a
953 4975 1100 5038 quibasdam
1117 4973 1194 5024 codd.
1214 4976 1267 5023 tres
1285 4977 1311 5023 et
1322 4972 1468 5023 Munatium:
1487 4973 1636 5022 diruamus

313 5057 337 5101 ct
353 5051 500 5113 quibasdam
516 5052 590 5112 (ttoae
605 5057 628 5102 et
644 5053 670 5102 in
687 5055 706 5102 P
723 5066 738 5101 a
755 5052 915 5113 correctore)
933 5053 1001 5111 PII3
1020 5052 1223 5101 dictatoresue
1239 5048 1386 5110 quibasdam
1402 5048 1451 5097 GE
1470 5073 1496 5082 -
1517 5049 1557 5097 to.
1574 5047 1635 5096 bao-

313 5130 368 5175 rcat
384 5138 415 5174 ea
430 5124 480 5174 teta
495 5126 641 5176 Manutius:
658 5126 789 5176 Mareotis
805 5126 829 5186 (b
845 5138 990 5188 superma,
1008 5127 1036 5174 ia
1052 5139 1107 5176 sec.
1126 5139 1162 5175 m.
1181 5126 1208 5174 in
1225 5125 1325 5184 rasura)
1338 5127 1354 5176 t
1373 5123 1436 5175 ma
1452 5126 1484 5182 P;
1506 5122 1636 5173 maenaa

313 5202 364 5251 tata
380 5201 476 5260 GEbI;
494 5201 596 5250 barrem
611 5202 663 5249 iam
679 5215 709 5250 aa
725 5202 775 5251 tela
792 5198 917 5250 Halmius.
935 5227 963 5236 -
981 5201 1008 5248 ia
1023 5214 1063 5250 me
1078 5214 1128 5250 ano
1145 5200 1194 5251 GE
1215 5226 1241 5235 -
1260 5200 1300 5249 tt.
1318 5199 1392 5263 iidie
1407 5196 1435 5249 P¹
1450 5226 1477 5235 -
1495 5197 1636 5249 arbitraba-

313 5281 356 5325 tar
371 5274 517 5324 Manutius:
542 5275 731 5325 arbitrabamur
747 5278 766 5327 C
785 5302 813 5311 -
832 5275 872 5325 43.
891 5276 970 5325 cctam
986 5277 1005 5325 P
1024 5301 1051 5310 -
1071 5273 1111 5325 rt.
1131 5274 1158 5324 C.
1176 5285 1230 5323 om.
1249 5273 1326 5324 PGE
1346 5300 1373 5308 -
1393 5272 1637 5323 Caesarianam·

313 5352 390 5401 cttam
405 5351 431 5399 in
448 5351 501 5400 ima
518 5349 636 5412 margine
653 5349 755 5399 addidic
770 5347 813 5408 P²;
836 5349 884 5398 atsi
900 5349 1038 5399 warattam
1054 5348 1081 5399 C.
1100 5349 1215 5398 Caesaris
1229 5349 1307 5412 etanta
1323 5348 1426 5410 (mediis
1443 5348 1558 5409 omissis)
1575 5347 1637 5401 Ital-

315 5427 383 5475 mtas
399 5425 443 5474 aa.
456 5426 521 5474 Itaa.
534 5425 568 5483 x,
586 5436 613 5486 p.
626 5423 683 5474 348.
699 5451 725 5460 -
746 5425 785 5474 45.
804 5425 996 5473 ιἠπιὶεειιννυιῦ
1016 5449 1042 5457 -
1063 5424 1103 5473 46.
1120 5424 1168 5472 aisr'
1184 5437 1209 5474 ec
1226 5424 1289 5473 GE:
1310 5421 1419 5480 ataeP¹3
1437 5420 1633 5474 3331)Ἣο-

316 5501 355 5549 tt.
372 5500 492 5549 cmuaucs
508 5501 549 5558 P¹;
566 5496 711 5550 conmtw
727 5503 762 5558 G;
784 5500 869 5549 censat
885 5500 905 5549 E
924 5525 952 5535 -
978 5499 1148 5548 coaiuacas'sse
1165 5503 1184 5549 P
1203 5526 1229 5534 -
1248 5497 1414 5548 mmctebatro·
1429 5500 1448 5549 P
1466 5524 1498 5534 -
1514 5499 1555 5548 30.
1573 5499 1638 5549 cedr’s

314 5577 374 5624 P-
393 5573 414 5637 ο]
432 5578 455 5623 et
471 5574 519 5624 GE
538 5600 565 5608 —
584 5573 633 5622 itta
649 5575 687 5624 C:
705 5574 800 5624 ittiaro
819 5598 846 5610 -
864 5575 906 5624 at.
924 5573 1077 5623 reaiaesccro
1093 5576 1112 5624 P
1126 5599 1151 5608 -
1171 5573 1213 5622 23.
1231 5571 1464 5623 coattoatbasPG:
1482 5572 1637 5622 corumdem

315 5648 335 5698 0
354 5675 381 5684 -
399 5649 427 5698 r'n
443 5662 496 5698 orn.
516 5648 565 5697 GE
584 5674 612 5682 -
630 5647 671 5698 rt.
687 5648 854 5709 producebant
869 5649 897 5700 P¹
917 5674 943 5681 —
963 5649 1004 5697 25.
1023 5646 1174 5709 querebatP
1193 5672 1219 5681 -
1239 5646 1270 5696 G.
1288 5648 1350 5696 P-
1369 5647 1410 5694 36.
1428 5647 1478 5697 ceto
1490 5646 1636 5710 (ubiqueiP

318 5749 341 5760 -
363 5736 394 5772 aa
410 5736 463 5772 om.
482 5725 502 5773 P
520 5749 552 5759 -
567 5722 608 5772 28.
625 5722 752 5771 barbam
768 5723 817 5772 GE
837 5750 864 5758 -
885 5723 926 5772 29.
943 5722 1011 5771 tibia
1027 5735 1161 5785 superscr.
1180 5721 1265 5773 estin
1282 5724 1301 5773 P
1323 5747 1347 5757 ·-
1366 5720 1406 5770 30.
1422 5722 1588 5782 predicaraP
1607 5748 1635 5758 -

316 5797 357 5846 at.
375 5796 492 5846 sanaim
507 5793 536 5847 P¹
554 5822 581 5830 -
600 5795 686 5859 aaut]
704 5795 763 5845 taba
779 5796 808 5848 P¹
827 5822 853 5831 —
873 5797 914 5846 32.
931 5785 1012 5846 elatio
1026 5795 1076 5859 spe]
1094 5801 1130 5846 cst
1144 5801 1218 5845 ratas
1234 5797 1259 5846 II
1278 5823 1305 5833 -
1324 5808 1349 5845 aa
1365 5807 1498 5859 superscr.
1517 5798 1558 5846 est
1574 5796 1600 5847 in
1616 5798 1636 5846 P

319 5897 346 5907 ·—
364 5873 484 5936 quantam
500 5874 536 5926 C:
555 5886 603 5937 qao
619 5872 691 5923 modo
708 5872 728 5922 0
747 5899 774 5910 -
793 5871 834 5923 33.
851 5871 1080 5928 memoresne
1099 5897 1125 5907 —
1143 5871 1247 5933 sedatu!
1262 5873 1291 5922 P.
