3800 7350
313 1198 393 1267 ross
729 1174 943 1275 onlnem
965 1210 1000 1273 1..
1022 1208 1198 1273 nrsousu

311 1383 417 1439 tenere
437 1397 501 1439 non
523 1377 640 1460 potuit:
662 1380 833 1442 exercitum
857 1379 966 1443 eduxit
987 1400 1027 1443 ex
1050 1380 1149 1463 Syria.
1194 1378 1256 1455 Qui
1279 1379 1366 1443 licuit
1388 1385 1475 1443 extra
1499 1380 1627 1463 provin-

311 1469 414 1533 ciaml
441 1470 587 1534 Praebuit
608 1493 642 1537 se
664 1472 912 1537 mercennarium
935 1475 1081 1536 comitem
1102 1474 1169 1556 regi
1190 1472 1411 1536 Alexandrino.
1457 1472 1543 1549 Quid
1565 1474 1627 1537 hoc

310 1565 457 1651 turpius?
479 1566 514 1628 ln
535 1567 711 1650 Aegyptum
733 1568 833 1642 venit;
856 1568 944 1649 signa
967 1566 1100 1630 contulit
1122 1586 1192 1629 cum
1215 1566 1446 1630 Alexandrinis.
1491 1566 1627 1643 Quando

309 1657 370 1721 hoc
396 1657 513 1723 bellum
544 1668 599 1722 aut
626 1660 677 1723 hic
706 1660 783 1724 ordo
805 1667 859 1723 aut
880 1659 1017 1743 populus
1039 1661 1246 1742 susceperat?
1280 1659 1371 1741 Cepit
1391 1660 1626 1725 Alexandriam.

284 1750 391 1827 sQuid
421 1752 505 1815 aliud
535 1761 754 1836 exspectamus
781 1774 800 1816 a
826 1753 932 1817 furore
964 1753 1049 1827 eius,
1083 1753 1144 1815 nisi
1174 1760 1209 1814 ut
1236 1753 1276 1816 ad
1303 1760 1448 1816 senatum
1470 1756 1564 1817 tantis
1587 1754 1626 1817 de

306 1844 399 1907 rebus
421 1847 518 1928 gestis
538 1847 659 1911 litteras
681 1849 808 1910 mittatl
851 1844 901 1908 50.
931 1847 990 1910 Hic
1013 1846 1040 1908 si
1062 1846 1175 1909 mentis
1197 1853 1280 1909 esset
1301 1867 1394 1921 suae,
1423 1847 1484 1909 nisi
1506 1867 1626 1929 poenas

306 1940 424 2022 patriae
452 1939 564 2026 disque
593 1940 822 2005 immortalibus
844 1960 913 2014 eas,
947 1959 1029 2023 quae
1057 1940 1260 2021 gravissimae
1281 1947 1370 2015 sunt,
1402 1939 1507 2003 surore
1530 1950 1628 2025 atque

305 2032 428 2096 insania
446 2034 615 2117 penderet,
637 2054 732 2097 ausus
754 2041 890 2097 esset-
907 2033 997 2096 mitto
1021 2034 1108 2096 exire
1133 2032 1172 2095 de
1187 2033 1363 2116 provincia,
1386 2033 1520 2098 educere
1535 2055 1627 2099 exer·

306 2126 418 2201 citum,
440 2127 556 2192 bellum
578 2147 636 2191 sua
657 2134 769 2210 sponte
792 2148 917 2211 gerere,
940 2128 974 2190 in
995 2147 1126 2210 regnum
1148 2128 1271 2190 iniussu
1292 2128 1403 2211 populi
1417 2130 1550 2192 Romani
1572 2137 1628 2193 aut

269 2230 297 2279 tc
306 2229 432 2285 senatus
454 2222 619 2297 accedere,
653 2241 826 2305 quaecum
855 2221 1010 2305 plurimae
1034 2222 1117 2304 leges
1140 2229 1278 2296 veteres,
1314 2229 1379 2284 tum
1405 2222 1457 2285 lex
1481 2223 1625 2287 Cornelia

305 2316 491 2390 maiestatis,
525 2317 605 2380 Iulia
639 2316 678 2379 de
711 2316 856 2401 pecuniis
890 2314 1072 2398 repetundis
1109 2314 1291 2397 planissime
1322 2323 1422 2391 velat;
1458 2316 1514 2380 sed
1546 2317 1627 2380 haec

306 2409 415 2473 omitto
436 2432 491 2472 -z
526 2410 579 2473 ille
610 2410 636 2473 si
666 2430 729 2472 non
753 2410 902 2473 acerrime
931 2408 1067 2484 fureret,
1090 2407 1234 2483 auderet,
1257 2429 1351 2492 quam
1374 2410 1569 2492 provinciam
1592 2413 1626 2474 P.

305 2502 459 2566 Lentulus
484 2504 692 2567 amicissimus
721 2502 793 2566 huic
822 2500 941 2577 ordini,
978 2522 1048 2565 cum
1072 2511 1103 2566 et
1123 2504 1310 2566 auctoritate
1333 2511 1462 2567 senatus
1487 2513 1519 2568 et
1540 2514 1625 2570 sorte

305 2594 450 2670 haberet,
472 2597 657 2681 interposita
677 2596 830 2678 religione
853 2597 921 2660 sine
942 2596 1008 2660 ulla
1031 2596 1225 2660 dubitatione
1245 2597 1458 2682 deposuisset,
1481 2620 1550 2663 eam
1566 2600 1626 2663 sibi

270 2688 496 2765 ⁴⁵adsciscere,
533 2711 621 2765 cum,
655 2691 749 2755 etiam
771 2690 797 2753 si
819 2691 929 2773 religio
952 2713 1016 2755 non
1038 2692 1220 2773 impediret,
1253 2712 1322 2756 mos
1345 2691 1499 2755 maiorum
1521 2701 1625 2757 tamen

306 2791 337 2846 et
357 2785 502 2869 exempla
522 2793 553 2848 et
574 2784 775 2869 gravissimae
797 2784 902 2867 legum
924 2805 1046 2868 poenae
1068 2787 1236 2848 vetarent?

390 2878 491 2941 XXll.
527 2874 578 2941 5l.
612 2880 652 2941 Et
673 2877 822 2961 quoniam
847 2877 1045 2943 fortunarum
1068 2879 1304 2942 contentionem
1326 2879 1430 2944 iacere
1453 2881 1626 2965 coepimus,

306 2973 346 3035 de
367 2973 469 3036 reditu
492 2972 616 3037 Gabinii
639 2974 835 3046 omittamus;
868 2992 961 3056 quern
985 2973 1043 3035 etsi
1065 2970 1125 3035 sibi
1147 2971 1215 3056 ipse
1238 2973 1406 3055 praecidit,
1429 2994 1488 3057 ego
1511 2981 1627 3049 tamen,

306 3088 340 3130 os
363 3075 397 3132 ut
417 3067 540 3131 videam
562 3068 716 3140 hominis,
746 3074 905 3149 exspecto.
948 3068 1068 3140 Tuum,
1102 3066 1128 3128 si
1151 3065 1272 3150 placet,
1303 3066 1438 3131 reditum
1460 3088 1531 3131 cum
1554 3087 1627 3131 meo

269 3161 513 3226 soconieramus.
556 3163 601 3224 Ac
631 3181 720 3224 meus
752 3159 880 3243 quidem
909 3159 1039 3234 isfuit,
1074 3167 1108 3223 ut
1137 3160 1343 3224 aBrundisio
1373 3181 1474 3246 usque
1496 3164 1627 3226 Romam

306 3275 417 3338 agmen
433 3263 619 3338 perpetuum
642 3256 739 3318 totius
761 3253 870 3317 ltaliae
891 3252 1015 3316 uiderit.
1059 3257 1169 3339 Neque
1192 3256 1276 3318 euim
1298 3257 1385 3338 regio
1408 3255 1473 3319 ulla
1493 3256 1555 3320 luit
1569 3278 1628 3321 nec

307 3349 511 3432 municipium
541 3368 646 3434 neque
667 3346 864 3431 praefectura
885 3353 939 3410 aut
961 3347 1100 3422 colonia,
1132 3367 1172 3411 ex
1194 3370 1257 3434 qua
1278 3369 1342 3412 non
1366 3349 1406 3412 ad
1428 3370 1478 3413 me
1500 3351 1627 3436 publice

306 3444 450 3506 venerint
464 3442 662 3526 gratulatum.
698 3440 782 3517 Quid
805 3441 906 3503 dicam
927 3440 1082 3505 adventus
1104 3445 1212 3506 meos?
1235 3443 1311 3527 quid
1334 3444 1505 3508 effusiones
1525 3446 1629 3509 homi·

307 3557 381 3600 num
404 3558 445 3600 ex
467 3537 619 3620 oppidis‘l
655 3533 730 3620 quid
754 3554 924 3597 concursus
946 3555 986 3598 ex
1007 3537 1091 3619 agris
1113 3542 1237 3621 patrum
1268 3536 1402 3601 familias
1425 3559 1495 3601 cum
1517 3538 1628 3602 coniu-

268 3630 398 3716 sogibus
419 3650 456 3695 ac
478 3630 610 3696 liberis?
647 3627 723 3714 quid
753 3647 808 3692 eos
836 3627 923 3705 dies,
957 3630 1012 3714 qni
1042 3630 1133 3714 quasi
1156 3630 1287 3694 deorum
1309 3630 1533 3696 immortalium
1554 3630 1627 3695 sesti

306 3733 400 3810 atque
432 3725 599 3789 sollemnes
627 3723 709 3808 apud
739 3742 847 3787 omnes
877 3731 952 3786 sunt
980 3723 1115 3788 adventu
1148 3745 1219 3789 meo
1255 3725 1422 3809 redituque
1453 3724 1627 3789 celebratis

306 3816 357 3882 52.
379 3819 466 3882 Unus
487 3820 541 3883 ille
564 3820 630 3881 dies
653 3816 729 3881 mihi
747 3814 873 3900 quidem
887 3819 1132 3882 immortalitatis
1145 3821 1245 3883 instar
1258 3819 1336 3893 suit,
1358 3838 1429 3882 cum
1446 3818 1479 3881 in
1493 3819 1626 3902 patriam

305 3913 402 3987 redii,
435 3933 508 3977 cum
535 3920 678 3977 senatum
708 3930 867 3994 egressum
897 3910 963 3973 vidi
985 3912 1201 3997 populumque
1223 3914 1421 3987 universum,
1454 3934 1525 3975 cum
1549 3912 1627 3976 mihi

306 4008 374 4090 ipsa
401 4009 499 4072 Roma
528 4028 628 4090 prope
655 4005 806 4068 convulsa
831 4003 960 4067 sedibus
983 4006 1048 4068 suis
1070 4007 1110 4068 ad
1132 4005 1404 4089 complectendum
1428 4014 1628 4070 conservato-

268 4113 370 4165 sorem
393 4123 485 4164 suum
506 4100 652 4185 progredi
675 4101 741 4163 visa
756 4106 814 4161 est.
859 4098 947 4175 Quae
964 4119 1013 4161 me
1028 4101 1071 4162 ita
1086 4101 1223 4183 accepit,
1247 4109 1360 4163 utnon
1376 4101 1469 4164 modo
1485 4101 1627 4163 omniurn

306 4214 471 4278 generum,
492 4203 644 4268 aetatum,
667 4194 812 4256 ordinum
835 4212 944 4255 omnes
967 4193 1025 4254 viri
1047 4213 1082 4256 ac
1105 4194 1270 4269 mulieres,
1301 4195 1403 4257 omnis
1425 4195 1569 4258 fortunae
1591 4215 1627 4257 ac

306 4289 385 4364 loci,
408 4291 464 4354 sed
487 4290 582 4354 etiarn
604 4288 729 4352 moenia
752 4287 818 4370 ipsa
840 4285 1023 4350 viderentur
1044 4294 1076 4350 et
1098 4295 1180 4351 tecta
1202 4288 1288 4352 urbis
1310 4308 1347 4351 ac
1370 4288 1485 4371 templa
1506 4288 1627 4352 laetari.

306 4386 356 4446 lde
378 4383 643 4466 consequentibus
665 4381 776 4445 diebus
798 4382 831 4442 in
854 4400 890 4443 ea
913 4381 981 4463 ipsa
1000 4381 1110 4457 domo,
1135 4402 1197 4466 qua
1212 4390 1245 4445 tu
1260 4402 1310 4444 me
1325 4382 1508 4465 expuleras,
1531 4402 1627 4467 quam

307 4476 477 4559 expilaras,
508 4496 602 4560 quam
623 4474 825 4549 incenderes,
853 4475 1037 4557 pontifices,
1059 4476 1220 4550 consules,
1248 4482 1351 4558 patres
1373 4476 1542 4559 conscripti
1564 4475 1627 4540 col-

304 4781 454 4843 rtculoquelt
472 4782 520 4831 mei
535 4781 625 4843 cupitis
637 4782 719 4843 pretio
732 4781 891 4844 periculoque
909 4782 928 4832 C
943 4809 970 4819 -
990 4783 1011 4831 is
1027 4783 1058 4841 Τ;
1076 4783 1114 4831 lrts
1131 4783 1149 4832 C
1170 4809 1197 4818 -
1215 4783 1240 4832 2.
1257 4782 1374 4845 praebuit
1389 4797 1415 4833 re
1425 4783 1444 4833 Τ
1456 4785 1483 4833 et
1494 4784 1623 4835 Faernus:

302 4855 445 4920 proelutue
461 4857 496 4914 ν;
520 4856 605 4906 tribuit
621 4869 646 4906 se
663 4858 682 4906 C
703 4883 729 4893 -
752 4857 776 4905 2.
794 4856 994 4906 mercennurius
1010 4857 1086 4906 VES
1104 4857 1139 4918 (el
1155 4855 1225 4906 haud
1243 4854 1324 4907 dubie
1341 4858 1384 4918 Tl:
1407 4859 1590 4909 montorium
1608 4861 1625 4910 F

305 4931 355 4982 GO
374 4957 400 4966 -
421 4929 613 4991 accensens,
637 4930 729 4980 sedin
749 4932 765 4980 s
783 4942 852 4980 corr.
871 4931 1042 4981 Akuondn'no
1061 4958 1087 4966 -
1107 4931 1131 4981 i.
1146 4933 1288 4995 populorli
1308 4959 1335 4969 -
1354 4934 1379 4983 9.
1397 4933 1503 4984 doment
1519 4935 1550 4983 T:
1570 4947 1623 4985 om.

303 5006 384 5056 VCO
403 5032 430 5039 -
449 5010 494 5054 cut
509 5006 573 5056 TC:
596 5019 627 5054 oc
645 5006 694 5055 VO
713 5032 739 5041 —
764 5006 804 5055 rc.
822 5019 879 5055 cum
895 5007 937 5056 len
953 5008 970 5056 S
991 5035 1013 5044 -
1041 5006 1446 5068 memutecomeuassolus;
1465 5009 1626 5059 centnm

303 5081 350 5131 EF
364 5107 389 5117 -
410 5081 450 5130 ll.
468 5079 527 5130 lorl.
540 5085 593 5130 turn
605 5081 670 5129 lulio
682 5106 708 5116 -
726 5081 864 5142 repetendis
880 5081 899 5131 E
918 5085 978 5143 [non
991 5085 1019 5144 G)
1039 5110 1065 5119 -
1083 5089 1150 5133 oetot
1166 5084 1231 5134 TV:
1248 5088 1334 5134 uetant
1351 5084 1401 5135 CO
1416 5111 1442 5120 -
1462 5084 1502 5134 ⁴3.
1521 5097 1577 5133 curn
1593 5097 1626 5134 ec

303 5155 481 5206 auctoritateV
495 5182 521 5190 —
536 5157 575 5205 ⁴5.
593 5156 638 5205 siti
654 5161 707 5205 tun
723 5157 858 5205 munere
870 5155 930 5207 edd.
946 5161 1009 5208 vett.
1023 5161 1113 5208 contra
1125 5158 1203 5208 codd.
1219 5185 1246 5196 -
1267 5159 1306 5208 ⁴6.
1324 5172 1419 5220 poenos
1435 5173 1487 5209 orn.
1502 5161 1521 5209 E
1538 5159 1624 5218 solus;

303 5236 327 5281 et
342 5245 415 5296 prou
427 5258 441 5268 ·
453 5256 469 5266 -
480 5235 592 5281 vetarent
608 5231 689 5281 habel
708 5233 852 5282 Arusianus
870 5246 895 5297 p.
909 5234 957 5283 255
975 5235 1002 5284 L.
1018 5261 1044 5270 -
1065 5235 1104 5283 l‘l.
1122 5234 1154 5282 Et
1170 5233 1206 5281 V:
1225 5233 1267 5283 sed
1283 5233 1333 5283 CO
1354 5259 1380 5268 -
1400 5234 1439 5284 49.
1458 5234 1544 5298 pobtnt
1560 5235 1578 5285 l*
1597 5263 1623 5271 —

304 5306 344 5357 20.
363 5321 380 5355 o
398 5307 435 5356 C:
453 5319 467 5355 e
482 5304 504 5353 V
523 5331 551 5342 -
574 5305 714 5355 Branedusto
731 5307 748 5355 F
758 5308 804 5356 GS
823 5333 850 5343 -
875 5308 915 5358 il.
933 5309 1024 5359 cidem
1042 5308 1105 5372 (scil.
1125 5309 1233 5370 reditus)
1251 5307 1287 5357 V:
1310 5310 1419 5359 uiderem
1436 5311 1499 5369 003
1522 5311 1626 5360 uiderim

305 5384 373 5431 conl.
393 5380 524 5432 Garatoni.
544 5407 571 5416 -
590 5382 643 5431 ulto
658 5382 706 5444 suit
722 5381 757 5428 V:
774 5383 823 5444 suit
838 5383 892 5433 ullo
909 5385 958 5435 CO
979 5412 1005 5421 -
1023 5399 1067 5435 nec
1085 5385 1118 5432 V:
1136 5396 1215 5447 neque
1231 5385 1250 5434 C
1271 5411 1297 5420 -
1316 5385 1357 5434 22.
1376 5384 1410 5433 od
1425 5397 1464 5434 me
1477 5384 1574 5446 publice
1589 5386 1624 5434 V:

302 5454 371 5518 pull.
390 5457 424 5505 od
439 5468 479 5505 ene
495 5456 544 5505 CO
564 5484 590 5493 -
609 5456 650 5509 ᾗ.
668 5458 846 5507 coneursruV:
865 5472 1013 5510 concursum
1030 5461 1148 5520 sss&
1168 5473 1296 5509 occursum
1312 5461 1337 5510 Μ
1356 5487 1383 5496 -
1401 5460 1443 5509 νῦ.
1462 5462 1530 5522 opud
1545 5474 1627 5511 ornnes

306 5533 367 5583 EF:
387 5533 454 5594 opud
470 5531 578 5581 leminea
594 5533 630 5586 V:
655 5545 708 5582 om.
726 5534 776 5583 SM
795 5559 821 5568 -
846 5535 886 5584 27.
904 5536 952 5598 suit
967 5549 1025 5585 cum
1041 5536 1075 5583 V:
1100 5535 1148 5597 suit
1165 5549 1213 5596 quo
1231 5535 1279 5586 CO
1299 5562 1325 5571 -
1350 5535 1390 5585 28.
1406 5535 1573 5597 populumque
1590 5536 1623 5584 V:

304 5608 472 5671 populumque
488 5608 626 5656 Roneouum
643 5607 692 5658 CO
706 5633 732 5641 -
751 5609 807 5670 ipso
822 5609 882 5658 nus
899 5611 917 5660 F
931 5638 957 5646 -
975 5611 1016 5660 ἓν.
1034 5611 1138 5659 conciso
1155 5611 1187 5670 E,
1205 5610 1264 5661 lort.
1281 5610 1399 5660 conuulso
1415 5623 1448 5658 eu
1460 5610 1556 5661 redibere
1565 5612 1624 5671 suis,

307 5688 336 5736 ut
353 5687 394 5736 est
411 5685 435 5734 iu
453 5683 528 5733 Verr.
548 5684 577 5742 V,
596 5682 611 5747 5
630 5682 685 5732 486.
706 5709 732 5717 -
752 5683 792 5734 30.
808 5685 927 5749 propredi
943 5684 980 5735 V:
997 5685 1129 5747 procedere
1146 5686 1174 5735 C.
1199 5685 1236 5737 Cl.
1249 5685 1318 5736 Bake
1336 5684 1378 5746 lV,
1392 5699 1417 5749 p.
1430 5686 1488 5738 306.
1504 5713 1530 5723 -
1550 5687 1590 5737 34.
1603 5692 1626 5736 et

307 5759 399 5808 muti
416 5785 440 5794 -
459 5756 499 5807 33.
516 5770 556 5809 me
566 5783 603 5794 --
614 5762 760 5807 cennoemut
775 5759 858 5809 hahet
873 5761 894 5810 Α
907 5788 934 5798 -
954 5772 1031 5822 quam
1047 5759 1176 5822 nupturos
1193 5774 1246 5810 orn.
1260 5758 1337 5809 codd.
1351 5762 1410 5810 Aac.
1427 5787 1453 5797 -
1473 5759 1513 5811 ss.
1526 5775 1552 5823 p.
1565 5774 1626 5810 cou-

307 5833 394 5895 scripti
410 5832 474 5882 VC:
491 5838 555 5894 pret.
573 5831 652 5884 codd.
665 5833 737 5894 Asc,
754 5834 803 5911 sed
820 5836 896 5885 Laur.
912 5841 998 5898 potres
1015 5835 1056 5899 (ex
1066 5835 1219 5888 contusione
1231 5835 1450 5900 compendiorum
1465 5849 1506 5899 pr.
1520 5838 1581 5900 etp.
1591 5835 1623 5897 c.)

313 5933 340 5947 ·-
357 5906 547 5961 conlocaverunt
563 5908 595 5970 E,
613 5907 765 5959 mdoconnt
782 5910 811 5960 A.
