3800 7350
1563 1223 1588 1273 V

281 1362 373 1431 marli
394 1349 585 1429 Parlslni
606 1383 692 1429 num.
706 1357 824 1446 7774,
838 1364 882 1449 Α,
906 1368 969 1433 lam
990 1366 1033 1431 ab
1047 1365 1121 1433 allls
1136 1368 1270 1452 saepius
1283 1368 1448 1458 usurpati,
1467 1369 1588 1438 lectio-

280 1504 342 1552 nes
361 1486 457 1551 tanta
471 1483 645 1573 dulgentia
659 1487 847 1572 exscripsit,
867 1490 906 1553 ut
926 1486 1007 1553 nihil
1028 1487 1210 1572 perfectius
1223 1488 1293 1554 lieri
1310 1491 1459 1575 potuisse
1471 1496 1587 1559 nostro

280 1608 370 1691 lore,
399 1607 453 1691 qul
483 1604 567 1673 duas
594 1608 678 1674 allas
698 1608 843 1675 ciusdem
865 1610 938 1676 llhrl
960 1610 1158 1676 collationes
1179 1608 1222 1675 ad
1244 1629 1358 1678 manus
1379 1611 1590 1698 habebamus,

280 1727 475 1814 praedicare
495 1731 665 1816 possimus

364 1971 458 2056 Quae
480 1975 628 2060 sequitur
650 1975 791 2040 oratlo
813 1973 1066 2055 liontelana,
1086 1970 1170 2040 haec
1184 1973 1218 2038 ln
1233 1991 1273 2039 ea
1291 1975 1405 2060 parte,
1426 1993 1510 2061 quae
1525 1978 1587 2042 lam

279 2100 358 2165 ante
389 2116 483 2185 quam
519 2094 719 2163 Niebuhrlus
751 2114 840 2161 nova
866 2097 938 2161 elus
968 2095 1128 2161 orationis
1156 2096 1344 2185 fragmenta
1370 2098 1589 2183 repperisset,

279 2224 361 2285 nota
383 2222 472 2302 erat,
494 2217 558 2285 hoc
580 2220 705 2304 proprii
727 2217 841 2301 habet,
863 2215 951 2304 quod
973 2218 1071 2283 etiam
1092 2236 1180 2284 nunc
1194 2216 1301 2283 codex
1315 2217 1371 2284 llle
1385 2217 1589 2306 archetypus

280 2342 410 2426 exstat,
439 2359 482 2407 ex
511 2360 575 2427 quo
602 2344 734 2407 ceteros
756 2358 884 2426 omnes,
910 2340 965 2425 qui
987 2338 1074 2407 hanc
1094 2343 1222 2425 partem
1242 2337 1383 2425 habent,
1412 2338 1589 2407 deduxisse

281 2464 486 2554 argumentis
507 2462 698 2529 certissimis
719 2462 967 2548 conprobatum
988 2465 1050 2528 cst.
1092 2463 1128 2527 Is
1149 2461 1257 2528 codex
1280 2465 1332 2527 est
1354 2460 1589 2530 Vaticanus

280 2587 335 2652 ille
357 2585 594 2672 nobilissimus,
616 2585 649 2648 ln
673 2603 735 2670 quo
758 2584 855 2649 etlam
878 2584 1047 2650 orationes
1065 2582 1271 2671 Philippicae
1283 2586 1430 2669 scriptae
1446 2587 1591 2652 exstant.

281 2706 345 2791 cui
374 2710 483 2774 autem
510 2707 634 2773 lactum
663 2707 708 2774 slt
736 2710 774 2771 ut
800 2724 841 2772 ex
864 2705 928 2773 hoc
950 2681 1066 2772 codice
1087 2708 1165 2791 post
1185 2705 1347 2772 lectiones
1367 2725 1388 2773 a
1408 2704 1589 2774 Niebuhrlo

281 2830 315 2895 ln
345 2825 551 2896 Orationem
576 2848 639 2915 pro
668 2822 720 2893 M.
744 2826 890 2893 Fonteio
917 2829 982 2893 cet.
1008 2826 1217 2916 frapmerttis
1238 2847 1270 2912 p.
1294 2824 1372 2894 112
1405 2827 1591 2913 publicatas

281 2953 406 3037 aliquot
427 2968 534 3017 novas
554 2968 616 3017 nec
631 2947 893 3017 contemnendas
914 2949 1011 3015 nobis
1032 2949 1184 3033 prolerre
1204 2950 1338 3034 liceret,
1359 2968 1391 3034 p.
1405 2945 1486 3016 462
1508 2951 1588 3016 bre-

281 3073 369 3139 rlter
389 3070 566 3139 indicatum
588 3074 651 3138 est.

366 3312 514 3381 Oratio
536 3315 792 3383 Caeclnlana
813 3316 865 3379 est
886 3331 953 3378 una
975 3331 1018 3379 ex
1039 3314 1100 3395 iis,
1127 3330 1209 3399 quas
1230 3312 1398 3403 Poggius,
1427 3315 1465 3378 ut
1486 3332 1589 3399 supra

283 3437 438 3524 dlxlmus,
467 3436 590 3521 primus
610 3434 653 3502 ad
675 3436 854 3521 populares
874 3454 954 3500 suos
975 3436 1172 3521 reportarit·
1214 3431 1284 3502 Sed
1305 3434 1416 3524 gratla
1436 3434 1590 3503 habenda

282 3562 334 3625 est
355 3559 511 3625 fortunae
532 3558 745 3648 benignitati,
768 3556 855 3644 quod
876 3555 991 3623 cadem
1010 3559 1116 3624 oratio
1138 3558 1236 3623 etlam
1257 3558 1290 3622 in
1311 3557 1479 3623 nonnullis
1494 3557 1590 3624 codd.

281 3681 486 3751 Germanicis
512 3684 648 3746 servata
674 3683 737 3745 est.
778 3680 904 3746 Horum
929 3682 992 3745 lam
1019 3684 1119 3747 antea
1146 3684 1246 3747 notus
1274 3684 1346 3747 crat
1371 3679 1590 3765 Erfurtcnsls,

282 3808 336 3891 qul
364 3810 519 3890 quantum
550 3802 745 3891 vulgaribus
770 3802 898 3868 ltallcls
926 3806 1129 3890 praestaret,
1158 3820 1230 3869 cunr
1251 3820 1294 3868 ex
1318 3802 1392 3887 lpsa
1412 3803 1589 3870 lectionum

281 3927 430 3993 bonitate
462 3924 560 3991 facile
592 3926 665 3989 erat
694 3924 882 4008 intellectu,
913 3928 979 3989 tum
1015 3925 1210 4015 fragmentis
1237 3923 1382 3991 eiusdem
1413 3924 1589 4012 orationis,

281 4065 366 4134 quae
387 4045 563 4132 Peyronus
579 4064 622 4111 ex
644 4046 857 4132 palimpsesto
873 4045 1068 4112 'taurinensi
1092 4046 1245 4132 protulit,
1266 4045 1511 4130 comprobatum
1527 4050 1589 4113 cst.

282 4169 381 4235 Alter
401 4166 508 4234 codex
522 4165 666 4234 eiusdem
682 4168 825 4233 familiae
838 4166 1027 4234 hirlurtensl
1042 4171 1077 4234 et
1091 4169 1257 4232 vetustior
1275 4170 1310 4232 et
1324 4169 1357 4232 ln
1371 4165 1458 4232 haud
1473 4171 1590 4254 paucls

282 4293 364 4357 locls
391 4290 506 4356 melior
533 4293 648 4355 nostra
669 4287 795 4354 demum
816 4292 929 4355 aetate
949 4290 992 4355 ad
1014 4290 1233 4356 litteratorum
1255 4287 1418 4354 hominum
1439 4292 1588 4357 notitiam

283 4413 446 4499 pervenit·
484 4412 520 4477 ls
541 4415 594 4478 est
613 4411 936 4500 'legernseensls
957 4413 1013 4478 llle
1034 4411 1189 4498 inclytus,
1211 4430 1275 4496 quo
1290 4409 1452 4479 Garatoni
1466 4414 1590 4498 primus

283 4538 316 4600 ln
338 4534 425 4602 curls
446 4531 601 4602 secundis
621 4531 664 4599 ad
686 4532 898 4599 Plancianam
920 4536 954 4600 et
975 4535 1010 4598 in
1024 4533 1209 4599 Miloniana
1222 4551 1303 4598 usus
1317 4535 1380 4599 est·
1408 4534 1589 4602 Lectiones

284 4657 378 4723 holus
398 4654 524 4725 codicis
543 4654 585 4721 ad
608 4651 838 4722 caeclnlanam
861 4656 996 4740 primunr
1017 4656 1142 4740 petitae
1164 4658 1241 4719 sunt
1264 4672 1305 4722 ex
1327 4653 1459 4722 schedis
1478 4654 1590 4724 Gara-

284 4779 427 4845 tonlanls
454 4796 539 4864 quae
567 4776 752 4843 Ravennae
780 4780 1014 4865 asservantur,
1043 4778 1098 4844 ubi
1126 4776 1332 4845 anoooaus
1358 4776 1590 4844 Mcanrsssrus

283 4901 491 4969 collationem
514 4898 654 4986 codlcls,
675 4919 770 4986 quam
785 4898 944 4968 Garatoni
967 4901 1009 4967 ab
1023 4900 1150 4966 loanne
1163 4896 1402 4985 christophoro
1416 4899 1589 4966 Harlesslo

283 5023 477 5106 acceperat,
498 5020 674 5107 descripsit
696 5026 730 5087 et
751 5040 823 5088 com
841 5022 971 5088 Halmio
993 5024 1253 5089 communicavit.
1289 5021 1345 5088 Ab
1366 5041 1406 5088 eo
1427 5023 1590 5090 lectiones

282 5142 447 5211 lordanus
474 5145 603 5228 accepit
632 5147 667 5209 et
691 5145 725 5207 in
752 5145 1026 5211 commentatione
1054 5144 1095 5212 dc
1116 5144 1189 5212 cod.
1209 5142 1371 5232 legeras
1392 5147 1457 5210 cet.
1479 5143 1586 5231 (hips.

284 5264 406 5337 iace)
427 5265 619 5351 publicavit.
646 5263 751 5333 Nobis
772 5268 914 5357 contigit
934 5269 974 5332 ut
993 5270 1026 5332 ln
1046 5267 1190 5334 editione
1211 5272 1328 5359 nostra
1340 5266 1503 5334 lectiones
1519 5265 1589 5334 'de-

281 5388 497 5478 gernscensls
528 5389 627 5473 paulo
659 5389 847 5454 accuratius
872 5388 999 5455 reicrre
1030 5407 1218 5475 possemus,
1251 5406 1323 5457 oum
1349 5407 1436 5455 anno
1461 5387 1587 5455 demum

283 5501 366 5569 l853
394 5511 575 5595 exemplum
604 5510 685 5575 illud
707 5507 860 5576 edltlonls
880 5509 1114 5596 Ernestianae,
1142 5511 1175 5577 ln
1198 5511 1291 5578 culus
1312 5509 1514 5601 marginibus
1534 5511 1589 5577 le-

284 5633 413 5700 ctiones
433 5631 558 5700 codlcls
577 5632 839 5723 'tegernseensis
861 5631 1049 5718 descriptae
1063 5635 1216 5708 exstant,
1237 5635 1280 5701 ab
1295 5636 1322 5701 l.
1335 5630 1412 5701 Chr.
1425 5632 1589 5699 Harlesstl

284 5756 407 5843 nepote
420 5753 635 5822 Woldemaro
658 5755 827 5822 inventum
841 5757 940 5822 essct
976 5752 1046 5823 Sed
1067 5757 1166 5842 paolo
1188 5757 1377 5843 postellam
1394 5755 1589 5847 benigniore
