3800 7350
301 1174 384 1244 lddd
702 1183 854 1250 oaarlo
875 1183 1099 1250 PHILIPPICA
1119 1186 1204 1251 XIII.

303 1352 449 1418 consules
464 1352 578 1417 adsunt
591 1372 663 1417 cum
678 1353 796 1435 cupite:
819 1354 853 1415 L.
868 1353 989 1428 Planci,
1011 1353 1147 1417 consulis
1162 1354 1334 1438 designati,
1357 1356 1458 1420 varia
1474 1362 1511 1419 et
1527 1373 1647 1438 magna

302 1446 421 1509 auxilia
440 1466 505 1510 non
526 1446 655 1510 desuutr
677 1446 710 1510 ln
730 1448 767 1509 Ι).
789 1447 875 1509 Bruti
898 1446 997 1509 salute
1018 1454 1171 1510 certatur:
1200 1468 1281 1513 unus
1301 1449 1453 1514 furiosus
1478 1448 1648 1531 gladiator

303 1557 373 1602 cum
394 1539 644 1602 taeterrimorum
664 1538 820 1603 latronum
841 1559 936 1604 manu
958 1547 1067 1604 contra
1087 1541 1237 1624 patriam,
1259 1551 1371 1610 contra
1385 1542 1474 1607 deos
1493 1550 1647 1626 penates,

303 1639 412 1696 contra
432 1650 503 1695 aras
524 1639 556 1696 et
576 1631 676 1707 iocos,
698 1640 806 1696 contu
829 1640 977 1718 quattuor
998 1634 1145 1697 consules
1167 1635 1247 1718 gerit
1267 1636 1399 1704 bellum.
1435 1635 1531 1700 Huic
1549 1637 1647 1701 ceda-

279 1729 394 1790 ⁵must
416 1726 509 1789 bolus
530 1724 729 1790 conditiones
743 1727 928 1791 audiamus?
951 1746 1022 1790 cum
1037 1727 1098 1790 boo
1117 1747 1226 1810 pacem
1240 1727 1307 1793 lieri
1322 1749 1425 1814 posse
1440 1730 1647 1795 credamort

386 1821 467 1885 VIII.
489 1818 720 1903 lepusculum
742 1827 791 1884 est
811 1840 851 1884 ne
873 1821 1096 1904 opprimamur.
1128 1820 1198 1884 Non
1219 1830 1325 1886 metuo
1348 1843 1391 1886 ne
1414 1825 1463 1900 is,
1488 1824 1555 1908 qui
1577 1826 1647 1889 suis

302 1915 503 1999 amplissimis
528 1912 663 1978 iomanis
691 1914 754 1977 nisi
781 1914 875 1978 bonis
902 1913 998 1977 salvis
1022 1913 1084 1977 irui
1106 1934 1171 1977 non
1191 1923 1310 1999 potest,
1339 1918 1464 2001 prodat
1496 1916 1646 1982 salutem

304 2028 402 2073 suam.
437 2012 542 2072 Itonos
564 2007 648 2071 cives
669 2009 805 2092 primum
824 2016 935 2072 natura
948 2005 1059 2082 elficit,
1081 2008 1337 2073 adiuratdeinde
1351 2010 1511 2086 fortuna3
1538 2010 1647 2073 omni·

304 2101 363 2166 bus
384 2103 467 2166 enim
489 2100 579 2166 bonis
602 2103 729 2187 expedit
749 2102 866 2166 salvam
889 2121 960 2164 esee
980 2121 1046 2166 rem
1067 2100 1244 2184 publicam:
1266 2103 1322 2166 sed
1344 2104 1379 2167 in
1399 2105 1463 2179 iis,
1488 2104 1554 2188 qui
1580 2103 1648 2167 for·

267 2199 403 2260 tttuuati
429 2203 519 2270 suut,
551 2196 649 2278 magis
677 2194 711 2257 id
737 2203 876 2279 apparet
919 2190 970 2257 ll.
993 2195 1071 2272 Quis
1100 2194 1289 2258 fortunatior
1316 2195 1460 2280 Lepido,
1494 2205 1539 2261 ut
1569 2206 1646 2261 ante

304 2290 391 2352 dixit
413 2292 483 2374 quis
505 2288 615 2351 eodem
637 2290 764 2352 saniori
791 2289 876 2351 Vidit
897 2289 966 2351 eius
987 2288 1175 2352 maestitiam
1197 2297 1291 2373 atquo
1313 2290 1464 2355 lacrimas
1488 2290 1645 2375 populos

303 2384 460 2447 Romanus
481 2383 722 2465 Lupercalibus:
743 2382 824 2446 vidit
845 2402 940 2467 quam
962 2381 1117 2457 abiectus,
1138 2402 1233 2464 quam
1248 2384 1411 2447 coniectus
1428 2391 1542 2459 esset,
1567 2403 1644 2446 cum

304 2476 429 2540 Caesari
450 2475 595 2540 diadema
615 2477 781 2559 imponens
794 2476 949 2540 Antonius
972 2495 1095 2540 serrum
1117 2496 1152 2540 se
1169 2475 1363 2561 illiusquam
1379 2478 1552 2562 collegam
1569 2497 1644 2543 esee

303 2569 447 2634 malebat
489 2570 552 2646 Qui
584 2572 610 2633 si
642 2570 771 2655 reliquis
798 2571 923 2654 flagitiis
951 2577 983 2633 et
1012 2570 1184 2634 sceleribus
1213 2589 1248 2633 se
1270 2572 1429 2635 abstinere
1451 2572 1645 2657 potuisset,

265 2671 407 2727 atamen
436 2684 533 2728 unum
563 2663 604 2727 ob
624 2663 684 2727 boe
704 2663 821 2728 Iactum
843 2665 972 2747 dignum
1001 2663 1090 2727 illum
1112 2663 1198 2727 omni
1220 2683 1323 2746 poena
1343 2671 1508 2747 putarem.
1559 2665 1644 2729 llam

302 2760 329 2822 ei
351 2757 558 2839 ipseservire
586 2765 723 2840 poterat,
750 2757 841 2821 nobis
864 2757 1023 2821 dominum
1045 2777 1102 2821 cur
1122 2757 1323 2841 imponebatl
1345 2764 1378 2820 et
1399 2758 1428 2821 si
1450 2758 1530 2823 eius
1555 2778 1646 2842 pue·

301 2853 374 2915 ritia
401 2851 571 2935 pertulerat
599 2850 745 2915 libidines
771 2870 895 2926 eorum,
924 2852 980 2936 qui
1002 2859 1091 2914 erant
1110 2852 1143 2914 iu
1166 2870 1237 2914 eum
1260 2852 1401 2935 tyranni,
1432 2854 1585 2918 etiamne
1609 2854 1646 2918 ia

301 2951 427 3009 nostros
448 2946 566 3009 liberos
589 2944 748 3009 dominum
771 2952 803 3008 et
822 2953 989 3029 tyrannum
1004 2944 1224 3027 comparabat?
1248 2945 1358 3028 ltaque
1373 2944 1429 3010 illo
1444 2948 1644 3024 interfecto,

304 3039 430 3124 qualem
451 3041 484 3102 in
507 3059 565 3103 nos
588 3057 659 3101 eum
682 3057 751 3102 esse
773 3037 888 3113 coluit,
918 3038 989 3101 talis
1012 3038 1082 3121 ipse
1104 3038 1280 3101 incuteres
1302 3038 1433 3103 exstitit.
1479 3036 1539 3104 te.
1565 3042 1646 3118 Qua

265 3133 386 3196 neuim
409 3135 441 3197 in
463 3133 607 3198 barbaria
628 3132 796 3216 quisquam
818 3140 880 3196 tam
901 3139 1018 3207 taeter,
1045 3141 1107 3195 tam
1130 3130 1266 3195 crudelis
1296 3138 1449 3215 tyrannus
1472 3152 1581 3217 quam
1605 3133 1643 3195 in

301 3227 360 3290 bac
388 3229 466 3291 urbe
496 3228 589 3291 armis
619 3225 822 3289 barbarorum
845 3226 979 3309 stipatus
1000 3227 1177 3290 Antoniuet
1208 3225 1340 3288 Caesare
1362 3222 1559 3290 dominante
1581 3246 1644 3290 re-

302 3320 465 3385 niebamus
487 3322 519 3384 in
542 3328 699 3395 senatum,
721 3321 749 3383 si
772 3338 837 3383 non
859 3315 977 3393 libere,
997 3327 1029 3383 at
1050 3328 1154 3382 tamen
1176 3327 1254 3382 tuto.
1290 3319 1358 3381 Hoc
1379 3318 1579 3404 archipirata
1594 3351 1642 3368 -

303 3412 379 3497 quid
406 3415 490 3477 enim
520 3415 620 3478 dicam
650 3417 806 3498 tyrannol
828 3413 968 3476 -haec
991 3412 1140 3479 subsellia
1161 3413 1201 3476 ab
1221 3414 1352 3496 Ityraeis
1373 3414 1640 3497 occupabantur.

303 3508 448 3592 Prorupit
477 3508 580 3571 subito
607 3508 825 3582 brundisium,
855 3515 889 3570 ut
918 3506 991 3570 inde
1020 3508 1142 3590 agmine
1164 3507 1315 3591 quadrato
1338 3505 1378 3569 ad
1400 3507 1516 3570 urbem
1539 3528 1640 3571 acce·

265 3598 408 3663 rederet:
435 3600 640 3665 lautissimum
672 3600 824 3685 oppidum
854 3621 939 3664 nunc
965 3600 1157 3685 municipum
1185 3600 1499 3677 bonestirsImorum,
1525 3622 1639 3686 quou-

304 3693 375 3757 dam
404 3695 601 3770 colonorum,
635 3696 801 3770 Suessam,
830 3695 1071 3759 fortissimorum
1103 3695 1237 3757 militum
1270 3695 1424 3778 sauguine
1457 3697 1636 3780 implevit:

207 3822 209 3827 ·
303 3789 461 3852 Brundisii
483 3789 516 3851 in
537 3789 610 3852 sinu
631 3809 694 3852 non
716 3789 811 3852 modo
832 3789 1046 3863 avarissimae,
1069 3787 1122 3851 sed
1145 3790 1238 3852 etiam
1260 3789 1498 3855 crudelissimae
1514 3791 1635 3854 uxoris

304 3883 443 3946 delectos
473 3884 602 3947 blartiae
630 3883 765 3966 legionis
793 3883 991 3947 centuriones
1019 3882 1193 3945 trucidavit
1236 3882 1313 3945 Inde
1343 3904 1377 3947 se
1409 3902 1474 3966 quo
1503 3883 1634 3958 furore,

304 3996 368 4059 quo
389 3976 501 4038 ardore
522 3977 562 4040 ad
583 3977 710 4051 urbem,
732 3976 765 4039 id
787 3984 851 4051 cst,
874 3976 913 4038 ad
936 3977 1063 4039 caedem
1080 3976 1190 4059 optImi
1205 3976 1359 4058 cuiusque
1373 3977 1534 4060 rapiebatl
1559 3999 1632 4062 quo

265 4078 444 4152 ectempore
467 4071 500 4134 di
520 4072 581 4154 ipsi
601 4071 792 4134 immortales
818 4069 1008 4153 praesidium
1029 4070 1234 4153 improvisum
1256 4089 1313 4132 nec
1336 4072 1543 4154 opinantibus
1568 4093 1631 4136 uo-

303 4162 350 4226 bis
378 4164 569 4228 obtulerunt.
611 4165 667 4227 III.
689 4160 740 4227 le.
766 4164 907 4228 Caesaris
932 4163 1016 4227 enim
1046 4162 1238 4225 incredibilis
1270 4183 1306 4225 ac
1327 4164 1433 4228 divina
1454 4167 1555 4229 virtus
1580 4166 1629 4228 la·

303 4259 402 4320 tronis
423 4259 560 4341 impetus
582 4258 725 4322 crudeles
747 4279 784 4321 ac
805 4257 992 4321 furibundos
1014 4257 1196 4320 retardarit:
1219 4277 1316 4340 quem
1336 4264 1404 4320 tum
1417 4257 1472 4322 ille
1488 4258 1627 4324 demens

302 4351 427 4414 laedere
448 4372 482 4415 se
504 4352 633 4435 putabat
654 4353 782 4426 edictis,
811 4353 978 4434 ignorans,
1011 4370 1226 4435 quaecumque
1248 4349 1327 4414 falso
1349 4351 1384 4413 in
1405 4370 1476 4414 eum
1500 4352 1625 4416 diceret

304 4441 349 4529 [in
371 4446 600 4509 sanctissimum
621 4441 881 4529 adolescentem],
903 4465 940 4509 ea
956 4464 1029 4509 vere
1048 4442 1190 4507 recidere
1212 4445 1244 4507 in
1259 4445 1440 4508 memoriam
1461 4447 1623 4528 pueritiae

368 4671 391 4720 l.
410 4671 745 4733 aeoctt-ptoncei-
763 4672 787 4722 2.
805 4672 832 4721 iu
849 4672 886 4722 D:
904 4671 1028 4722 ΜΟ·-
1047 4671 1341 4734 amelorticaimaea-
1361 4669 1529 4721 armar:
1548 4675 1621 4722 teter.

302 4743 423 4808 bgtlo;
448 4746 512 4795 ilem
535 4744 599 4795 intra
616 4758 641 4795 v.
659 4744 812 4796 ioasolus
829 4751 907 4796 taeter
925 4771 953 4782 -
978 4746 1002 4798 l.
1022 4752 1232 4810 womag-
1259 4747 1283 4796 b.
1302 4744 1485 4794 cmdtdoaera
1504 4759 1623 4808 -poere

299 4820 387 4884 peria
406 4844 432 4855 ·-
451 4819 475 4868 l.
494 4818 636 4870 bociacod.
655 4821 759 4884 Langii:
777 4819 846 4871 noble
863 4819 961 4880 ebti;
980 4821 1083 4886 uobbg
1100 4849 1127 4858 -
1144 4822 1245 4885 possiti
1263 4847 1290 4858 -
1310 4822 1335 4871 8.
1353 4818 1621 4884 cloch-[orroeos]

301 4898 396 4943 aalma
412 4896 422 4943 t
439 4918 467 4929 -
486 4894 510 4943 9.
528 4896 593 4944 euim
609 4907 661 4945 om.
681 4896 691 4943 t
709 4921 736 4930 -
760 4895 797 4944 lia
812 4894 859 4959 hg
877 4921 904 4931 -
930 4897 970 4946 tl.
988 4898 1075 4946 sonim
1090 4896 1208 4947 eidem
1224 4898 1276 4947 elus
1292 4901 1318 4957 t;
1343 4894 1447 4946 aanor?
1462 4896 1520 4946 atde
1535 4896 1621 4946 ema

304 4994 330 5007 -
351 4967 391 5018 ts.
408 4968 470 5017 cidit
485 4981 538 5018 orn.
557 4971 568 5018 t
585 4995 612 5006 -
634 4982 711 5032 quom
733 4968 840 5019 obiectas
860 4975 922 5039 esset
944 4984 1021 5033 quom
1041 4972 1106 5036 cens.
1123 4978 1183 5022 erret
1199 4971 1231 5030 b;
1254 4985 1330 5032 ceam
1346 4971 1454 5021 αὸίωω
1468 4976 1528 5020 erret
1543 4983 1623 5032 qaam

301 5044 423 5106 consecute
439 5045 445 5093 i
464 5068 492 5078 -
511 5043 551 5093 ⁴3.
564 5044 682 5107 inponens
697 5057 752 5108 ag;
767 5058 862 5107 ponens
877 5047 906 5106 t;
924 5047 1060 5109 imponeret
1077 5047 1084 5095 i
1102 5071 1129 5082 -
1149 5045 1231 5107 lia]
1248 5058 1272 5095 re
1289 5047 1313 5104 i;
1331 5047 1353 5095 ai
1368 5059 1393 5095 ae
1410 5047 1420 5094 t
1437 5069 1465 5079 -
1483 5057 1509 5094 re
1525 5046 1621 5095 om.ti

304 5146 331 5155 -
351 5120 390 5168 ⁴5.
409 5117 441 5166 ob
457 5118 578 5167 locn-
598 5118 637 5168 ld.
656 5118 790 5168 dominlren
806 5132 823 5184 g
841 5143 868 5157 -
887 5120 939 5183 inp.
958 5124 993 5185 gt
1011 5148 1038 5159 -
1065 5121 1106 5172 49.
1125 5122 1282 5171 incessum
1298 5120 1372 5170 abt:
1390 5120 1619 5177 missorio,

302 5205 318 5256 g
334 5206 390 5242 eum
407 5195 467 5256 post
481 5192 559 5242 votuit
574 5192 662 5242 habet.
683 5219 710 5229 -
731 5194 796 5244 inter
811 5200 902 5247 ceteros
918 5210 933 5247 a
952 5224 979 5233 -
998 5197 1079 5246 entim
1096 5196 1149 5245 mei
1166 5221 1193 5231 —
1218 5195 1260 5246 20.
1278 5196 1304 5245 iu
1320 5199 1381 5246 ante
1398 5194 1468 5245 barb.
1486 5208 1541 5246 om.
1560 5198 1619 5256 Di;

301 5269 328 5316 ic
344 5279 396 5329 qao
411 5267 476 5316 enim
486 5266 529 5316 ed.
543 5267 606 5317 Ven.
622 5267 692 5317 llil.
709 5294 732 5304 -
754 5269 794 5318 ²2.
813 5275 923 5322 unomen
934 5272 954 5322 0
967 5296 995 5306 -
1014 5275 1069 5321 tato
1085 5274 1120 5320 at
1138 5295 1165 5305 -
1184 5269 1225 5320 33.
1241 5271 1273 5319 ob
1287 5272 1381 5331 utareie
1391 5268 1423 5330 b;
1442 5269 1475 5319 ob
1488 5275 1583 5331 tgroeia
1593 5275 1619 5333 t;

302 5343 333 5392 ab
349 5343 427 5392 itircts
442 5343 501 5405 agl
519 5367 541 5376 -
565 5347 717 5404 occupantur
734 5342 762 5393 b¹
783 5372 807 5380 -
826 5347 867 5397 33.
885 5349 986 5410 opidum
1002 5349 1062 5410 agl
1081 5372 1107 5381 -
1126 5346 1279 5406 mocmpom
1296 5346 1437 5395 Manutius:
1455 5345 1620 5408 mooicipmr

302 5418 381 5468 codd.
402 5416 571 5480 (mmmmm,
589 5418 811 5469 boncslbsimorom
827 5422 952 5482 quondam
968 5421 1040 5483 edd.)
1060 5448 1086 5458 -
1107 5421 1149 5470 26.
1167 5419 1311 5469 relcuom
1325 5422 1414 5469 cim
1428 5433 1537 5470 merrom
1553 5435 1569 5471 a
1590 5448 1618 5459 -·

300 5494 403 5558 inpleuit
419 5507 435 5557 g
450 5521 483 5530 —
502 5495 543 5544 27.
561 5494 670 5543 bmodisi
692 5494 710 5542 b
729 5522 756 5530 -
780 5496 821 5546 29.
839 5499 873 5546 ud
894 5497 990 5547 coelom
1012 5497 1097 5559 optimi
1113 5497 1184 5546 culus
1201 5497 1211 5544 t
1229 5519 1256 5531 —
1278 5496 1319 5544 30.
1338 5497 1363 5544 di
1379 5495 1409 5546 b:
1429 5497 1463 5544 dit
1480 5497 1499 5546 0
1518 5521 1546 5532 -
1570 5498 1620 5559 ipsi

301 5573 409 5620 immori.
429 5571 496 5632 liam,
515 5571 585 5631 agl)
602 5570 642 5618 Di
659 5570 732 5631 (item
749 5572 764 5621 5
781 5571 841 5621 edd.
860 5574 923 5622 vett.
936 5585 1003 5636 quas
1020 5573 1054 5622 ad
1071 5585 1180 5622 menum
1198 5569 1349 5632 babemus):
1368 5573 1475 5620 immori.
1493 5571 1541 5632 ipsi
1557 5572 1619 5621 0-

300 5648 400 5709 r'nproo.
419 5648 478 5709 agt
497 5671 522 5681 -
543 5658 573 5695 ae
589 5645 655 5706 opto.
675 5648 728 5693 t-
754 5647 794 5697 31.
813 5649 947 5708 etenim,
965 5648 1085 5698 ienimt
1102 5673 1129 5682 -
1154 5647 1195 5696 33.
1213 5647 1341 5708 inpetrata
1361 5672 1387 5682 -
1410 5646 1515 5694 enodetis
1531 5644 1571 5695 bt
1589 5672 1618 5682 -

303 5721 342 5770 33.
360 5723 386 5770 io
403 5735 458 5770 eum
475 5721 565 5770 diceret
581 5717 633 5768 bt:
652 5719 679 5768 ic
695 5732 751 5770 eam
767 5733 819 5770 om.
838 5723 939 5785 agi0;
958 5724 1074 5772 indiceret
1090 5721 1168 5771 codd.
1187 5719 1353 5785 complures,
1371 5720 1441 5771 unde
1459 5720 1576 5771 Faernus
1592 5721 1621 5770 ie

302 5796 332 5844 iis
349 5797 407 5856 dic,
426 5795 558 5845 Ferrarius
574 5794 596 5842 ia
612 5794 675 5854 dic.;
694 5806 742 5845 nos
759 5797 845 5860 potius
861 5798 888 5847 ie
904 5800 982 5847 sooct.
998 5796 1064 5847 odet.
1078 5800 1107 5846 ut
1122 5794 1254 5861 glossema
1271 5793 1433 5846 inclusimus.
1447 5821 1474 5832 -
1493 5793 1534 5845 sl.
1548 5796 1620 5848 odat.

302 5872 338 5921 at
357 5897 383 5905 -
401 5871 536 5923 reciderent
552 5871 612 5940 gti.
