3800 7350
684 1217 757 1282 cn.
781 1216 943 1282 vr-vu.
970 1215 1015 1300 sp
1039 1213 1186 1282 ra-ls.
1510 1211 1591 1283 uss

353 1382 465 1449 15.Α1
492 1385 575 1448 enim
608 1387 663 1449 Cn.
685 1386 854 1468 Pompeius
876 1387 1038 1469 rogatione
1062 1407 1119 1450 sua
1141 1388 1233 1450 etde
1256 1409 1289 1451 re
1311 1397 1342 1451 et
1364 1388 1403 1451 de
1425 1409 1521 1452 causa
1542 1390 1592 1451 iu·

267 1480 398 1554 dicavit3
427 1479 500 1542 tulit
521 1480 604 1543 enirn
627 1480 666 1543 de
688 1479 798 1554 caede,
827 1500 909 1564 quae
932 1481 964 1542 in
987 1481 1091 1565 Appia
1113 1482 1160 1544 via
1180 1481 1267 1544 lacta
1289 1490 1386 1556 osset,
1417 1483 1448 1544 in
1472 1501 1536 1564 qua
1556 1484 1590 1544 Ρ.

267 1574 395 1638 Clodius
424 1575 546 1638 occisus
573 1582 665 1637 esset.
710 1573 794 1649 Quid
817 1594 892 1657 crgo
922 1574 1019 1637 tulit?
1048 1577 1168 1658 Nempe
1191 1581 1225 1638 ut
1248 1584 1461 1658 quaereretur.
1504 1575 1590 1653 Quid

266 1686 360 1750 porro
390 1667 606 1750 quaerendum
636 1671 707 1730 cst?
737 1669 907 1730 Factumne
937 1668 1000 1729 sit?
1034 1669 1074 1730 At
1103 1675 1234 1731 constat.
1267 1670 1403 1752 Aquot
1430 1673 1471 1732 st
1491 1679 1590 1752 paret.

267 1760 352 1824 Vidit
379 1760 475 1843 igitur
504 1760 596 1825 etiam
622 1762 655 1824 in
683 1759 882 1824 consessione
911 1760 984 1823 iacti
1008 1761 1086 1824 iuris
1109 1768 1213 1824 tamen
1235 1761 1450 1826 defensionem
1472 1766 1614 1848 suscipit

267 1875 370 1940 posse.
404 1853 496 1931 Quod
518 1854 580 1917 nisi
601 1854 731 1918 vidisset
752 1874 845 1938 posse
868 1853 990 1917 absolvi
1013 1874 1101 1928 eum,
1125 1855 1180 1937 qui
1193 1854 1359 1929 fateretur,
1383 1877 1454 1920 cum
1469 1858 1592 1921 videret

266 1969 325 2012 nos
352 1947 460 2022 lateri,
487 1968 592 2031 neque
621 1948 729 2032 quaeri
760 1967 909 2030 umquam
930 1948 1075 2012 iussisset
1096 1968 1155 2012 neo
1176 1949 1266 2012 vohis
1287 1957 1349 2011 tam
1371 1948 1591 2014 banc'saluta·

267 2063 330 2105 rem
360 2042 393 2103 in
422 2041 592 2106 iudicando
622 2042 757 2105 litteram
781 2061 875 2125 quam
897 2041 983 2104 illam
1006 2041 1127 2104 tristem
1150 2041 1300 2105 dedisset.
1336 2041 1414 2106 Mihi
1435 2063 1511 2107 vcro
1534 2044 1590 2107 Cn.

267 2136 435 2219 Pompeius
457 2157 520 2200 non
542 2137 637 2199 modo
662 2135 741 2199 nihil
764 2136 890 2218 gravius
913 2143 1022 2198 contra
1044 2135 1194 2199 blilonem
1216 2136 1388 2209 iudicasse,
1417 2135 1472 2199 sed
1495 2138 1590 2200 etiam

267 2229 415 2292 statuisse
444 2228 583 2303 videtur,
612 2230 688 2312 quid
717 2249 772 2292 vos
802 2229 834 2290 in
865 2229 1036 2291 iudicando
1058 2231 1203 2311 spectare
1222 2238 1391 2312 oporteret
1431 2232 1508 2293 Nam
1533 2233 1629 2314 quito

267 2342 331 2384 non
363 2342 499 2404 poenam
532 2323 737 2396 confessioni,
770 2323 825 2385 sed
857 2321 1073 2386 defensionem
1103 2322 1209 2396 dedit,
1239 2324 1265 2385 is
1294 2342 1419 2386 causam
1445 2326 1590 2388 interitus

267 2417 495 2498 quaerendam,
524 2439 588 2480 non
615 2418 774 2480 interitum
796 2416 927 2499 putavit
972 2417 1040 2479 Vll.
1063 2411 1112 2477 16.
1136 2417 1201 2478 lam
1223 2416 1302 2478 illud
1324 2416 1407 2479 dicet
1428 2417 1497 2499 ipse
1518 2437 1591 2499 pro-

267 2511 365 2585 lecto,
398 2511 484 2595 quod
514 2531 571 2574 sua
598 2518 711 2593 sponte
740 2509 830 2584 fecit,
864 2510 1017 2574 Publione
1046 2510 1155 2573 Clodio
1185 2510 1384 2573 tribuendum
1414 2512 1529 2593 putarit
1550 2531 1589 2573 an

267 2604 410 2686 tempori.
450 2605 541 2668 Domi
571 2625 647 2668 suae
676 2604 893 2668 nobilissimus
920 2605 987 2677 vir,
1018 2610 1144 2666 senatus
1173 2611 1386 2686 propugnator
1407 2612 1504 2688 atque
1525 2604 1590 2668 illis

268 2698 396 2780 quidem
419 2698 609 2783 temporibus
632 2719 732 2781 paene
755 2704 924 2781 patronus,
947 2696 1122 2761 avunculus
1143 2697 1237 2760 buius
1260 2696 1372 2760 iudicis
1390 2700 1505 2772 nostri,
1526 2698 1627 2764 ior-rs

267 2790 380 2853 tissimi
409 2791 486 2863 viri,
514 2793 555 2854 bl.
579 2791 723 2866 Catonis,
753 2792 898 2855 tribunus
927 2791 974 2875 pl.
994 2794 1035 2854 Μ.
1057 2793 1178 2853 Drusus
1200 2792 1325 2854 occisus
1348 2799 1405 2854 est.
1440 2791 1526 2854 Nihil
1549 2791 1589 2855 de

267 2884 336 2946 eius
358 2891 458 2947 morte
480 2886 616 2968 populus
629 2885 801 2959 consultus,
824 2884 913 2968 nulla
927 2886 1073 2967 quaestio
1088 2884 1215 2948 decreta
1229 2905 1248 2948 a
1262 2893 1372 2949 senatu
1388 2892 1446 2948 ast
1480 2885 1590 2961 Quan-

268 2984 332 3040 tum
354 2976 470 3041 luctum
493 2979 525 3042 in
547 2979 607 3042 hac
628 2979 705 3042 urbe
726 2978 826 3041 fuisse
842 2999 861 3041 a
877 2980 993 3042 nostris
1007 2978 1146 3062 patribus
1159 2980 1351 3061 accepimus,
1372 2999 1443 3043 cum
1458 2981 1492 3043 Ρ.
1507 2979 1589 3044 stri-

267 3091 364 3146 cano,
387 3070 471 3134 dorni
494 3092 570 3136 suae
593 3074 784 3156 quiescenti,
807 3072 861 3135 illa
883 3079 1036 3135 nocturna
1057 3073 1105 3136 vis
1128 3080 1213 3135 esset
1228 3072 1331 3136 illatal
1355 3073 1427 3157 quis
1442 3079 1508 3135 tum
1523 3091 1589 3135 uon

267 3164 407 3247 gemuit?
430 3165 503 3248 quis
525 3186 589 3229 non
612 3166 688 3228 arsit
710 3164 837 3238 dolore,
860 3185 955 3247 quem
970 3164 1188 3238 immortalem,
1209 3164 1236 3227 si
1251 3165 1319 3228 lieri
1335 3171 1456 3249 posset,
1479 3186 1627 3233 omnesso

267 3277 336 3321 esse
367 3267 532 3339 cuperent,
556 3259 624 3323 cius
653 3280 693 3321 ne
720 3259 929 3323 necessariam
953 3257 1081 3339 quidem
1105 3264 1318 3340 exspectatam
1341 3278 1411 3322 esse
1434 3262 1589 3323 mortem?

266 3353 347 3414 Num
379 3351 475 3434 igitur
506 3352 570 3415 ulla
602 3353 746 3436 quaestio
781 3352 821 3414 do
855 3349 991 3413 Athicani
1026 3358 1126 3414 morte
1159 3351 1221 3413 lata
1254 3355 1327 3414 esti
1370 3352 1460 3416 Certe
1491 3353 1589 3416 nulla.

270 3441 318 3506 17.
342 3443 426 3520 Quid
449 3446 514 3509 ilat
537 3447 613 3529 quia
635 3468 698 3510 non
719 3446 781 3509 alio
803 3444 941 3508 facinore
964 3443 1040 3506 clari
1062 3443 1225 3518 homines,
1247 3444 1311 3509 alio
1334 3445 1461 3508 obscuri
1474 3464 1590 3509 necan-

268 3548 326 3602 tur.
367 3541 492 3602 lntersil
520 3540 602 3603 inter
631 3542 711 3604 vitae
734 3539 914 3622 dignitatem
942 3557 1137 3600 summorum
1159 3545 1258 3622 alque
1279 3535 1476 3602 intimorum:
1505 3558 1591 3617 mors

268 3632 397 3716 quidem
418 3633 504 3697 illata
530 3653 586 3718 per
607 3634 709 3698 scelus
730 3635 829 3699 isdem
853 3640 885 3695 et
906 3632 1019 3715 poenis
1046 3639 1189 3695 teneatur
1211 3639 1242 3694 et
1263 3632 1403 3714 legibus:
1428 3633 1489 3696 nisi
1509 3630 1627 3704 fortess

268 3728 365 3810 magis
387 3729 446 3790 erit
467 3729 638 3811 parricida,
667 3730 693 3792 si
717 3728 772 3814 qui
794 3727 993 3790 consularem
1015 3732 1151 3810 patrem,
1178 3743 1272 3809 qusm
1294 3727 1322 3790 si
1345 3728 1416 3810 quis
1438 3727 1590 3792 humilem

267 3822 401 3895 necarit,
430 3830 484 3884 aut
514 3842 553 3885 eo
583 3843 666 3886 mors
697 3823 832 3886 atrocior
860 3821 919 3883 erit
947 3821 980 3882 P.
1005 3819 1124 3894 Clodii,
1153 3819 1239 3904 quod
1268 3820 1295 3883 is
1323 3819 1356 3882 in
1378 3821 1590 3885 monumentis

267 3916 418 3978 maiorum
440 3935 570 3978 suorum
599 3920 640 3980 sit
668 3915 850 3979 interfectus
873 3947 915 3959 —
937 3914 999 3976 boc
1021 3917 1104 3976 enim
1127 3913 1259 3975 abistis
1281 3933 1376 3996 saepe
1399 3913 1517 3977 dicitur
1537 3946 1589 3990 -,

266 4007 398 4090 proinde
421 4010 512 4093 quasi
534 4010 653 4093 Appius
675 4009 729 4072 ille
752 4010 871 4072 Caecus
893 4010 975 4071 viam
999 4007 1182 4080 muniverit,
1205 4027 1267 4070 non
1284 4027 1345 4089 qua
1368 4008 1506 4090 populus
1521 4016 1589 4071 utc-

267 4109 368 4175 retur,
392 4104 447 4164 sed
470 4101 526 4164 ubi
548 4103 675 4186 impune
697 4102 746 4165 sui
769 4103 886 4185 posteri
908 4101 1188 4164 latrocinarenturl
1233 4095 1283 4161 l8.
1303 4101 1411 4184 ltaque
1431 4102 1463 4163 in
1479 4101 1627 4170 esdemao

266 4194 327 4255 ista
348 4194 451 4276 Appia
472 4196 524 4257 via
545 4215 616 4259 curn
638 4196 868 4259 ornatissimum
892 4194 1033 4279 equitem
1063 4194 1236 4255 Romanum
1259 4194 1291 4254 P.
1316 4192 1445 4257 Clodius
1468 4197 1508 4257 Μ.
1533 4198 1590 4259 Pa·

267 4286 382 4369 pirium
405 4285 586 4362 occidisset,
608 4308 672 4351 non
694 4287 755 4350 t'uit
775 4287 855 4350 illud
876 4287 1000 4351 lacinus
1023 4287 1235 4368 puniendum3
1257 4287 1353 4350 bomo
1368 4288 1452 4351 enim
1474 4288 1590 4352 nobilis

268 4383 300 4444 in
323 4380 388 4443 suis
411 4382 624 4445 monumentis
646 4382 785 4466 equitem
814 4383 988 4445 Romanum
1011 4381 1183 4443 occiderat:
1205 4399 1290 4444 nuno
1312 4382 1454 4444 eiusdem
1469 4383 1590 4465 Appiae

269 4493 383 4537 nornen
406 4482 540 4556 quantas
562 4475 737 4557 tragoedias
767 4475 900 4538 excitat!
935 4473 1025 4549 Quae
1047 4480 1209 4537 cruentata
1231 4481 1324 4537 antea
1345 4473 1442 4538 caede
1463 4474 1589 4538 honesti

267 4576 363 4650 atque
384 4566 562 4631 innocentis
583 4569 642 4630 riri
665 4568 830 4641 silebatur,
859 4569 968 4631 eadem
998 4586 1083 4629 nunc
1113 4567 1222 4629 crebro
1253 4576 1439 4650 usurpatur,
1467 4575 1628 4653 postea-ss

268 4679 361 4744 quam
386 4658 518 4723 latronis
541 4667 573 4723 et
593 4660 767 4743 parricidae
790 4663 943 4745 sanquine
966 4661 1086 4723 imbuta
1102 4667 1158 4723 est.
1192 4659 1254 4722 Sed
1270 4661 1348 4744 quid
1362 4679 1421 4743 ego
1436 4660 1492 4725 illa
1506 4682 1591 4726 com·

268 4757 429 4817 memoro?
461 4754 711 4839 Comprehensos
734 4757 836 4818 estin
859 4754 976 4837 templo
999 4755 1136 4818 Castoris
1158 4774 1268 4818 servus
1290 4756 1323 4818 Ρ.
1346 4753 1465 4830 Clodii,
1494 4777 1590 4839 quem

331 5005 355 5052 l.
374 5003 664 5053 stethu-dudiosolt
682 5004 761 5055 babet
784 5007 802 5054 B
823 5032 849 5040 -
874 5002 916 5067 pir.
940 5004 989 5055 ΤΕ
1007 5003 1116 5066 ubique.
1138 5030 1162 5038 -
1190 5006 1448 5057 aautedmom.
1468 5008 1542 5057 BTS
1561 5036 1587 5043 —

266 5081 289 5130 3.
304 5081 369 5141 sts'd
383 5093 461 5142 porro
472 5105 508 5115 --
519 5085 546 5128 ot
561 5079 796 5142 porstbabetls-
812 5079 1225 5142 umeroshumeros
1241 5107 1267 5116 -
1280 5085 1308 5129 ot
1322 5086 1396 5142 poros
1411 5083 1471 5132 Bet
1485 5082 1589 5133 lamb:

266 5155 415 5218 apporstT,
433 5160 460 5204 ot
477 5161 584 5217 apparet
602 5157 633 5214 E;
652 5161 679 5205 ot
692 5158 789 5219 potsts
803 5184 829 5192 -
844 5156 868 5204 7.
881 5156 945 5205 hooc
962 5155 1167 5204 solutarsml'E:
1185 5154 1260 5204 solut.
1275 5154 1395 5205 hsocSO
1408 5183 1434 5192 —
1453 5156 1478 5207 8.
1491 5158 1591 5207 maan

267 5228 425 5293 Olubiquo).
441 5257 468 5266 -
487 5230 562 5280 Mlcll
578 5231 598 5280 Τ
615 5229 732 5293 (ubique)
751 5256 777 5265 -
799 5231 838 5280 to.
857 5231 884 5279 ts
900 5242 954 5278 om.
967 5230 987 5278 Τ
1002 5257 1026 5264 --
1048 5230 1086 5280 lt.
1106 5229 1158 5290 ipss
1173 5228 1236 5278 diost
1252 5228 1297 5278 ES
1316 5257 1342 5263 —
1363 5228 1403 5280 ll.
1422 5232 1505 5280 mmor·
1522 5231 1542 5280 Τ
1562 5257 1587 5268 —·

268 5307 307 5354 ts.
323 5319 400 5367 posse
416 5306 436 5355 T
455 5332 482 5341 -
500 5306 589 5355 lodtcts
603 5308 682 5355 nostri
698 5307 730 5356 T:
749 5306 840 5355 iudbss
857 5305 934 5354 nostri
953 5304 986 5361 E;
1004 5304 1082 5353 nostri
1098 5303 1186 5353 iudicis
1201 5304 1248 5352 80
1267 5328 1294 5340 -
1314 5304 1353 5354 16.
1372 5303 1486 5354 tribuous
1499 5305 1535 5365 pl.
1553 5307 1588 5355 Π.

267 5381 365 5429 Bressos
380 5381 474 5430 occisus
489 5385 525 5430 sst
539 5379 622 5430 babet
639 5382 657 5431 n
678 5407 704 5417 -
724 5381 764 5430 ta.
782 5393 840 5431 suen
855 5381 881 5429 P.
894 5378 1013 5440 Africano
1029 5378 1096 5426 domi
1111 5390 1173 5426 asos
1187 5379 1373 5440 conquiesceret
1391 5377 1446 5440 (stc)
1458 5379 1477 5428 B
1491 5405 1517 5413 -
1537 5379 1589 5441 qod

269 5452 405 5503 b.l.T-
425 5454 464 5504 19.
483 5456 639 5506 atuoT—
658 5456 698 5505 20.
716 5459 809 5519 penult
826 5454 917 5505 TES:
936 5452 1131 5516 immerso-
1151 5452 1384 5503 inmortulsrnl-
1404 5451 1589 5517 stuslss's'usE

271 5554 295 5566 ·-
316 5527 1587 5593 neom.T-2h.offrlcoolT-2³.ohscurol·1—25 tsslotoE-s’sdssnlltlllsdsmh

269 5603 427 5652 thomo-
447 5608 471 5654 st
487 5605 649 5666 antepositis
664 5617 717 5654 om.
736 5604 822 5654 TS-
842 5605 882 5656 27.
901 5603 998 5653 record
1013 5601 1076 5652 TE:
1094 5602 1219 5652 mauult
1235 5600 1323 5651 SO-
1340 5601 1382 5652 28.
1401 5601 1433 5651 oh
1449 5603 1591 5668 tsttsscsps

268 5677 330 5726 TE:
348 5689 421 5740 scope
436 5677 468 5727 oh
483 5678 631 5729 otoso-
649 5679 690 5729 ao.
708 5678 1083 5729 Protods--lotrocs'norsntor
1098 5675 1257 5728 bebetB-
1276 5677 1382 5727 mindo
1397 5677 1510 5728 TEBS:
1529 5679 1589 5728 Per·

269 5751 406 5800 11ὼο-
423 5753 663 5803 muotussttTES:
681 5753 855 5812 tumoris&
881 5752 1034 5803 mwslsrlto
1053 5752 1141 5803 -30,
1159 5751 1286 5814 inpuros
1309 5778 1335 5789 -
1360 5750 1400 5801 at.
1419 5753 1496 5815 apios
1516 5752 1537 5803 Τ
1558 5778 1587 5790 -

269 5825 308 5876 st.
326 5837 391 5887 quos
406 5831 581 5878 omousion
592 5827 688 5879 bibus
702 5833 739 5882 cst
754 5827 835 5881 habet
850 5826 993 5880 Diomedes
1013 5839 1041 5893 p.
1059 5825 1121 5888 l68,
1139 5827 1155 5877 'l
1172 5838 1232 5894 sqq.
1251 5852 1278 5863 -
1301 5825 1341 5880 37.
1360 5826 1589 5894 comm·-

268 5900 439 5953 conlosoosrot
454 5899 536 5956 huhst
551 5901 580 5956 ll.
