3800 7350
692 1229 939 1298 cmv-vn.
966 1225 1181 1315 §sss-u.
1534 1220 1600 1286 eoa

274 1401 410 1486 primum
439 1401 525 1486 quod
547 1389 724 1465 distributis
751 1402 894 1485 partibus
925 1420 1028 1464 sermo
1057 1408 1105 1463 est
1131 1405 1196 1463 tota
1223 1398 1301 1463 Asia
1328 1397 1516 1483 dissipatus,
1545 1395 1601 1460 Cn.

272 1496 476 1580 Pompeium,
505 1494 592 1579 quod
619 1496 655 1558 L.
676 1494 788 1559 Flacco
817 1503 903 1559 esset
929 1495 1133 1559 vehementer
1161 1494 1326 1568 inimicus,
1355 1491 1555 1556 contendisse
1583 1509 1602 1552 a

271 1590 312 1652 ll.
333 1585 463 1663 Laelio,
492 1596 628 1671 paterno
650 1590 750 1654 amico
772 1610 809 1653 ac
830 1590 1089 1673 pernecessario,
1117 1597 1153 1653 ut
1172 1588 1258 1651 hunc
1277 1585 1339 1651 hoc
1360 1585 1477 1650 iudicio
1499 1604 1603 1648 arces·

271 1690 375 1758 serat,
404 1701 597 1765 omnemque
619 1681 649 1745 ei
672 1703 762 1745 suam
783 1683 1021 1757 auctoritatem,
1049 1683 1198 1765 gratiam,
1226 1682 1353 1767 copias,
1380 1699 1458 1765 opes
1479 1678 1602 1743 adhoc

270 1775 438 1857 negotium
465 1776 699 1840 conficiendum
732 1775 895 1841 detulisse.
931 1776 969 1838 ld
990 1776 1053 1839 hoc
1074 1777 1140 1841 veri
1162 1776 1298 1841 similius
1319 1776 1445 1838 Graecis
1465 1772 1626 1837 homini-¹⁵

271 1870 333 1934 bas
353 1866 536 1946 ridebatur,
559 1870 647 1955 quod
667 1870 764 1953 paulo
785 1878 858 1933 ante
879 1871 912 1934 in
935 1870 1047 1934 eadem
1068 1870 1233 1953 provincia
1250 1868 1438 1932 familiarem
1459 1866 1602 1930 Laelium

271 1964 387 2028 Flacco
415 1963 570 2029 viderant.
613 1964 754 2047 Pompeii
781 1972 886 2029 autem
908 1965 1083 2027 auctoritas
1104 1983 1177 2027 cum
1198 1962 1283 2048 apud
1304 1981 1414 2025 omnes
1437 1967 1524 2024 tanta
1545 1968 1603 2033 est,

272 2063 393 2141 qnama
413 2076 484 2121 esse
506 2058 619 2132 debet,
640 2065 708 2121 tum
731 2057 860 2121 excellit
881 2059 915 2120 in
936 2059 998 2121 ista
1018 2058 1200 2142 provincia,
1221 2075 1316 2141 quam
1337 2074 1442 2137 nuper
1461 2062 1495 2117 et
1513 2071 1604 2138 prae·

273 2150 395 2216 donum
415 2159 449 2216 et
468 2170 578 2235 regum
599 2151 684 2214 bello
708 2151 861 2214 liberavit.
893 2151 1049 2215 Adiunxit
1070 2150 1141 2225 illa,
1171 2158 1207 2213 ut
1228 2169 1299 2223 eos,
1321 2149 1377 2233 qui
1399 2148 1493 2212 domo
1515 2147 1603 2212 exire

272 2245 439 2319 nolebant,
460 2246 633 2310 testimonii
656 2244 895 2308 denuntiatione
920 2253 1070 2319 terreret,
1093 2245 1149 2327 qni
1165 2244 1251 2307 domi
1272 2251 1356 2307 stare
1369 2261 1435 2306 non
1448 2247 1604 2325 poteram,
1613 2252 1641 2298 to

272 2338 361 2423 largo
381 2347 416 2403 ct
435 2339 559 2403 liberali
580 2338 696 2401 viatico
719 2347 942 2402 commoveret.
987 2334 1038 2401 l5.
1061 2340 1113 2401 Sic
1138 2337 1327 2402 adolescens
1348 2335 1469 2420 ingenii
1489 2335 1603 2419 plenus

272 2432 446 2518 locupletes
466 2443 572 2507 metu,
601 2439 713 2496 tennes
735 2433 892 2514 praemio,
915 2432 1030 2496 stultos
1051 2451 1159 2495 errore
1181 2431 1358 2515 permovit;
1386 2429 1432 2493 sic
1453 2435 1528 2492 sunt
1548 2447 1605 2491 ex·

270 2545 383 2609 pressa
403 2527 466 2591 ista
487 2526 663 2611 praeclara,
693 2544 775 2609 quae
796 2526 987 2601 recitantur,
1017 2525 1247 2609 psephismata,
1272 2544 1339 2588 non
1361 2522 1528 2588 sententiis
1548 2542 1605 2585 ne-

271 2635 338 2703 que
358 2621 597 2685 auctoritatibus
619 2620 793 2695 declarata,
815 2640 879 2683 non
901 2621 969 2683 iure
984 2619 1119 2682 iurando
1134 2619 1320 2694 consuicta,
1342 2617 1398 2681 sed
1413 2615 1605 2702 porrigenda

272 2732 369 2777 mmu
389 2712 677 2797 profundendoque
700 2714 838 2777 clamore
860 2713 1071 2777 multitudinis
1093 2714 1280 2776 concitatae.
1613 2721 1642 2767 44

358 2808 426 2871 Vll.
449 2807 476 2871 0
498 2826 618 2871 morem
641 2806 837 2891 praeclarum
860 2807 1145 2891 disciplinamque,
1168 2826 1264 2891 quam
1286 2805 1494 2870 amalos-ibus
1515 2822 1605 2867 acce-

271 2901 397 2986 pimns,
418 2901 446 2964 si
468 2902 598 2984 quidem
619 2901 816 2965 teneremus!
840 2900 896 2964 sed
918 2901 1027 2963 nescio
1051 2921 1114 2984 qno
1136 2909 1229 2984 pacto
1248 2901 1311 2965 iam
1326 2899 1366 2964 dc
1380 2899 1526 2964 manibus
1541 2899 1605 2963 ela·

272 2996 370 3060 bitur.
404 2994 530 3059 llnllam
553 2995 639 3059 enim
661 2995 709 3058 illi
731 2994 831 3059 nostri
855 2994 1081 3078 sapientissimi
1103 3002 1136 3058 et
1157 2994 1346 3059 sanctissimi
1368 2992 1428 3056 viri
1442 2993 1507 3057 vim
1528 3011 1605 3056 con·

271 3090 370 3154 tionis
398 3108 470 3153 esse
499 3091 685 3153 voluerunt:
716 3108 799 3172 quae
829 3090 978 3152 scisceret
998 3087 1109 3170 plebes
1130 3094 1186 3153 aut
1207 3106 1290 3172 qnae
1310 3086 1450 3172 populns
1471 3086 1604 3161 iuberet,

271 3190 431 3248 summota
450 3183 617 3258 contione,
639 3182 816 3246 distributis
837 3181 977 3265 partibus
1000 3182 1141 3245 tributim
1157 3190 1191 3245 et
1211 3180 1421 3254 centuriatim,
1436 3178 1643 3263 descriptisao

271 3278 456 3353 ordinibus,
485 3276 655 3352 classibus,
682 3276 856 3349 aetatibus,
885 3274 1001 3338 auditis
1022 3275 1214 3350 auctoribus,
1241 3295 1277 3338 rs
1298 3271 1509 3337 multosdies
1531 3290 1605 3355 pro·

271 3369 412 3455 mulgsta
438 3378 471 3435 et
499 3371 643 3453 cognita,
672 3369 773 3434 iuberi
803 3368 968 3451 vetarique
990 3368 1168 3432 voluerunt.
1211 3363 1263 3430 ld.
1285 3366 1476 3430 Graecorum
1498 3375 1605 3430 autem

272 3472 360 3529 totas
388 3464 607 3549 respublicae
630 3464 769 3528 sedentis
791 3461 948 3524 contionis
971 3462 1148 3525 temeritate
1170 3461 1440 3525 administrantur.
1483 3462 1605 3544 ltaque,

272 3566 310 3622 nt
329 3560 413 3624 hano
435 3558 616 3632 Graeciam,
643 3577 725 3641 quae
754 3557 817 3619 iam
846 3555 901 3617 diu
929 3555 996 3618 suis
1022 3555 1163 3619 consiliis
1185 3554 1333 3638 permulsa
1355 3562 1387 3617 et
1407 3553 1526 3618 afflicta
1547 3562 1605 3629 est,

273 3654 437 3729 omittam,
458 3652 513 3717 illa
534 3660 641 3726 vetus,
663 3670 746 3735 quae
769 3648 931 3735 quondam
954 3648 1085 3733 opibus,
1107 3650 1257 3733 imperio,
1279 3648 1380 3733 gloria
1396 3648 1521 3722 floruit,
1542 3647 1643 3710 hosat

272 3768 340 3811 uno
361 3747 445 3812 malo
467 3746 621 3820 concidit,
642 3746 789 3809 libertate
810 3742 1019 3806 immoderata
1040 3763 1076 3806 ac
1098 3743 1226 3807 licentia
1240 3743 1436 3807 contionum.
1470 3743 1549 3807 Cum
1571 3745 1604 3807 in

272 3842 400 3907 theano
421 3841 560 3924 imperiti
580 3838 743 3913 homines,
771 3857 876 3901 rerum
898 3836 1040 3899 omnium
1062 3835 1158 3899 rudes
1179 3836 1362 3919 ignarique,
1385 3836 1605 3912 consederant,

271 3944 341 3999 tus
362 3934 447 3999 bella
467 3933 594 3997 inutilia
615 3931 844 4016 suscipiebant,
866 3937 934 3993 tum
949 3929 1117 3993 seditiosos
1131 3928 1278 3992 homines
1291 3930 1340 3993 rei
1354 3930 1501 4013 publicae
1515 3950 1606 4016 pras-

271 4029 438 4103 centana,
466 4034 534 4090 ham
563 4027 682 4110 optime
710 4026 841 4089 meritos
870 4025 956 4088 cives
978 4043 997 4088 e
1019 4023 1146 4088 civitate
1168 4023 1344 4086 eliciebant.
1386 4017 1438 4086 ll.
1461 4024 1555 4099 Quod
1577 4025 1605 4088 si

271 4123 353 4189 baec
373 4121 505 4186 Athenis
526 4128 611 4196 tum,
640 4140 711 4183 cum
741 4119 816 4182 illae
837 4137 903 4181 non
926 4117 1029 4182 solum
1051 4117 1085 4179 in
1106 4117 1254 4191 Graecia,
1282 4116 1341 4180 sed
1359 4134 1461 4198 prope
1483 4121 1642 4182 cunctlsso

271 4215 421 4300 gentibus
442 4212 621 4288 enitebant,
650 4213 794 4277 accidere
816 4220 891 4276 sunt
910 4211 1021 4285 solita,
1044 4229 1141 4294 quam
1163 4210 1411 4274 moderationem
1432 4213 1549 4295 putatis
1570 4214 1604 4277 in

271 4310 411 4394 Phrygia
438 4315 495 4373 aut
523 4309 558 4372 in
578 4307 682 4390 Mysia
703 4308 885 4370 contionum
906 4305 1030 4368 luisset
1061 4305 1193 4368 Nostrae
1214 4303 1381 4368 contiones
1403 4302 1528 4369 illarum
1549 4325 1605 4370 na·

271 4404 397 4468 tionum
417 4401 564 4466 homines
584 4401 772 4485 plerumque
786 4398 991 4484 perturbant:
1013 4398 1109 4482 quid,
1131 4418 1203 4461 cum
1217 4398 1277 4462 soli
1290 4404 1365 4460 sunt
1377 4396 1455 4480 ipsi,
1477 4399 1604 4463 tandem

271 4493 341 4562 lieri
361 4496 502 4582 putatisl
537 4494 654 4558 Caesus
685 4503 734 4559 est
754 4495 851 4577 virgis
874 4491 1030 4576 Cymaeus
1052 4491 1106 4554 ille
1125 4491 1361 4574 Athenagoras,
1388 4493 1500 4576 quiin
1521 4492 1604 4557 lame

270 4589 467 4655 frumentum
488 4595 658 4671 exportare
680 4595 748 4652 erat
768 4608 876 4652 ansus.
911 4590 993 4652 Data
1014 4588 1121 4652 contio
1143 4587 1252 4652 Laelio
1274 4595 1332 4652 est.
1374 4587 1533 4656 Processit
1548 4587 1641 4650 illest

272 4691 305 4748 et
325 4684 465 4750 Graecus
489 4681 573 4766 apud
595 4681 732 4746 Graecos
754 4701 820 4745 non
842 4681 883 4745 de
905 4682 999 4765 culpa
1020 4701 1078 4745 sua
1100 4682 1198 4757 dixit,
1219 4681 1276 4745 sed
1292 4681 1333 4745 de
1351 4700 1457 4767 poena
1471 4688 1604 4763 questus

272 4784 332 4844 est.
365 4779 579 4842 Porrexemnt
599 4795 729 4841 manus:
759 4776 943 4862 psephisma
971 4782 1080 4841 natum
1102 4784 1160 4840 est.
1202 4776 1271 4839 Hoc
1292 4774 1508 4839 testimonium
1530 4775 1604 4837 estl

337 5033 363 5083 l.
380 5043 462 5082 meo
477 5033 677 5093 stt-·potsrao
694 5029 775 5080 arnico
792 5027 911 5081 habetB
931 5056 958 5067 -·
978 5029 1237 5095 dumamtslcul
1256 5055 1284 5066 -
1302 5030 1328 5080 t.
1346 5030 1375 5080 l..
1393 5027 1480 5079 omli
1499 5052 1526 5063 -
1545 5029 1606 5076 sssst

271 5106 338 5158 net
354 5105 513 5158 llnldmcns:
535 5109 571 5156 est
587 5106 679 5157 ceteri.
698 5132 726 5141 -
744 5106 898 5157 samanar
914 5109 1007 5159 omli
1030 5133 1057 5144 -
1081 5109 1206 5159 comit
1231 5134 1258 5144 -
1281 5107 1306 5158 A.
1324 5107 1358 5157 D.
1376 5117 1430 5156 om.
1449 5101 1556 5153 BTAl.
1575 5126 1603 5137 -

271 5181 468 5245 blanditam
483 5179 597 5231 tultae
612 5180 888 5243 bsendnnprocincta
904 5183 996 5232 AL—
1014 5182 1039 5232 8.
1058 5173 1604 5247 etprasdosam--cormsoocrcthabetll

273 5281 302 5292 -
320 5257 347 5308 ⁹.
364 5256 440 5309 stoa
451 5279 480 5293 ···
498 5256 540 5308 so.
552 5255 670 5306 solebam
685 5257 744 5306 Τ-
759 5257 898 5307 domos-
911 5259 953 5307 lt.
967 5257 1049 5308 «Cod.
1061 5263 1249 5309 commoosrsts.
1268 5259 1358 5309 Mans.
1375 5257 1435 5320 lpse
1452 5251 1495 5304 bls
1512 5249 1604 5315 (verba

271 5331 345 5383 eamn
354 5331 399 5395 ost
413 5330 481 5382 donst
490 5355 529 5368 -·
538 5329 706 5381 conaaoosbat
717 5332 799 5382 etiam
814 5332 1024 5396 interpretationi
1041 5333 1153 5385 inseruit
1163 5332 1330 5396 scholiastes)
1342 5329 1417 5382 dedtt
1426 5325 1603 5383 consaoocbst.

271 5409 303 5457 nt
321 5405 433 5459 mne
451 5403 566 5457 voluerit
586 5405 718 5457 scribere:
746 5405 828 5457 «lidd.
846 5411 1035 5457 mnaaoosreta
1054 5435 1082 5444 -
1101 5409 1142 5459 43.
1162 5421 1228 5471 qaas
1242 5409 1384 5458 resim
1399 5416 1462 5455 cum
1480 5405 1606 5467 quattuor

271 5478 607 5534 coddoaonnoma—
626 5481 666 5533 tt.
682 5495 735 5532 coa
749 5482 945 5533 tarsumenno
960 5481 1119 5534 habctB-
1138 5497 1190 5533 nos
1205 5483 1238 5534 B:
1255 5495 1301 5533 asc
1317 5479 1435 5540 srs03
1452 5478 1603 5540 astaol.-

272 5555 316 5607 tt.
332 5557 495 5609 massa
509 5559 528 5608 8
544 5560 572 5609 st
588 5558 643 5609 dno
659 5556 739 5608 codd.
752 5559 861 5622 Lagom.
881 5583 909 5594 -
928 5558 969 5608 t8.
987 5558 1053 5607 satra
1069 5559 1162 5607 conma
1179 5557 1258 5609 codd.
1271 5559 1348 5608 notos
1364 5567 1419 5606 om.
1433 5551 1479 5603 ll.
1498 5577 1526 5589 ·-
1544 5562 1606 5600 coa-

271 5630 527 5698 mstnhlqusls
546 5633 766 5684 coacioabALO
786 5631 1223 5695 -taptsosasrzptstsnst
1241 5657 1269 5668 -
1288 5625 1604 5682 ttmstssasltoas-

272 5704 315 5756 Ξῖ.
332 5709 483 5761 m?
499 5709 528 5758 st
542 5705 629 5772 mal
645 5734 674 5746 -
691 5706 851 5759 ibssdmtts
869 5707 1033 5757 contactae
1049 5707 1104 5770 (stc)
1123 5705 1240 5757 habetis
1262 5732 1290 5742 -
1313 5704 1354 5755 28.
1377 5701 1608 5754 tan--atcsstast

273 5778 393 5833 tssssn
416 5807 444 5820 -
464 5781 821 5847 tastcaosasesstmg.
839 5779 858 5836 2
876 5806 904 5818 ·-
931 5781 972 5833 30.
990 5780 1259 5832 meantes-
1277 5777 1444 5830 tamn:
1462 5774 1606 5828 ststcodd.

273 5853 486 5909 eodemm-
505 5855 787 5910 il.cassss·-asssss
802 5857 964 5910 habetn-
981 5857 1120 5919 010»th
1136 5853 1388 5906 -Asassactorose
1403 5879 1430 5889 —
1449 5851 1607 5904 somn

274 5929 424 5983 -cosdttlo
435 5930 491 5997 tsic)
501 5930 569 5988 lodo
579 5934 609 5996 ὃς
621 5933 706 5988 laedo
716 5933 867 5994 cosdem
879 5933 965 5985 ladio
974 5930 1120 5985 delendum
1131 5929 1409 5985 consuleremus-
1421 5927 1463 5978 34.
1474 5931 1500 5978 st
1509 5937 1565 5978 om.
1575 5925 1606 5976 A.
