3800 7350
721 1226 794 1288 cn.
817 1225 946 1289 rv-v.
975 1222 1021 1306 ss
1043 1220 1171 1288 7-t2.
1523 1216 1606 1286 4444

285 1393 341 1458 sed
364 1395 458 1457 etiam
481 1401 589 1457 ornata
613 1394 712 1456 tendit
727 1393 887 1457 dexteram
909 1394 1018 1457 ltaliae
1042 1414 1199 1476 suumque
1215 1394 1244 1456 ei
1267 1393 1457 1476 praesidium
1478 1392 1609 1477 pollice·

282 1496 344 1551 tur.
381 1487 474 1563 Quod
498 1486 551 1570 qui
581 1488 620 1549 ab
651 1488 704 1550 illo
733 1486 862 1549 abducit
890 1489 1081 1560 exercitum,
1112 1495 1143 1550 et
1164 1496 1340 1571 respectum
1362 1487 1608 1571 pulcherrimum

284 1590 316 1645 et
336 1581 528 1664 praesidium
552 1577 762 1644 firmissimum
785 1580 894 1643 adimit
917 1582 961 1642 rei
986 1582 1142 1662 publicae.
1179 1577 1229 1643 l0.
1248 1582 1403 1664 Equidem
1422 1582 1517 1662 cupio
1531 1580 1610 1642 haec

283 1695 379 1759 quam
401 1677 538 1758 primum
553 1676 723 1738 Antonium
744 1675 870 1747 andire,
892 1683 928 1736 ut
943 1673 1099 1756 intelligat
1115 1693 1177 1736 non
1192 1676 1229 1736 D.
1246 1676 1394 1749 Brutum,
1417 1695 1511 1757 quem
1525 1673 1608 1736 vallo

283 1769 526 1843 circumsedeat,
549 1769 604 1832 sed
628 1789 661 1831 se
684 1770 786 1850 ipsum
809 1766 957 1830 obsideri.
1001 1769 1038 1830 V.
1061 1769 1134 1830 Tria
1157 1776 1243 1831 tenet
1263 1768 1382 1851 oppida
1405 1768 1518 1831 totuin
1534 1766 1633 1830 orbes

216 1888 221 1899 ·
282 1870 453 1937 terrarum3
482 1863 577 1925 babet
604 1862 851 1924 inimicissimam
882 1860 1034 1934 Galliam;
1066 1882 1121 1923 eos
1144 1864 1256 1937 etiam,
1284 1863 1399 1946 quibus
1421 1860 1610 1934 confidebat,

282 1954 512 2030 alienissimos,
536 1954 795 2038 Transpadanos3
818 1954 907 2016 ltalia
929 1956 1032 2017 omnis
1055 1955 1170 2018 infesta
1193 1963 1258 2030 est;
1281 1964 1409 2019 exterae
1431 1958 1609 2019 nationesa

282 2050 385 2133 prima
419 2069 474 2112 ora
506 2050 657 2112 Graeciae
690 2068 791 2130 usqne
824 2048 863 2109 ad
890 2050 1068 2132 Aegyptum
1101 2050 1292 2131 optimorum
1316 2058 1347 2112 et
1367 2048 1609 2112 fortissimorum

283 2144 397 2207 civium
420 2145 561 2226 imperiis
584 2151 615 2205 et
641 2141 807 2224 praesidiis
829 2149 984 2204 tenentur.
1022 2144 1097 2205 Erat
1119 2145 1148 2205 ei
1171 2163 1242 2228 spes
1264 2164 1327 2207 una
1348 2144 1381 2205 in
1405 2143 1437 2206 C.
1459 2142 1609 2215 Antonio,

284 2237 340 2321 qui
362 2236 494 2299 duorum
516 2235 645 2299 fratrum
668 2234 823 2298 aetatibus
846 2235 970 2297 medius
994 2236 1177 2299 interiectus
1194 2237 1278 2300 vitiis
1301 2257 1372 2300 cum
1394 2245 1528 2319 utroque
1543 2254 1610 2298 cer·
1620 2248 1647 2294 44

282 2332 377 2394 tabat.
414 2331 444 2393 ls
466 2339 626 2413 tamqnam
650 2329 869 2392 extmderetnr
890 2349 907 2392 a
931 2339 1042 2392 senatu
1064 2332 1095 2392 in
1118 2331 1353 2405 Macedoniam,
1375 2339 1407 2394 et
1421 2350 1485 2393 uon
1501 2338 1610 2393 contra

282 2424 506 2506 prohiberetur
527 2421 701 2506 proficisci,
725 2423 768 2485 ita
789 2424 936 2485 cucurrit.
973 2418 1023 2485 ll.
1040 2425 1131 2500 Quae
1145 2432 1333 2507 tempestas,
1356 2425 1387 2489 di
1403 2423 1609 2488 immortales!
1682 2432 1684 2436 ’

283 2536 366 2601 quae
395 2519 536 2591 bamma,
566 2536 648 2600 quae
671 2517 816 2589 vastitas,
848 2536 929 2598 quae
959 2519 1058 2599 pestis
1080 2519 1246 2592 Graeciae,
1275 2520 1336 2581 nisi
1358 2517 1552 2581 incredibilis
1573 2536 1610 2579 44

284 2611 391 2674 divina
420 2613 519 2674 virtus
548 2611 682 2674 furentis
709 2610 846 2672 bominis
876 2619 1022 2674 conatum
1052 2619 1147 2694 atque
1168 2612 1331 2675 audaciam
1353 2611 1610 2694 compressisset!

283 2704 375 2780 Quae
403 2705 547 2768 celeritas
577 2705 631 2767 illa
658 2704 765 2766 Brutii
798 2723 880 2786 qnae
902 2705 992 2766 curat
1024 2724 1106 2787 qnae
1128 2706 1245 2768 virtusl
1272 2706 1340 2769 Etsi
1362 2725 1402 2767 ne
1426 2705 1459 2768 C.
1481 2703 1610 2787 quidem
1621 2719 1649 2765 ss

283 2799 414 2862 Antonii
437 2798 579 2863 celeritas
603 2797 832 2860 contemnenda
854 2805 917 2860 est:
940 2819 1035 2881 qnam
1057 2800 1118 2861 nisi
1141 2800 1172 2861 in
1188 2799 1239 2862 ria
1262 2799 1398 2863 caducae
1419 2798 1611 2861 hereditates

283 2892 514 2966 retardassent,
536 2892 661 2954 volasse
683 2913 771 2964 enm,
804 2912 868 2953 non
890 2891 958 2954 iter¹
972 2891 1086 2955 fecisse
1108 2892 1241 2955 diceres.
1276 2892 1365 2956 Alios
1386 2890 1426 2954 ad
1448 2891 1611 2973 negotium

283 2987 444 3069 publicum
467 2987 512 3048 ire
535 3005 604 3048 cnm
628 2987 786 3067 cupimus,
808 2986 863 3047 vix
887 2985 1025 3048 solemus
1047 2987 1235 3050 extrudere:
1257 2987 1342 3050 bunc
1363 2988 1534 3050 retinentes
1556 3004 1612 3047 ex·

282 3080 443 3143 trusimns.
479 3081 520 3142 m
548 3079 624 3162 qnid
648 3079 676 3140 ei
699 3099 769 3140 cum
791 3078 982 3160 Apollonia?
1014 3080 1092 3161 quid
1115 3100 1187 3142 cum
1213 3080 1409 3165 Dyrrachini
1439 3078 1517 3165 qnid
1538 3098 1609 3141 cnm

283 3173 431 3257 lllyricoi
456 3174 532 3257 qnid
555 3193 624 3236 cnm
649 3173 681 3234 P.
705 3172 822 3235 Vatinii
845 3173 1045 3254 imperatoris
1069 3175 1232 3237 exercitui
1255 3175 1466 3250 succedebat,
1488 3183 1524 3238 ut
1542 3175 1646 3258 ipsese

282 3266 423 3340 dicebat,
455 3267 633 3330 llortensio.
679 3267 760 3330 Certi
791 3266 871 3329 lines
893 3266 1115 3341 Macedoniae,
1145 3276 1229 3331 certa
1252 3269 1406 3343 conditio,
1436 3278 1556 3343 certus,
1584 3270 1611 3332 si

282 3361 377 3423 modo
401 3367 468 3423 erat
489 3361 589 3433 ullus,
613 3360 788 3422 exercitus:
811 3381 881 3423 cnm
905 3362 1031 3445 Illyrico
1055 3382 1128 3425 vero
1153 3371 1185 3426 et
1206 3386 1277 3428 cum
1293 3365 1410 3427 Vatinii
1432 3362 1611 3444 legionibus

283 3454 359 3538 quid
383 3462 449 3518 erat
469 3454 630 3516 Antonio?
674 3451 724 3514 ti.
746 3457 787 3517 At
809 3475 849 3516 ne
873 3458 969 3517 Bruto
992 3456 1136 3538 quidem:
1160 3458 1192 3520 id
1207 3460 1290 3522 enim
1305 3459 1439 3521 sortasse
1454 3458 1612 3540 quispiam

282 3548 446 3630 improbus
469 3548 593 3610 dixerit.
626 3546 744 3610 Omnes
765 3547 924 3629 legiones,
947 3568 1057 3612 omnes
1073 3551 1198 3633 copiae,
1221 3571 1303 3634 quae
1318 3553 1436 3635 ubique
1453 3559 1543 3623 sunt,
1564 3550 1611 3611 rei

281 3641 541 3726 publicassent:
572 3660 630 3705 nec
660 3640 745 3704 enim
775 3661 831 3705 eae
855 3642 1012 3725 legiones,
1043 3663 1124 3728 quae
1146 3646 1188 3708 Μ.
1211 3646 1383 3710 Antonium
1405 3645 1649 3730 reliqueruntss

347 3896 372 3944 4.
391 3895 507 3945 44444444
530 3895 536 3942 4
560 3919 586 3928 -
613 3894 638 3943 i.
656 3895 723 3954 qnod
743 3895 786 3956 qni
809 3895 864 3943 Vi:
891 3908 971 3957 qnare
988 3895 1031 3956 qni
1048 3893 1222 3958 probabiliter
1238 3897 1306 3946 coni.
1325 3898 1449 3948 Faernus.
1475 3897 1611 3961 Zumptius

282 3971 362 4020 etiam
379 3969 412 4020 de
430 3969 503 4020 Olfic.
521 3971 546 4028 4,
565 3968 580 4031 S
598 3966 629 4018 44
647 3971 756 4029 qnodqni
773 3969 900 4020 inducere
918 3968 1011 4028 voluit,
1030 3974 1121 4018 contra
1140 3983 1221 4034 quem
1239 3973 1312 4021 recte
1330 3972 1357 4021 F.
1377 3975 1406 4022 G.
1425 3969 1500 4020 tund
1517 3971 1544 4020 in
1562 3969 1611 4018 Ob-

280 4058 362 4094 44444.
380 4045 446 4094 44444.
465 4045 495 4093 44
511 4044 669 4093 emendandis
685 4043 755 4092 tibris
771 4045 801 4093 44
817 4047 858 4108 off.
879 4043 1035 4107 (Nylriobing
1053 4044 1125 4107 4848)
1144 4046 1199 4109 p.'l
1216 4047 1334 4097 monuit:
1354 4049 1533 4109 «Numquam,
1552 4047 1611 4109 opi-

281 4134 343 4181 nor,
362 4119 404 4180 nt,
423 4123 452 4170 ut
468 4119 576 4181 qnodqui
593 4118 689 4168 eodem
708 4118 788 4168 modo
810 4121 925 4182 ponatur
942 4120 1022 4180 atque
1040 4120 1106 4181 qnod
1122 4119 1156 4180 st,
1180 4120 1248 4181 4444
1262 4119 1318 4181 sbi,
1342 4118 1406 4170 alie:
1429 4132 1516 4181 neque
1535 4117 1610 4168 444444

281 4197 445 4259 coniungens
462 4193 524 4245 iilud
542 4194 608 4256 quod
624 4191 675 4256 [alii
693 4195 760 4255 qnod
776 4193 918 4265 παρέλκων
929 4195 1033 4254 vocant]
1051 4194 1084 4243 44
1102 4193 1252 4244 subiectum
1269 4193 1381 4245 relatum
1394 4195 1540 4257 reperies.»
1558 4192 1610 4242 Sed

281 4270 354 4333 quod
376 4269 449 4320 addit
471 4268 560 4319 locum
584 4282 623 4318 or.
636 4267 710 4319 -Pbil
728 4270 764 4328 Χ,
788 4270 803 4334 5
822 4272 852 4320 44
874 4271 986 4321 tortasse
1010 4267 1119 4317 meliore
1141 4268 1343 4333 interpungendi
1360 4268 1461 4318 ratione
1479 4268 1507 4317 et
1522 4268 1610 4332 ipsum

280 4347 367 4398 sonari
391 4358 483 4409 posse,
508 4358 556 4396 nos
573 4344 681 4407 quidem
706 4356 757 4407 qne
778 4345 829 4395 hoc
847 4344 914 4395 eitici
932 4343 1016 4409 possit
1033 4355 1085 4391 non
1103 4341 1233 4392 videmus.
1261 4343 1299 4391 Ci.
1319 4345 1408 4393 tamen
1426 4344 1505 4394 ctiam
1522 4342 1610 4392 linasii

281 4420 342 4470 adn.
361 4420 395 4471 ad
412 4421 515 4484 Reisigii
532 4420 618 4471 schol.
638 4422 665 4470 4..
680 4422 707 4470 l..
726 4434 751 4484 p.
765 4420 823 4470 378.
838 4449 864 4457 -
884 4426 906 4470 44
923 4423 1060 4481 respectum
1072 4430 1125 4466 orn.
1140 4419 1162 4474 i;
1182 4415 1214 4466 ci.
1229 4416 1353 4478 Pbi1.xl,
1372 4417 1439 4481 526.
1454 4444 1481 4452 -
1501 4417 1525 4469 4.
1538 4430 1611 4478 quem

277 4499 390 4559 primum
406 4490 483 4545 V¹'—
509 4496 568 4546 tort.
588 4497 623 4546 44.
641 4496 775 4545 Antonium
794 4521 821 4531 -
843 4495 970 4558 intellegor
991 4494 1011 4541 V
1032 4520 1057 4529 -
1083 4492 1243 4542 deciman
1266 4519 1293 4528 -
1317 4494 1341 4542 5.
1359 4493 1537 4542 circrsauedent
1553 4492 1609 4540 Vi:

281 4574 440 4624 circnnuedet
457 4572 499 4623 ed.
512 4574 624 4635 Nauger.
640 4599 667 4608 -
686 4571 801 4622 obsideris
811 4571 834 4620 V
846 4598 874 4608 -
893 4572 1011 4634 oppidoto
1028 4570 1054 4618 in
1066 4569 1087 4615 V
1101 4594 1127 4604 -
1147 4570 1172 4618 7.
1191 4567 1399 4631 4444444444441ι
1411 4594 1438 4603 -
1457 4573 1559 4618 4444444
1569 4566 1608 4616 V:

281 4651 366 4701 444444
381 4648 459 4712 bgt;
478 4661 551 4698 44444
568 4660 583 4696 4
602 4672 629 4683 ·-
649 4648 765 4709 aprima
783 4660 830 4696 ora
846 4646 922 4697 edd:
941 4646 1055 4708 aprime
1072 4657 1116 4693 ore
1131 4644 1166 4701 V;
1185 4644 1219 4693 44
1234 4641 1320 4705 primii
1336 4645 1359 4700 t;
1378 4657 1395 4692 4
1410 4640 1489 4702 (444))
1505 4641 1614 4704 prim·

282 4727 358 4792 abg.
382 4727 421 4778 Cl.
441 4738 483 4789 ep.
502 4722 535 4773 ad
552 4724 624 4773 Fam.
642 4723 701 4782 xit,
720 4725 751 4781 44,
771 4724 798 4772 i:
822 4737 840 4772 4
858 4722 943 4785 primu
966 4722 1031 4770 enim
1048 4733 1095 4769 orn
1112 4718 1235 4769 Graeciae
1251 4731 1327 4780 usqrse
1343 4717 1378 4766 44
1393 4716 1531 4779 Aegyptum
1546 4716 1613 4777 opti-

281 4815 382 4853 morum
398 4802 489 4851 ciuium
506 4799 617 4860 imperiis
632 4799 722 4847 muniti
739 4799 832 4848 4444444
847 4803 870 4848 ct
886 4797 971 4859 copiis.
991 4822 1018 4832 -
1046 4794 1069 4844 8.
1088 4795 1191 4859 4444444
1208 4796 1229 4844 D
1248 4820 1276 4832 -
1304 4794 1328 4844 9.
1346 4791 1442 4842 imbriis
1459 4792 1479 4838 V
1497 4816 1525 4826 -
1544 4796 1613 4841 4444-

281 4884 370 4929 444444
387 4890 401 4926 4
422 4903 449 4913 -
468 4875 503 4925 eis
516 4873 623 4935 pecnnia
640 4873 676 4933 V,
696 4873 753 4923 lcrt.
772 4886 805 4922 ex
822 4872 845 4922 ei
860 4885 914 4934 spes
929 4871 1019 4928 nnica;
1038 4871 1103 4920 enim
1119 4884 1172 4933 spes
1188 4885 1241 4920 444
1257 4869 1275 4920 b
1295 4897 1322 4907 -
1342 4870 1394 4918 ima
1412 4869 1422 4917 t
1441 4893 1468 4904 -
1486 4867 1513 4915 tn
1529 4878 1612 4916 om.a

283 4979 311 4991 -
331 4952 358 5003 C.
377 4964 431 5002 om.
450 4951 474 5008 t;
502 4950 537 4999 44.
557 4946 625 5010 abg
641 4974 675 4982 —
701 4948 741 4995 t0.
759 4947 901 5009 intersectas
917 4944 960 4995 ab
980 4969 1007 4981 -
1035 4946 1093 4995 44444
1109 4947 1144 5004 V;
1173 4958 1227 4995 om.
1246 4946 1267 4994 D
1286 4970 1313 4980 -
1338 4942 1513 5002 mmniroqni
1529 4942 1564 4991 44
1581 4965 1610 4976 -

282 5027 322 5077 44.
341 5027 414 5077 isV:
437 5039 449 5076 4
473 5027 496 5084 4;
519 5025 541 5073 44
562 5035 616 5072 om.
635 5021 703 5085 ebg
723 5046 749 5058 —
775 5023 814 5071 44.
831 5021 976 5083 prohibetur
993 5021 1014 5069 V
1033 5046 1060 5058 —
1085 5021 1220 5084 4444444444
1240 5020 1377 5080 4444444444.
1396 5022 1526 5080 4444444444
1543 5017 1563 5065 V
1582 5043 1610 5053 -

283 5098 564 5163 ans--tmmortuter
580 5110 633 5147 om.
653 5100 664 5147 t
680 5124 713 5134 -
738 5097 764 5146 di
779 5097 816 5146 V:
835 5098 870 5145 444
887 5098 907 5146 0
927 5123 955 5133 -
975 5096 1014 5145 43.
1034 5108 1098 5158 once
1113 5097 1232 5160 44444444
1248 5108 1314 5156 qnae
1329 5098 1427 5143 uestras
1443 5092 1466 5140 V
1483 5117 1510 5127 -
1531 5092 1613 5141 Grae-

281 5176 336 5225 cios
353 5175 391 5224 V:
416 5174 538 5226 44444444
553 5173 638 5237 subest
653 5173 704 5222 DO
727 5173 852 5236 (graeciae
867 5173 952 5236 [444444
966 5172 1041 5233 pestis
1057 5172 1075 5230 4)
1096 5197 1121 5206 -
1144 5171 1192 5220 insi
1208 5170 1230 5218 V
1249 5198 1276 5206 -
1296 5168 1337 5219 44.
1355 5169 1438 5217 uirtus
1453 5179 1518 5216 4444.
1538 5166 1566 5227 (i.
1585 5178 1610 5216 e.

282 5249 407 5313 Caesaris)
424 5249 447 5298 V
469 5249 540 5313 (tort.
560 5261 591 5297 er
610 5260 648 5297 or.
667 5245 732 5297 Phil.
751 5247 819 5305 xlii,
839 5261 864 5298 c.
883 5247 898 5296 9
916 5247 976 5306 44.);
1000 5245 1048 5293 nisi
1064 5245 1099 5293 44.
1118 5244 1191 5293 Bruti
1212 5243 1343 5305 Caepionis
1361 5243 1425 5293 incr.
1444 5255 1475 5292 44
1491 5244 1516 5292 4.
1532 5243 1613 5291 virtus

281 5323 435 5376 Lambinus.
456 5351 483 5358 -
501 5322 619 5386 fusrmtis
635 5322 658 5369 V
672 5348 697 5358 -
719 5322 758 5371 ib.
776 5335 808 5371 44
824 5322 851 5371 C.
870 5322 988 5371 Muretus
1006 5323 1033 5369 et
1049 5319 1178 5368 Faernus:
1197 5331 1242 5367 444
1257 5317 1293 5373 V;
1310 5330 1342 5367 44
1358 5317 1404 5365 itin
1419 5317 1487 5366 D-
1503 5316 1543 5366 46.
1562 5328 1611 5364 44-

281 5401 334 5450 4444
351 5399 372 5449 V
390 5426 417 5434 -
437 5411 514 5462 qnam
529 5398 565 5447 V:
585 5410 656 5459 quem
672 5397 724 5446 DO
743 5423 771 5432 -
789 5397 930 5446 hereditatis
946 5394 964 5444 b
985 5422 1012 5432 -
1038 5394 1077 5444 44.
1096 5406 1153 5442 enm
1170 5393 1190 5442 V
1208 5405 1276 5442 corr.
1296 5404 1328 5441 ex
1345 5405 1402 5442 4444
1419 5417 1446 5427 -
1466 5405 1516 5441 non
1531 5391 1611 5440 inter-

280 5474 365 5538 4444444
380 5475 402 5525 D
419 5500 452 5510 -
470 5473 510 5524 48.
529 5487 588 5523 cnm
604 5473 717 5534 cupimus
732 5471 793 5520 Va:
816 5471 977 5534 concupimus
994 5469 1028 5528 b;
1051 5480 1108 5517 cnm
1130 5480 1183 5517 om.
1201 5470 1237 5530 gt
1254 5492 1281 5502 -
1304 5471 1422 5516 44444444
1437 5471 1448 5514 4
1465 5491 1493 5504 -
1512 5467 1611 5516 444444-

282 5562 337 5599 4444
353 5548 389 5610 V;
407 5548 594 5599 cectnsimnsit
614 5574 641 5584 -
660 5547 701 5597 49.
720 5546 864 5609 appodonia
880 5547 917 5607 V;
936 5545 1060 5608 apotome
1077 5557 1093 5607 g
1111 5569 1139 5579 -
1158 5541 1315 5604 Dnrrbocbio
1332 5542 1392 5592 0-
1412 5544 1455 5593 20.
1467 5541 1505 5606 Ρ.)
1518 5554 1542 5603 q.
1556 5544 1567 5590 t
1580 5568 1607 5578 -

282 5625 364 5675 nctint
380 5622 466 5683 Vbt;
489 5624 554 5673 item
569 5634 595 5672 4.
615 5622 656 5671 44.
678 5647 705 5657 -
728 5623 818 5685 impert
834 5622 864 5671 V'
884 5650 911 5658 -
936 5622 1060 5673 4444444444
1077 5620 1098 5670 V
1116 5644 1143 5654 -
1167 5620 1208 5670 2⁴.
1226 5618 1338 5668 condicio
1354 5617 1403 5667 Vb
1422 5644 1450 5655 -
1473 5617 1611 5668 4444444444

281 5701 355 5750 modo
371 5699 409 5760 V;
427 5698 562 5749 4444444444
577 5697 688 5747 moduli
709 5722 736 5732 -
754 5697 795 5747 si.
814 5696 880 5747 iliius
897 5699 918 5747 D
938 5697 1032 5760 (44444.
1050 5695 1118 5745 iltius
1134 5695 1160 5756 4)
1179 5718 1206 5729 —
1228 5692 1321 5757 4444444
1337 5705 1351 5741 4
1372 5719 1396 5730 -
1417 5692 1458 5742 44.
1478 5697 1505 5742 44
1520 5692 1557 5740 V:
1575 5704 1610 5741 44

283 5777 312 5835 4;
331 5787 361 5824 44
378 5773 446 5838 sbg
464 5799 491 5809 -
510 5785 542 5823 44
558 5785 614 5822 cum
632 5771 699 5822 44444
715 5784 756 5835 eg
774 5798 801 5808 -
820 5763 861 5822 tt.
880 5784 964 5822 444444
979 5771 1066 5833 coptos
1082 5782 1147 5832 quus
1162 5768 1184 5816 V
1201 5768 1277 5819 mi.
1295 5768 1323 5819 in
1340 5779 1393 5817 ras.
1411 5765 1501 5817 babet.
1522 5790 1549 5803 -
1567 5767 1610 5816 ui-

283 5848 373 5909 bioncs
389 5848 411 5897 V
428 5848 488 5912 (nibt
503 5846 530 5897 in
547 5845 610 5912 ras.)
630 5873 659 5885 -
680 5845 829 5910 reipublice
844 5847 881 5906 V;
903 5846 992 5910 popuii
1013 5846 1059 5897 lto.
1075 5844 1128 5896 Do
1143 5870 1177 5884 ·-
1200 5844 1242 5895 44.
1260 5856 1305 5896 444
1326 5843 1392 5895 mint
1406 5855 1452 5896 444
1466 5842 1503 5894 V:
1530 5852 1610 5906 444444

283 5924 349 5976 enim
364 5924 411 5976 444
428 5923 478 5987 (bes
492 5922 522 5988 b)
538 5923 570 5975 D.
1646 5919 1653 5937 ⁶
