3800 7350
697 1149 770 1216 cn».
792 1151 927 1217 v-vr.
952 1146 998 1234 ss
1021 1146 1167 1215 to-rs.
1520 1150 1603 1220 soar

282 1321 383 1386 xisset
402 1325 451 1397 ei,
473 1327 509 1383 ut
529 1339 599 1383 mos
621 1319 811 1384 Graecorum
833 1327 897 1395 est,
919 1317 1047 1383 iurandi
1071 1339 1165 1385 causa
1186 1320 1227 1384 ad
1247 1340 1318 1385 aras
1338 1319 1518 1399 accederet,
1540 1344 1605 1387 nna

281 1434 360 1479 voce
383 1433 492 1478 omnes
513 1414 652 1489 indices,
674 1434 715 1477 ne
736 1414 764 1477 is
786 1414 916 1488 iuraret,
938 1414 1138 1477 reclamasse.
1174 1414 1286 1478 Graeci
1305 1413 1451 1480 homiues
1473 1419 1605 1499 spectati

279 1506 342 1572 viri
366 1505 538 1572 noluerunt
563 1509 715 1592 religione
737 1509 838 1571 videri
864 1508 971 1592 potius
994 1528 1089 1591 quam
1110 1509 1240 1573 veritate
1261 1507 1358 1572 fidem
1379 1529 1449 1574 esse
1472 1512 1606 1575 constri-

281 1607 381 1666 ctam:
415 1621 473 1664 nos
502 1601 595 1666 etiam
623 1604 656 1665 in
684 1603 752 1685 ipsa
780 1602 934 1684 religione
964 1608 996 1665 et
1026 1602 1131 1683 legnm
1153 1610 1185 1665 et
1204 1600 1367 1666 foederum
1388 1604 1606 1668 conservanda

282 1694 386 1780 qualis
415 1693 510 1759 luerit
540 1695 595 1758 Cn.
624 1697 791 1778 Pompeius
820 1694 1058 1759 dubitabimus?
1101 1691 1151 1759 43.
1174 1696 1284 1760 Utrum
1311 1696 1395 1760 enim
1416 1696 1628 1765 inscientems

281 1788 378 1853 vultis
400 1794 512 1853 contra
532 1788 659 1853 foedera
679 1789 793 1855 iecisse
807 1809 848 1853 an
862 1789 1037 1853 scientem?
1059 1790 1093 1853 Si
1109 1790 1271 1865 scientem,
1285 1822 1327 1837 -
1341 1810 1361 1854 o
1377 1810 1492 1854 nomen
1505 1791 1605 1856 nostri

280 1880 422 1964 imperiii
454 1902 474 1944 o
502 1883 613 1966 populi
643 1883 775 1947 Romani
802 1882 964 1947 excellens
992 1883 1146 1967 dignitasl
1176 1903 1196 1947 o
1227 1883 1282 1947 Cn.
1303 1884 1445 1966 Pompeii
1475 1884 1521 1948 sic
1542 1883 1605 1948 late

280 1974 441 2060 longeque
463 1975 577 2040 diffusa
600 1977 684 2052 laus,
707 1984 744 2040 ut
765 1976 834 2041 cius
856 1977 974 2059 gloriae
989 1977 1186 2042 domicilium
1201 1977 1377 2041 communis
1391 1978 1516 2062 imperii
1535 1975 1607 2043 fini-

279 2069 341 2133 bus
362 2070 565 2134 termineturl
595 2072 798 2145 orationes,
831 2071 942 2146 urbes,
974 2072 1103 2155 populi,
1136 2092 1241 2156 reges,
1270 2071 1460 2146 tetrarchae,
1481 2072 1606 2155 tyranni

281 2171 378 2228 testes
401 2163 457 2227 Cn.
478 2165 622 2247 Pompeii
643 2186 708 2229 non
731 2166 834 2229 solnm
856 2165 979 2229 virtutis
1001 2167 1034 2228 in
1055 2166 1157 2241 bello,
1188 2166 1244 2229 sed
1275 2167 1368 2229 etiam
1389 2164 1551 2248 religionis
1572 2167 1643 2234 into

281 2256 379 2342 pacet
401 2276 458 2320 vus
479 2257 629 2343 denique,
651 2267 756 2324 mutae
774 2260 928 2343 regiones,
945 2259 1092 2343 imploro,
1115 2267 1147 2324 et
1160 2259 1227 2324 sola
1243 2266 1394 2324 terrarum
1408 2259 1606 2336 ultimarum,

282 2371 349 2428 vos,
371 2352 488 2427 maria,
508 2361 630 2435 portus,
654 2354 794 2428 insulae,
816 2352 925 2417 litoral
948 2353 1039 2429 Quae
1061 2362 1111 2418 est
1131 2355 1213 2418 enim
1235 2373 1301 2427 ora,
1324 2372 1407 2437 quae
1425 2352 1528 2430 sedes,
1550 2354 1605 2438 qui

281 2446 389 2522 locus,
410 2444 444 2508 in
466 2466 533 2531 quo
554 2468 619 2512 non
640 2456 766 2513 exstent
786 2448 882 2511 huius
905 2468 975 2512 curn
998 2447 1194 2512 fortitudinis
1215 2456 1282 2512 turn
1295 2467 1372 2511 vero
1391 2448 1605 2525 humanitatis,

282 2562 353 2606 cum
384 2541 483 2604 animi
505 2548 570 2605 tum
593 2543 716 2606 consilii
742 2542 897 2627 impressa
917 2542 1072 2626 vestigia?
1101 2543 1192 2606 Hunc
1215 2543 1398 2626 quisquam,
1428 2542 1605 2606 incredibili

281 2633 419 2722 qnadam
440 2644 536 2718 atque
558 2636 700 2700 inaudita
721 2636 888 2719 gravitate,
910 2638 1043 2711 virtute,
1065 2637 1242 2710 constantia
1263 2638 1455 2720 praeditum,
1476 2636 1644 2702 foederata

280 2730 434 2798 scientem
456 2730 650 2813 neglexisse,
679 2731 830 2805 violasse,
862 2730 986 2814 rupisse
1015 2730 1120 2794 dicere
1141 2730 1292 2794 audebiti
1334 2733 1386 2795 vt.
1409 2727 1461 2795 44.
1482 2730 1607 2795 Gratid-

281 2832 370 2890 catur
391 2823 468 2887 nihi
492 2831 582 2908 gestu
603 2833 784 2888 accusator:
814 2824 1000 2889 inscientem
1023 2823 1079 2887 Cn.
1102 2825 1288 2907 Pompeium
1307 2824 1421 2890 iecisse
1442 2823 1606 2907 significat

281 2917 380 2994 Quasi
409 2936 485 2981 vero
512 2916 535 2997 †
558 2918 658 2983 levius
688 2919 742 2993 sit,
772 2939 843 2983 cum
870 2920 903 2982 in
932 2926 1018 2982 tauta
1043 2939 1077 2981 re
1106 2917 1230 3000 publica
1259 2938 1386 2983 versere
1408 2928 1441 2983 et
1461 2920 1606 2983 maximis

281 3011 419 3095 negotiis
445 3011 581 3095 praesis,
612 3012 715 3076 iacere
744 3012 882 3096 aliquid,
912 3011 999 3096 quod
1027 3014 1108 3075 scias
1130 3031 1195 3073 non
1216 3012 1329 3088 licere,
1359 3032 1453 3097 Qum
1476 3014 1605 3077 omnino

282 3126 347 3171 non
369 3106 468 3182 scire,
490 3106 568 3187 quid
588 3105 692 3169 liceat
728 3106 853 3169 Etenim
875 3113 980 3168 ntnrrn
996 3106 1050 3187 qui
1072 3105 1105 3167 in
1119 3104 1275 3186 Hispania
1288 3106 1406 3170 bellum
1420 3108 1644 3171 acerrimumao

284 3209 316 3265 et
338 3198 511 3263 marimum
533 3207 674 3281 gesserat
696 3220 759 3283 quo
783 3201 852 3263 iure
867 3199 1021 3262 Gaditana
1040 3199 1148 3262 civitas
1164 3206 1247 3262 esset
1260 3199 1438 3275 nesciebat,
1458 3221 1514 3276 an,
1536 3221 1607 3264 cum

284 3295 335 3360 ius
356 3294 441 3358 illius
462 3294 572 3377 populi
597 3302 724 3369 nosset,
746 3295 1035 3377 interpretationem
1056 3291 1193 3356 foederis
1214 3312 1280 3356 non
1292 3294 1442 3357 tenebat?
1462 3293 1499 3356 Id
1513 3293 1609 3377 igitur

286 3389 456 3473 quisquam
480 3388 535 3452 Cn.
558 3388 743 3472 Pompeium
765 3388 927 3471 ignorasse
948 3385 1053 3449 dicere
1079 3385 1222 3460 audebit,
1249 3387 1334 3470 quod
1355 3388 1529 3452 mediocres
1550 3388 1608 3451 bo·

283 3482 402 3558 mines,
431 3481 517 3566 quod
547 3482 637 3545 nullo
666 3502 744 3557 usu,
774 3481 864 3545 nullu
892 3479 999 3545 studio
1020 3478 1155 3563 praediti
1176 3480 1320 3554 militari,
1349 3479 1434 3563 quod
1455 3480 1607 3545 librarioli

282 3576 422 3658 denique
452 3594 483 3638 se
509 3575 589 3639 scire
617 3573 845 3659 profiteantur?
887 3569 939 3636 t5.
967 3573 1125 3658 Equidem
1149 3580 1258 3637 contra
1283 3573 1447 3650 existimo,
1474 3575 1645 3651 iudicasse

282 3691 354 3737 cum
374 3669 409 3733 in
430 3668 517 3733 omni
538 3690 655 3754 genere
677 3691 714 3734 ac
731 3670 882 3734 variante
895 3669 1023 3744 artium,
1044 3668 1137 3733 etiam
1153 3667 1287 3744 illarum,
1301 3688 1385 3754 quae
1400 3669 1469 3734 sine
1484 3690 1607 3735 summo

282 3763 349 3828 otio
371 3783 435 3827 non
456 3762 549 3827 sache
571 3764 751 3840 discuntur,
781 3764 837 3827 Cn.
860 3763 1029 3847 Pompeius
1052 3763 1205 3839 excellat,
1236 3762 1427 3849 singulapem
1449 3764 1607 3848 quandam

282 3857 407 3923 laudem
430 3857 499 3923 eius
520 3858 741 3943 praestabilem
763 3877 833 3922 esse
855 3857 1020 3922 scientiam
1039 3857 1073 3920 in
1087 3856 1278 3932 foederibus,
1298 3857 1509 3940 pactionibus,
1532 3878 1607 3922 con·

348 4193 372 4243 t.
390 4205 521 4257 preconem
537 4193 587 4244 PG
604 4218 631 4228 -
655 4193 681 4243 4.
697 4204 757 4242 uoce
773 4204 826 4242 om.
846 4193 895 4242 GE
920 4216 948 4228 -
973 4190 1254 4241 crare-mouerunt
1269 4190 1427 4253 Madvigius:
1449 4204 1507 4241 cum
1521 4194 1607 4255 praxi

283 4267 360 4334 (preci
375 4267 406 4329 P)
415 4292 453 4306 --
463 4268 596 4318 uotueuuc
607 4269 640 4327 ῦς
659 4268 740 4329 ouran
751 4267 890 4318 Gracch—
901 4265 1026 4315 minatici
1041 4265 1061 4315 0
1075 4291 1103 4303 -
1122 4268 1232 4316 Pravam
1249 4265 1395 4316 verborum
1411 4265 1606 4318 distinctionem

284 4344 329 4395 Gr.
346 4342 467 4402 lomim,
489 4342 592 4404 apuleii
611 4342 674 4401 viri,
697 4341 759 4400 nol,
784 4353 835 4404 qua
859 4353 902 4391 vv.
920 4340 1024 4403 spectati
1039 4340 1089 4388 uiri
1106 4339 1172 4389 flunt
1188 4340 1324 4405 epitheton
1340 4343 1502 4391 Graecorum
1520 4341 1606 4391 homi-

283 4430 360 4479 num,
383 4426 446 4468 cum
467 4419 519 4468 sint
534 4416 641 4480 genitivi
659 4428 733 4466 num.
748 4416 820 4478 sing.
839 4415 988 4480 pendentes
1004 4427 1019 4463 a
1037 4413 1201 4466 substantivo
1216 4417 1303 4479 fidens,
1327 4417 1376 4466 nos
1392 4413 1556 4467 sustulimus.
1576 4443 1603 4453 -

281 4488 486 4557 spermatiP¹G¹
504 4517 531 4525 -
554 4490 577 4540 3.
595 4488 782 4554 reducum*
801 4517 828 4525 -
852 4491 959 4540 ueritate
977 4490 1052 4552 idern
1069 4490 1111 4540 P2:
1133 4491 1265 4540 muman
1284 4491 1356 4544 tidem
1372 4488 1417 4550 P¹;
1437 4492 1607 4554 [immuto

283 4568 328 4623 (3¹3
344 4566 394 4631 lide
408 4566 540 4616 ueritates
558 4564 600 4624 G',
620 4566 694 4629 mm
709 4565 852 4615 ucrimtcE
871 4592 898 4600 —
923 4565 1084 4614 constrictam
1100 4578 1181 4630 snpra
1199 4577 1306 4615 versum
1323 4564 1405 4615 habet
1421 4561 1464 4627 P²;
1488 4568 1606 4630 potuisse

283 4642 363 4693 etiam
377 4642 489 4692 uncum
505 4639 623 4706 suppleri
638 4642 741 4692 monuit
757 4639 873 4691 llalmius
883 4638 900 4689 l.
913 4639 931 4690 l.
949 4653 976 4704 p.
989 4639 1037 4690 334
1049 4637 1107 4690 coil.
1123 4653 1161 4690 or.
1175 4654 1202 4704 p.
1215 4641 1322 4690 Fonteio
1334 4640 1349 4703 5
1360 4640 1401 4689 40.
1410 4664 1439 4677 -
1452 4637 1478 4690 i.
1490 4640 1567 4704 legen
1577 4644 1607 4693 P¹

284 4716 349 4768 -5,
362 4717 428 4767 cuim
443 4717 583 4766 cosmum
599 4716 641 4767 P²:
660 4717 726 4767 caim
741 4711 918 4775 aicimtcmP¹3
937 4715 1127 4766 enimsctenten
1141 4715 1187 4764 GE
1200 4741 1226 4749 -
1242 4714 1349 4764 ducitis
1364 4716 1383 4765 P
1396 4740 1424 4751 -
1443 4728 1478 4764 uu
1494 4716 1607 4766 adeum

283 4794 314 4843 P:
332 4791 520 4843 uuimctcntcm
536 4792 586 4841 GE
605 4818 632 4828 -
654 4789 750 4854 nomen]
768 4805 829 4841 oum
845 4790 875 4842 (3¹
893 4818 920 4828 -
944 4792 1130 4854 marumnperit
1146 4793 1165 4841 P
1184 4817 1211 4826 -
1235 4791 1259 4840 7.
1275 4791 1373 4854 pornpct
1389 4786 1476 4843 PG¹E
1495 4817 1522 4827 -
1547 4791 1606 4858 luta]

282 4865 382 4917 litteras
398 4871 439 4916 ute
455 4867 482 4915 in
498 4878 591 4916 rasura
607 4865 689 4916 habet
705 4870 723 4916 P
743 4895 770 4903 -
792 4867 817 4917 8.
835 4867 918 4931 dissue
937 4869 957 4918 P
976 4894 1003 4903 -
1026 4866 1160 4915 commonia
1175 4866 1265 4927 impert
1280 4861 1309 4916 Ρ1
1327 4893 1354 4901 -
1379 4866 1403 4915 9.
1422 4867 1562 4917 orationes
1577 4871 1606 4917 P¹

282 4941 382 4992 ctss-
401 4941 629 5004 l0.pompciC-
649 4942 785 4992 limatus
800 4939 842 4994 1²¹:
860 4941 1004 4995 multueP²;
1021 4943 1137 4998 mutuiir
1155 4941 1310 4991 mutatE-
1327 4940 1459 5004 religiones
1474 4942 1543 4990 1³¹-
1563 4942 1606 4990 iu-

279 5016 352 5079 plorc
366 5016 386 5066 P
400 5041 427 5050 —
447 5015 487 5065 44.
501 5014 584 5079 litora]
602 5017 767 5079 littoraqueti
781 5041 809 5053 -
829 5014 869 5065 43.
888 5020 972 5065 cutem
991 5016 1040 5065 PG
1059 5042 1086 5050 -
1106 5013 1145 5065 44.
1164 5027 1221 5065 men
1238 5015 1316 5066 auem
1332 5017 1393 5066 PG:
1412 5020 1464 5065 tren
1480 5015 1559 5064 animi
1576 5017 1605 5066 0.

283 5090 329 5142 Est
344 5088 442 5154 duplex
459 5091 597 5142 antithesis
613 5091 692 5154 atque
711 5090 874 5155 respondent
890 5090 940 5142 sibi
956 5090 1109 5153 latitudiuis
1125 5091 1263 5152 ciceiani,
1280 5089 1443 5141 honestetis
1458 5091 1485 5139 et
1500 5090 1605 5141 canthi.

284 5191 312 5202 -
330 5165 416 5215 coculi
432 5166 546 5229 inmersa
561 5168 621 5216 P-
642 5166 682 5216 45.
701 5168 858 5229 pedemque
873 5162 916 5225 P¹;
934 5165 1042 5227 quodum
1058 5169 1134 5226 atquc
1147 5163 1177 5216 P²
1189 5192 1216 5202 -
1236 5166 1276 5217 to.
1288 5166 1404 5231 nephthe
1418 5163 1462 5223 P¹;
1480 5164 1608 5229 mpkausc

283 5235 313 5291 P'
329 5265 357 5274 -·
375 5240 533 5293 audebunt}
553 5269 580 5276 -
599 5240 638 5291 ta.
657 5241 741 5306 buius]
759 5255 810 5291 ooo
825 5240 952 5291 keinado
970 5240 1086 5291 Memmii
1104 5241 1255 5291 coniectura
1272 5242 1306 5301 1.;
1330 5241 1389 5292 tort.
1404 5239 1484 5302 pauc.
1503 5240 1606 5290 Lectio-

283 5325 346 5364 nem
366 5312 444 5364 Ιουίω
464 5314 526 5365 terri
546 5327 598 5364 non
618 5327 698 5379 pesse
718 5313 864 5366 luculenter
880 5314 1071 5365 demonstravit
1088 5313 1242 5377 Madvigius.
1262 5341 1289 5351 -
1313 5315 1352 5365 rei
1368 5327 1402 5377 p.
1420 5317 1440 5366 P
1458 5341 1485 5351 -
1503 5327 1606 5366 uersare

283 5384 353 5439 (³¹5¹
369 5414 397 5424 -
417 5388 457 5440 tc.
470 5403 547 5453 wem
563 5390 753 5453 Pantagathus:
771 5404 806 5440 uc
822 5387 947 5447 PG¹E0;
967 5393 1012 5437 out
1023 5390 1054 5438 (3²
1066 5414 1094 5424 -
1113 5389 1155 5438 40.
1173 5389 1296 5439 marrire
1308 5390 1341 5440 C:
1359 5390 1567 5451 murcoiscirc
1578 5392 1604 5442 in

282 5475 376 5514 rasura
387 5462 469 5514 hahet
479 5460 551 5527 Ph-
565 5466 659 5528 qrde
670 5492 697 5501 -
710 5467 754 5529 qut
763 5466 791 5515 is
802 5462 946 5516 Lambinus
961 5464 985 5524 (e
997 5464 1088 5513 vetere
1100 5462 1216 5527 codicel:
1236 5478 1289 5515 om.
1301 5463 1321 5515 C
1332 5488 1360 5500 -
1375 5478 1534 5515 ocensem
1545 5467 1564 5515 P
1574 5491 1602 5502 -

282 5536 325 5588 44.
341 5539 481 5602 medimna
497 5539 547 5589 ci:
566 5566 593 5575 -
611 5552 661 5590 crae
676 5539 765 5589 GE·
784 5553 841 5589 cren
857 5539 897 5588 ius
912 5537 1070 5601 Madvigius:
1089 5539 1159 5588 uoltu
1174 5541 1237 5600 P0;
1255 5539 1297 5589 cui
1314 5540 1403 5590 GE-
1422 5540 1463 5589 44.
1482 5540 1605 5601 illiuapo·

281 5610 336 5675 puli
351 5616 432 5663 maaet
447 5613 480 5664 C:
503 5613 617 5677 lingarum
628 5614 716 5676 populi
732 5628 782 5663 acu
797 5619 877 5665 uomet
893 5616 913 5666 0
932 5641 959 5651 -
984 5615 1229 5676 inuapructutioucm
1246 5613 1274 5665 P¹
1293 5640 1320 5651 -
1344 5613 1385 5665 43.
1404 5613 1492 5675 ἀίσσω]
1509 5613 1605 5676 diouid

282 5686 363 5738 dicere
376 5687 429 5737 'GE
446 5715 474 5725 -
492 5688 694 5742 ascdiocrisPG¹
714 5716 741 5726 -
761 5688 1048 5754 repraesentaturi
1065 5690 1099 5739 C:
1116 5690 1223 5740 mituli
1236 5689 1376 5753 prucdith
1390 5717 1416 5726 -
1435 5690 1475 5738 45.
1493 5689 1604 5740 ubam·

282 5759 374 5812 binus:
394 5776 447 5814 um.
466 5766 517 5816 CO
536 5793 563 5802 -·
581 5767 622 5816 46.
641 5766 668 5816 ts
683 5778 737 5817 um.
756 5766 806 5816 GE
824 5788 852 5801 -
870 5765 943 5815 uum
960 5762 988 5815 P¹
1008 5791 1036 5801 -
1053 5765 1153 5813 crum
1169 5766 1188 5815 P
1206 5791 1233 5799 -
1252 5764 1293 5815 47.
1311 5764 1430 5816 moueat
1445 5762 1495 5814 GE
1513 5788 1541 5799 —
1559 5763 1600 5814 48.

282 5836 335 5887 etur
352 5851 414 5889 nos:
432 5845 456 5890 ct
472 5840 505 5900 c;
523 5842 575 5893 usu
590 5846 614 5895 ct
630 5853 691 5895 cum
709 5840 753 5892 ed.
771 5841 934 5907 liervagiaua
952 5840 972 5890 0
991 5866 1018 5879 ··
1035 5839 1218 5892 emittendus
1232 5843 1261 5892 P.
