3800 7350
346 1208 408 1274 986
768 1214 920 1280 ORATIO
941 1217 984 1281 IN
1006 1217 1040 1280 P.
1062 1216 1260 1281 VATINIUM

345 1384 464 1448 uelium
486 1404 551 1447 nou
572 1381 790 1448 defenderem:
818 1405 892 1447 num
921 1385 1025 1467 legem
1046 1385 1184 1467 aliquam
1208 1383 1373 1447 Cornelius
1396 1389 1506 1447 contra
1527 1385 1666 1467 auspicia

345 1479 467 1553 tulerit,
494 1499 570 1542 num
596 1477 731 1551 Aeliam,
759 1499 833 1540 num
861 1478 982 1541 Fufiam
1012 1478 1114 1561 legem
1136 1477 1327 1560 neglexerit,
1357 1498 1432 1540 num
1456 1478 1579 1540 consuli
1602 1479 1665 1541 vim

344 1572 499 1648 attulerit,
524 1593 600 1635 num
628 1572 755 1634 armatis
776 1571 957 1641 homiuibus
979 1572 1133 1653 templum
1155 1573 1306 1646 tenuerit,
1329 1592 1403 1634 num
1425 1572 1666 1635 intercessorem

344 1664 374 1729 vi
397 1665 562 1740 deiecerit,
591 1684 667 1728 num
688 1665 858 1748 religiones
880 1665 1047 1748 polluerit,
1076 1668 1231 1730 aerarium
1254 1666 1451 1738 exhauserit,
1474 1685 1540 1728 rem
1562 1666 1667 1747 publi-

320 1763 411 1821 icam
440 1759 638 1842 compilarit?
667 1760 734 1822 Tua
761 1767 850 1832 suut,
879 1767 932 1822 tua
961 1768 1034 1823 suut
1060 1759 1139 1822 baec
1168 1761 1289 1822 omnia:
1320 1757 1467 1821 Cornelio
1491 1758 1667 1822 eiusmodi

344 1849 423 1914 nihil
445 1852 603 1915 obiectum
625 1860 682 1915 esi.
720 1851 867 1915 Codiccm
889 1853 1004 1936 legisse
1027 1853 1198 1916 dicebatur.
1231 1851 1427 1914 Defendebat
1448 1851 1580 1914 testibus
1602 1850 1667 1914 col·

343 1945 423 2027 legis
444 1946 510 2009 suis
532 1965 596 2008 non
619 1966 654 2010 se
675 1946 828 2009 recitandi
849 1967 943 2010 causa
964 1948 1097 2030 legisse,
1126 1948 1181 2009 sed
1204 1945 1461 2030 recognoscendi.
1498 1944 1668 2008 Constabat

343 2047 447 2101 tamen
470 2038 651 2103 Cornelium
674 2039 841 2103 concilium
864 2041 919 2104 illo
943 2040 994 2104 die
1011 2040 1183 2115 dimisisse,
1206 2038 1425 2103 intercessioni
1441 2039 1595 2121 paruisse.
1619 2040 1667 2101 Tu

342 2152 435 2207 vero,
458 2133 508 2197 cui
531 2132 670 2198 Cornelii
693 2133 837 2197 defensio
860 2134 1021 2217 displicet,
1045 2154 1140 2217 quam
1162 2153 1288 2196 causam
1303 2131 1342 2194 ad
1365 2140 1514 2215 patronos
1528 2136 1600 2194 tuos
1614 2140 1669 2194 eut

306 2233 334 2278 ⁴⁰
344 2223 430 2310 quod
452 2247 488 2290 os
510 2228 645 2290 afferes?
668 2228 784 2310 quibus
807 2228 869 2290 iam
892 2228 1098 2310 praescribis,
1122 2235 1240 2310 quanto
1256 2226 1317 2288 illis
1331 2226 1447 2309 probro
1461 2225 1601 2289 futurum
1616 2225 1668 2299 sit,

344 2318 370 2382 si
393 2326 424 2382 te
447 2319 661 2395 defenderint,
683 2341 753 2383 cum
776 2328 810 2384 tu
832 2322 909 2384 mibi
933 2321 1071 2384 Cornelii
1095 2321 1311 2384 defensionem
1334 2321 1367 2382 iu
1390 2319 1566 2382 maledictis
1589 2317 1669 2380 obii-

343 2411 486 2476 ciendum
509 2414 641 2496 putaris.
684 2412 714 2476 o.
736 2416 781 2478 Ac
804 2423 908 2478 umen
930 2415 1007 2491 hoc,
1035 2416 1158 2489 Vatini,
1187 2421 1343 2477 memento
1367 2413 1461 2495 paulo
1484 2420 1555 2497 post
1576 2412 1668 2474 istam

344 2503 559 2570 defensionem
581 2528 699 2583 meam,
723 2528 817 2592 quam
841 2518 874 2573 tu
896 2511 989 2573 bonis
1012 2510 1088 2572 viris
1110 2508 1310 2591 displicuisse
1326 2506 1416 2580 dicis,
1439 2527 1490 2570 mo
1512 2526 1582 2569 cum
1597 2505 1670 2567 uui·

343 2598 425 2661 versi
457 2602 565 2685 populi
597 2602 728 2666 Romani
761 2623 882 2666 summa
912 2604 1075 2666 voluntate
1104 2611 1169 2666 ium
1200 2601 1310 2683 optimi
1338 2602 1493 2683 cuiusque
1516 2599 1669 2681 singulari

307 2693 447 2756 testudio
481 2692 787 2778 magnificentissime
819 2705 894 2780 post
926 2696 1091 2760 homiuum
1125 2695 1305 2759 memoriam
1339 2693 1504 2757 consulem
1537 2691 1668 2774 factum,

344 2788 515 2872 omniaque
537 2808 575 2852 ea
596 2809 646 2852 me
667 2789 824 2872 pudenter
844 2791 979 2853 vivendo
1002 2798 1204 2855 consecutum
1219 2809 1299 2863 esse,
1322 2807 1404 2871 quae
1419 2796 1453 2851 tu
1468 2787 1669 2870 impudenter

344 2880 544 2945 vaticinando
568 2903 696 2966 sperare
718 2893 749 2946 te
772 2902 867 2967 saepe
890 2885 1009 2947 dixisti.

407 2975 481 3046 ill.
504 2979 582 3039 Nam
606 2976 690 3060 quod
712 2977 788 3039 mibi
812 2979 987 3041 discessum
1010 2978 1152 3041 obiecisti
1174 2996 1279 3040 meum
1302 2984 1333 3040 ei
1347 2976 1433 3060 quod
1452 2974 1577 3048 horum,
1599 2974 1671 3058 qui·

343 3067 402 3130 bus
425 3068 478 3130 ille
500 3069 568 3132 dies
589 3070 808 3134 acerbissimus
830 3070 903 3145 fuit,
927 3074 980 3155 qui
1003 3072 1087 3134 idem
1110 3071 1166 3134 tibi
1189 3071 1396 3144 laetissimus,
1420 3070 1541 3132 luctum
1563 3074 1596 3132 et
1616 3088 1671 3150 ge·

307 3162 453 3225 nmirum
475 3183 627 3226 renovare
649 3164 796 3238 voluisti,
818 3171 938 3228 tantum
961 3166 1018 3229 tibi
1039 3167 1231 3248 respondeo,
1254 3185 1320 3238 me,
1343 3185 1416 3226 cum
1432 3171 1466 3226 tu
1482 3170 1669 3245 ceteraeque

343 3256 389 3317 rei
411 3256 556 3338 publicae
586 3265 690 3339 pestes
713 3277 869 3321 armorum
892 3279 1018 3321 causam
1042 3260 1236 3343 quaereretis
1259 3267 1383 3322 etcum
1405 3277 1463 3339 per
1484 3277 1589 3320 meum
1611 3276 1669 3318 uo-

346 3368 418 3410 meu
440 3348 581 3413 fortunas
603 3351 809 3433 locupletium
832 3351 984 3435 diripere,
1009 3356 1193 3436 sanguinem
1215 3353 1392 3435 principum
1411 3352 1546 3414 civitatis
1561 3370 1670 3413 exsor-

343 3441 436 3515 bere,
465 3443 680 3507 crudelitatem
710 3451 844 3508 vestram
876 3448 1048 3530 odiumque
1078 3447 1278 3520 diuturnum,
1312 3445 1396 3528 quod
1426 3445 1460 3506 iu
1481 3444 1584 3507 bonos
1607 3443 1669 3507 iam

342 3536 550 3599 inveteratum
580 3537 763 3613 habebatis,
797 3547 936 3603 saturare
968 3542 1141 3622 cuperetis,
1173 3540 1276 3604 scelus
1306 3545 1338 3602 et
1365 3538 1503 3600 furorem
1531 3544 1669 3601 vestrum

307 3629 487 3693 nectendo
517 3630 667 3696 maluisse
697 3632 842 3717 frangere
872 3654 968 3719 quam
998 3635 1185 3698 resistendo.
1228 3631 1259 3696 7.
1282 3633 1388 3710 Quare
1415 3639 1490 3714 peto
1519 3638 1608 3705 ate,
1634 3638 1671 3694 ut

345 3724 422 3788 mihi
445 3725 599 3807 ignoscas,
622 3728 742 3802 Vatini,
765 3748 836 3790 cum
859 3729 888 3791 ei
911 3730 1031 3811 patriae
1053 3729 1199 3813 peperci,
1222 3749 1319 3812 quam
1340 3746 1548 3801 servaveram,
1571 3733 1619 3800 et,
1642 3725 1668 3787 si

346 3838 403 3901 ego
426 3828 457 3883 te
479 3820 668 3904 perditorem
691 3828 723 3884 et
744 3830 927 3886 vexatorem
948 3824 995 3885 rei
1017 3824 1162 3907 publicae
1182 3823 1270 3898 fero,
1292 3831 1326 3886 tu
1348 3843 1397 3884 me
1418 3825 1669 3883 conservatorem

345 3920 377 3975 et
406 3913 568 3976 custodem
599 3913 691 3977 feras.
737 3916 858 3979 Deinde
888 3917 957 3979 eius
989 3918 1046 3980 viri
1077 3917 1249 3981 discessum
1271 3917 1431 3998 increpas,
1465 3934 1559 3996 quem
1580 3913 1669 3977 vides

345 4008 485 4071 omnium
516 4007 630 4071 civium
655 4009 831 4084 desiderio,
860 4010 960 4092 ipsius
982 4011 1120 4094 denique
1143 4011 1188 4073 rei
1211 4011 1357 4092 publicae
1378 4010 1465 4072 luctu
1489 4027 1557 4070 esse
1578 4026 1670 4069 revo-

306 4108 458 4164 ³⁰catum.
497 4101 537 4163 At
565 4102 650 4164 enim
680 4101 786 4166 dixisti
817 4125 880 4167 non
908 4124 994 4180 mea,
1024 4105 1079 4168 sed
1108 4105 1323 4188 reipublicae
1346 4101 1607 4166 causabomines
1630 4099 1668 4162 de

345 4214 415 4257 meo
437 4194 540 4257 reditu
562 4195 732 4259 laborasse.
767 4197 867 4273 Quasi
888 4218 964 4260 vero
987 4199 1157 4282 quisquam
1173 4201 1231 4273 vir,
1251 4197 1419 4261 excellenti
1434 4196 1539 4258 auimo
1554 4196 1588 4256 in
1602 4213 1669 4256 rem

345 4288 503 4371 publicam
525 4289 699 4372 ingressus,
722 4292 890 4374 optabilius
908 4292 1082 4375 quidquam
1104 4293 1271 4355 arbitretur
1293 4312 1387 4376 quam
1409 4311 1443 4353 se
1465 4309 1483 4351 a
1506 4289 1573 4353 suis
1595 4289 1670 4351 civi·

411 4549 435 4597 t.
454 4549 563 4611 ampitio
579 4553 598 4600 P
618 4574 644 4585 -
664 4553 688 4601 2.
707 4550 813 4615 Putaui]
828 4553 890 4616 flam
907 4553 935 4611 P,
954 4551 1105 4616 suppletum
1122 4563 1158 4601 m.
1171 4551 1195 4600 t.
1214 4578 1247 4587 -
1263 4550 1396 4600 subruit
1411 4550 1430 4599 P
1450 4575 1477 4584 -
1495 4562 1543 4598 cos.
1562 4549 1667 4611 Gisup.

345 4620 390 4673 lin.
408 4623 448 4674 lib.
469 4637 483 4672 a
501 4637 537 4673 m.
555 4627 571 4675 2
590 4649 614 4667 =
632 4626 777 4686 conmotis)
792 4651 819 4661 -
839 4626 862 4676 3.
881 4642 942 4678 num
960 4630 1028 4692 (post
1044 4629 1156 4690 tenuerit)
1175 4630 1193 4678 P
1210 4629 1303 4691 corni
1320 4640 1355 4677 m.
1370 4639 1402 4676 ex
1417 4639 1468 4676 non
1480 4652 1507 4661 -
1527 4624 1551 4675 l.
1570 4623 1670 4673 detumit

345 4702 364 4750 P
379 4725 405 4732 —
424 4699 535 4748 uarium
552 4701 612 4748 P-
631 4701 656 4751 6.
669 4701 810 4763 defendebat
821 4702 979 4766 Madvigius:
999 4704 1172 4766 defendebatur
1188 4704 1265 4754 PGO
1279 4729 1313 4739 -
1329 4702 1435 4765 cantepia
1451 4703 1471 4750 P
1484 4727 1510 4734 -
1530 4699 1555 4749 7.
1573 4712 1599 4748 se
1609 4700 1666 4749 PG:

346 4787 398 4824 om.
417 4775 463 4824 SO
483 4801 509 4809 -
528 4787 618 4828 comte
634 4778 652 4826 P
672 4803 698 4813 -
717 4778 741 4826 8.
760 4778 890 4827 dimississe
906 4779 1077 4827 intercessione
1094 4781 1114 4827 G
1133 4806 1160 4814 -
1179 4778 1202 4827 9.
1221 4776 1323 4825 cornelii
1340 4778 1359 4826 P
1377 4788 1445 4825 corr.
1465 4788 1497 4823 ex
1513 4773 1621 4822 cornelio
1640 4796 1666 4808 -

345 4865 421 4913 quam
438 4854 459 4901 G
476 4864 544 4900 corr.
563 4866 596 4902 ex
612 4849 654 4914 qni
671 4878 695 4896 =
715 4854 833 4915 quoniam
853 4881 880 4889 —
898 4854 939 4904 tl.
958 4853 1050 4902 corneli
1066 4848 1134 4903 P¹G¹
1154 4879 1179 4888 -
1201 4852 1354 4901 obiciendam
1369 4853 1388 4900 P
1407 4851 1444 4912 (ut
1459 4861 1569 4911 semper
1585 4848 1609 4897 in
1628 4847 1669 4896 his

345 4923 434 4975 verbis
452 4927 629 4989 compositis);
648 4927 827 4978 obitiendamG
847 4954 873 4963 -
894 4928 934 4977 ta.
953 4927 988 4976 Ac
1004 4932 1086 4977 tomen
1104 4925 1146 4988 P¹,
1165 4928 1194 4975 ut
1210 4926 1417 4988 Wesenbergius
1435 4923 1514 4988 (apud
1531 4921 1617 4974 Madv.
1636 4923 1668 4972 nd

346 4999 395 5049 Cic.
409 5000 438 5050 de
454 5000 526 5048 Finn.
540 5013 566 5064 p.
579 5001 635 5063 ate)
653 5003 802 5065 suspicatus
819 5004 873 5050 est:
893 5007 1005 5051 attamen
1022 5001 1051 5050 P²
1060 5004 1079 5050 G
1089 5002 1109 5050 O
1120 5029 1154 5037 -
1170 5001 1209 5052 43.
1229 5006 1256 5049 tu
1272 5000 1341 5050 bonis
1352 5003 1371 5050 P
1383 5001 1457 5049 extra
1474 4998 1571 5048 lineum
1589 4996 1671 5047 babet

345 5087 360 5123 a
379 5087 413 5124 m.
433 5086 498 5135 sec,
517 5074 566 5124 sed
582 5079 682 5127 vetere.
709 5079 815 5127 Poterat
830 5082 858 5126 tu
874 5089 889 5125 a
906 5076 966 5127 loco
982 5076 1087 5127 obesse.
1109 5102 1136 5111 -
1162 5073 1201 5126 tt.
1221 5076 1315 5138 optumi
1330 5077 1379 5126 PG
1398 5098 1424 5110 -
1451 5072 1578 5137 sinpuiore
1594 5070 1623 5122 P¹
1641 5098 1667 5107 -

346 5149 386 5198 te.
405 5149 583 5211 omniaque--
594 5151 680 5200 dinisti
696 5149 809 5200 habeta
824 5177 851 5187 -
871 5164 901 5199 eo
918 5167 935 5202 a
949 5165 990 5201 me
1007 5154 1069 5212 PG,
1088 5149 1135 5201 sed
1153 5152 1178 5200 in
1196 5153 1216 5200 G
1233 5152 1365 5215 posterior
1381 5165 1398 5200 a
1414 5151 1554 5215 punciaia;
1574 5160 1669 5199 eaom.

346 5228 366 5275 Α
383 5224 565 5286 ——prudenter
582 5224 611 5274 G¹
634 5251 661 5262 -
689 5239 740 5274 esse
756 5239 810 5276 om.
828 5228 850 5276 Α
870 5254 896 5263 -
915 5227 950 5291 tu]
971 5229 1077 5276 tuumd
1101 5253 1127 5261 -
1155 5227 1301 5287 inpudenter
1317 5228 1366 5276 ΑΡ
1386 5252 1412 5261 -
1441 5227 1480 5276 tt.
1499 5226 1622 5280 dicatiP
1642 5251 1668 5261 -

346 5301 386 5350 49.
404 5300 577 5350 acerontinus
594 5303 614 5351 G
634 5328 660 5336 -
684 5302 782 5364 quidem
798 5301 841 5350 tibi
859 5298 887 5350 P¹
906 5328 932 5336 -
956 5302 996 5351 20.
1015 5302 1149 5363 respondeo
1166 5303 1199 5350 P:
1224 5300 1372 5362 respondebo
1389 5301 1438 5348 (30
1458 5327 1485 5335 -
1508 5300 1550 5350 at.
1569 5313 1671 5350 causam

346 5378 374 5435 P,
393 5373 440 5425 sed
456 5389 483 5424 m
499 5374 620 5426 interlita.
634 5403 660 5411 -
679 5377 719 5426 Ξῖ.
735 5377 886 5439 principum]
902 5377 963 5438 prm
980 5379 999 5426 P
1017 5377 1041 5426 in
1060 5379 1177 5426 extremo
1194 5377 1432 5438 versu5‘quettuor
1448 5374 1550 5425 litterae
1568 5372 1671 5425 deletae

346 5453 421 5509 sunt;
446 5450 507 5499 hinc
524 5462 584 5500 voc.
602 5452 628 5501 in
646 5450 706 5502 cod.
724 5453 802 5502 Beru.
822 5456 849 5501 et
865 5450 921 5503 aliis
939 5453 1045 5502 omnino
1063 5452 1147 5501 deest.
1169 5478 1194 5488 -
1223 5451 1381 5501 ecsorrebere
1399 5448 1440 5508 P¹;
1467 5450 1587 5500 acerbare
1603 5452 1623 5500 G
1642 5474 1670 5486 -·

346 5526 386 5577 il.
405 5525 530 5587 cuperetis
546 5525 574 5575 P¹
587 5552 614 5561 —
633 5529 673 5576 25.
692 5529 808 5586 cedendo
823 5530 881 5577 P—
900 5533 928 5576 ut
944 5532 968 5576 et
984 5527 1043 5575 mibi
1060 5525 1150 5575 Lamb.
1166 5552 1193 5560 —
1206 5526 1248 5575 26.
1261 5538 1318 5574 oum
1328 5551 1365 5560 --
1376 5537 1536 5573 serueueram
1552 5523 1670 5575 habete

350 5628 376 5637 -
390 5613 446 5649 cum
462 5600 484 5649 ei
497 5613 525 5662 p.
537 5602 636 5663 peperci
647 5603 676 5651 C.
691 5603 731 5652 Pr.
744 5603 925 5653 llermaunus:
945 5615 1002 5651 cum
1018 5606 1040 5650 et
1054 5601 1156 5662 patriae
1170 5601 1333 5663 pepercissem
1346 5603 1376 5657 Α,
1395 5612 1449 5648 om.
1463 5613 1522 5649 voc.
1541 5603 1670 5663 sequente

348 5687 439 5737 quarm
463 5677 486 5722 et
502 5686 559 5724 carm
573 5690 599 5739 p.
616 5677 769 5738 pepercerim
785 5680 849 5735 PG;
872 5678 939 5738 quoti
954 5677 977 5726 ei
991 5689 1017 5737 p.
1034 5676 1133 5737 peperci
1150 5674 1295 5738 Madvigius
1312 5688 1338 5738 p.
1352 5674 1415 5732 et0;
1434 5675 1499 5735 quod
1512 5675 1616 5736 patriae
1627 5687 1671 5736 pe·

346 5749 468 5811 percerim
484 5747 576 5800 bamb.
592 5778 619 5787 -
639 5763 716 5811 quam
733 5764 785 5800 onr.
799 5753 834 5809 Ας
853 5752 879 5801 in
896 5763 975 5812 quam
991 5747 1021 5798 G¹
1038 5775 1062 5784 -
1080 5762 1240 5799 serueueram
1255 5752 1289 5809 Α;
1307 5761 1439 5799 servaram
1455 5751 1518 5809 PG;
1538 5748 1570 5798 ci.
1584 5748 1618 5798 ed
1630 5760 1669 5797 or.

349 5838 375 5889 p.
394 5825 461 5874 sest.
480 5822 495 5886 5
513 5823 553 5875 ot.
574 5852 601 5862 -
620 5827 660 5877 27.
680 5831 703 5875 te
720 5839 773 5876 om.
792 5828 857 5876 G-
876 5827 918 5877 28.
937 5826 1098 5875 discessumne
1115 5826 1225 5888 increpes
1241 5825 1309 5874 coni.
1328 5822 1420 5874 bamb.
1443 5851 1469 5859 -
1493 5823 1561 5872 older
1577 5834 1631 5873 om.
1650 5825 1671 5873 G

352 5898 829 5957 -2⁹.iurtv.1³-reoocorunto
849 5928 876 5940 —
895 5902 936 5953 32.
955 5901 1089 5964 praequam
1105 5901 1124 5950 P
1144 5926 1172 5937 -
1190 5899 1360 5951 arbiuaretur
1376 5902 1397 5950 G
1416 5926 1442 5937 -
1461 5911 1534 5961 quen
1550 5898 1578 5948 P.
