3800 7350
305 1163 367 1233 964
727 1165 879 1230 ORATIO
901 1167 980 1231 PllO
1002 1168 1036 1231 Ρ.
1059 1165 1202 1233 SESTIO

307 1339 434 1401 divitias
455 1338 488 1399 in
510 1333 791 1417 profundissimum
813 1334 981 1398 libidinum
997 1356 1126 1399 suarum
1141 1335 1297 1418 gurgitem
1311 1333 1500 1418 profundat,
1522 1336 1630 1401 villam

306 1432 473 1497 aedificare
495 1430 527 1492 in
550 1427 651 1491 oculis
673 1429 813 1490 omnium
836 1436 971 1503 tantam,
996 1429 1156 1511 tugurium
1179 1437 1214 1492 ut
1235 1429 1298 1491 iam
1320 1428 1466 1492 rideatur
1487 1449 1558 1492 esse
1578 1429 1634 1492 illa

306 1525 399 1599 villa,
422 1544 516 1607 quam
538 1524 608 1605 ipse
630 1522 774 1584 tribunus
796 1522 839 1604 pl.
862 1523 978 1605 pictam
994 1524 1068 1586 olim
1090 1524 1124 1586 in
1142 1523 1341 1587 contionibus
1356 1522 1547 1604 explicabat,
1570 1542 1634 1607 quo

305 1619 510 1683 fortissimum
532 1637 569 1680 ac
591 1635 746 1679 summum
771 1616 872 1679 civem
894 1617 927 1679 in
949 1617 1099 1680 invidiam
1121 1618 1217 1679 homo
1240 1624 1345 1680 castus
1368 1636 1404 1680 ac
1419 1636 1484 1680 non
1499 1616 1634 1699 cupidus

284 1719 451 1777 evocaret:
474 1707 526 1772 et.
547 1709 681 1773 alterum
704 1709 878 1773 Thracibus
900 1730 936 1773 ac
960 1711 1112 1774 Dardanis
1134 1711 1271 1794 primum
1293 1729 1401 1793 pacem
1419 1711 1556 1773 maxima
1580 1730 1635 1793 pe-

307 1807 401 1870 cunia
422 1804 618 1878 vendidisse,
640 1802 773 1877 deinde,
796 1810 831 1865 ut
852 1802 900 1866 illi
923 1805 1090 1887 pecuniam
1109 1801 1264 1868 conficere
1286 1811 1434 1886 possent,
1457 1803 1632 1867 vexandam

307 1902 346 1964 iis
367 1898 583 1963 Macedoniam
605 1903 637 1960 et
664 1896 860 1978 spoliandam
882 1897 1069 1973 tradidisse;
1099 1896 1303 1980 eundemque
1330 1897 1413 1960 bona
1441 1897 1633 1962 creditorum

307 1993 422 2057 civium
449 1994 660 2055 Romanorum
689 2011 761 2053 cum
789 1990 986 2054 debitoribus
1015 1991 1144 2055 Graecis
1166 1990 1326 2065 divisisse,
1349 2012 1462 2074 cogere
1483 1991 1634 2075 pecunias

306 2089 458 2152 maximas
486 2107 505 2149 a
532 2085 750 2169 Dyrrachinis,
780 2085 918 2167 spoliare
948 2086 1134 2160 Thessalos,
1163 2093 1281 2149 certam
1304 2084 1438 2151 Achaeis
1468 2086 1501 2148 in
1533 2076 1634 2149 annos

271 2183 448 2265 tosinqulos
476 2179 645 2263 pecuniam
672 2180 896 2261 imperavisse,
926 2200 1031 2264 neque
1062 2188 1166 2243 tamen
1193 2179 1258 2242 ullo
1280 2180 1313 2241 in
1335 2180 1464 2263 publico
1485 2186 1541 2241 aut
1560 2178 1636 2242 reli·

306 2277 395 2358 gioeo
418 2277 488 2339 loco
511 2277 635 2357 signum
658 2281 713 2336 aut
734 2272 874 2336 tabulam
897 2282 953 2336 aut
967 2282 1185 2338 ornamentum
1201 2272 1386 2356 reliquisse:
1408 2273 1480 2336 illos
1495 2273 1539 2336 sic
1562 2272 1635 2338 illu·
1753 2348 1757 2355 ⁸

307 2369 399 2443 dere,
421 2368 538 2451 quibus
560 2387 654 2455 omne
675 2367 864 2451 supplicium
887 2375 985 2450 atque
1007 2369 1109 2431 omnis
1133 2369 1201 2431 iure
1224 2368 1343 2450 optimo
1365 2387 1470 2449 poena
1491 2367 1634 2441 debetur,

307 2486 378 2529 reos
408 2483 478 2527 esse
499 2462 559 2525 bos
581 2460 681 2534 duos,
710 2483 790 2546 quos
818 2462 942 2525 videtis.
983 2462 1101 2525 Omitto
1130 2463 1191 2525 iam
1220 2462 1422 2537 Numerium,
1455 2463 1634 2536 Serranum,

306 2559 445 2631 Aelium,
475 2555 665 2639 quisquilias
693 2555 857 2618 seditionis
885 2555 1073 2619 Clodianae:
1103 2555 1159 2619 sed
1190 2564 1296 2619 tamen
1325 2554 1360 2617 bi
1386 2574 1515 2638 quoque
1538 2557 1633 2620 ctiam

269 2668 390 2718 :cnunc
410 2651 561 2723 volitant,
582 2656 619 2711 ut
640 2648 771 2723 videtis,
803 2669 878 2723 nec,
902 2650 975 2712 dum
998 2670 1056 2717 vos
1080 2650 1120 2713 de
1141 2650 1232 2713 robis
1254 2647 1376 2733 aliquid
1399 2648 1566 2724 timebitis,
1587 2649 1635 2712 illi

306 2764 457 2829 umquam
478 2743 518 2806 de
540 2763 574 2805 se
602 2743 837 2825 pertimescent.
881 2744 991 2806 xhtv.
1014 2742 1066 2806 95.
1088 2746 1167 2808 Nam
1189 2743 1267 2825 quid
1295 2763 1354 2825 ego
1376 2741 1416 2805 de
1439 2741 1542 2806 aedile
1564 2742 1634 2826 ipso

305 2842 432 2925 loquar,
461 2837 518 2922 qui
546 2835 643 2899 etiam
670 2836 755 2900 diem
784 2837 864 2900 dixit
893 2847 925 2899 et
947 2838 1107 2901 accusavit
1128 2838 1167 2900 de
1189 2838 1220 2899 vi
1242 2836 1417 2901 Milonem?
1448 2838 1561 2919 Neque
1582 2834 1635 2897 hic

304 2944 409 2999 nmen
431 2932 497 2995 ulla
518 2950 667 3013 umquam
689 2930 806 2994 iniuria
828 2930 1019 3006 adducetur,
1042 2940 1078 2993 ut
1100 2951 1172 2994 eum
1195 2931 1251 2994 tali
1273 2930 1389 2993 virtute
1411 2936 1561 3013 tantaque
1583 2925 1635 2991 fir·

305 3028 414 3091 mitate
434 3024 532 3090 animi
554 3045 589 3088 se
611 3025 650 3099 in,
666 3043 733 3086 rem
755 3024 913 3106 publicam
935 3024 1034 3089 fuisse
1057 3025 1232 3108 paeniteat:
1261 3022 1317 3088 sed
1340 3023 1396 3108 qui
1426 3023 1506 3086 baec
1527 3022 1636 3087 rident

268 3121 538 3193 coadolescentes,
561 3138 700 3201 quonam
722 3137 795 3181 suas
818 3126 941 3182 mentes
963 3118 1149 3182 conferenti
1176 3119 1251 3194 Ille,
1275 3119 1329 3202 qui
1351 3125 1556 3182 monumenta
1576 3138 1635 3200 pu·
1663 3124 1666 3130 '

305 3214 404 3288 blica,
427 3214 483 3298 qui
504 3212 600 3276 aedes
622 3232 743 3285 sacras,
766 3212 820 3295 qui
843 3209 1177 3276 domos'inimicomm
1199 3232 1328 3276 suorum
1343 3214 1556 3295 oppugnavit,
1578 3232 1634 3276 ex·

306 3308 399 3381 cidit,
428 3307 587 3381 incendit,
612 3305 668 3389 qui
690 3306 823 3388 stipatus
845 3326 972 3389 semper
994 3308 1135 3382 sicariis,
1166 3314 1295 3390 saeptus
1317 3306 1461 3381 armatis,
1494 3307 1635 3370 munitus

305 3401 461 3465 indicibus
482 3400 557 3474 firit,
580 3419 714 3484 quorum
736 3399 833 3462 hodie
855 3401 946 3483 copia
968 3400 1140 3474 redundat,
1163 3401 1218 3483 qui
1242 3408 1274 3464 et
1294 3400 1492 3484 peregrinam
1506 3418 1634 3463 manum

304 3493 554 3556 facinorosorum
583 3492 752 3555 concitavit
773 3500 804 3555 et
825 3511 933 3556 servos
956 3494 996 3557 ad
1019 3493 1147 3557 caedem
1170 3494 1303 3557 idoneos
1326 3494 1403 3556 emit
1424 3500 1458 3556 et
1477 3495 1510 3556 in
1533 3493 1633 3557 tribu-

232 3601 238 3630 ·
268 3594 383 3655 aonatu
403 3606 558 3650 carcerem
581 3593 683 3649 totum
705 3587 738 3649 in
761 3585 864 3649 iorum
887 3588 1016 3662 effudit,
1039 3587 1149 3651 volitat
1170 3587 1300 3662 aedilis,
1322 3595 1450 3651 accusat
1471 3607 1553 3662 eum,
1577 3585 1634 3671 qui

305 3681 413 3765 aliqua
434 3701 475 3744 ex
496 3688 584 3764 parte
606 3681 675 3744 eius
696 3680 836 3744 furorem
859 3681 1068 3745 exsultantem
1090 3683 1262 3764 repressit:
1283 3681 1351 3757 bic,
1381 3682 1494 3765 quise
1516 3689 1565 3746 est
1585 3690 1635 3745 tu·

306 3781 389 3839 tatus
411 3776 473 3848 sic,
501 3782 537 3839 ut
558 3775 591 3837 in
617 3775 740 3856 privata
761 3794 795 3838 re
817 3775 895 3839 deos
917 3784 1047 3858 penates
1069 3797 1161 3851 suos,
1187 3776 1220 3839 in
1241 3795 1275 3838 re
1297 3775 1424 3857 publica
1445 3777 1515 3842 iura
1535 3776 1635 3840 tribu·

305 3876 399 3932 natus
427 3875 522 3952 atque
554 3868 692 3950 auspicia
722 3868 921 3943 detenderet,
950 3889 1098 3933 accusare
1127 3891 1198 3934 eum
1227 3869 1403 3950 moderate,
1434 3889 1540 3955 aquo
1563 3869 1634 3953 ipse

305 3960 425 4025 nelarie
447 3969 626 4037 accusatur,
648 3981 706 4044 per
726 3971 856 4026 senatus
878 3963 1097 4027 auctoritatem
1120 3984 1183 4027 non
1205 3972 1253 4026 est
1275 3964 1363 4027 situs.

268 4078 296 4124 ao
378 4054 430 4120 96.
444 4057 599 4120 Nimirum
619 4056 681 4120 hoc
702 4057 781 4120 illud
803 4065 869 4132 est,
893 4058 977 4140 quod
994 4058 1033 4120 de
1048 4078 1099 4121 me
1114 4059 1312 4141 potissimum
1335 4067 1368 4121 tu
1384 4058 1417 4120 in
1433 4055 1633 4121 accusatione

306 4153 467 4235 quaesisti,
489 4170 571 4234 quae
586 4158 670 4214 esset
684 4160 790 4215 nostra
807 4152 895 4214 natio
912 4152 1122 4233 optimatium,
1138 4153 1183 4215 sic
1198 4152 1282 4214 enim
1299 4153 1419 4216 dixisti.
1441 4154 1519 4214 Rem
1534 4170 1635 4234 quae·

304 4244 348 4306 ris
372 4244 564 4327 praeclaram
584 4245 738 4308 iuventuti
762 4244 803 4307 ad
825 4245 1010 4308 discendum
1032 4267 1091 4308 nec
1114 4246 1190 4309 mihi
1212 4243 1373 4309 difficilem
1396 4245 1435 4309 ad
1458 4245 1634 4329 perdocen-

306 4336 397 4413 dum:
420 4340 458 4402 de
474 4359 538 4422 qua
550 4358 663 4421 pauca,
684 4339 815 4414 indices,
837 4340 947 4416 dicam,
971 4349 1011 4415 et,
1033 4349 1068 4403 ut
1082 4341 1224 4414 arbitror,
1241 4359 1300 4403 nec
1315 4340 1354 4403 ab
1369 4340 1504 4403 utilitate
1520 4359 1630 4403 corum

306 4432 362 4514 qui
375 4431 506 4494 audient
516 4453 577 4495 nec
591 4433 630 4496 ab
642 4429 746 4496 officio
757 4443 861 4500 vestro
872 4455 932 4498 nec
944 4434 984 4497 ab
999 4436 1068 4517 ipsa
1079 4453 1173 4498 causa
1188 4433 1324 4498 P.Scstii
1336 4433 1519 4499 abhorrebit
1529 4433 1631 4499 oratio

1252 4541 1255 4571 t

371 4804 395 4853 l.
411 4802 567 4867 profundunt
584 4806 656 4864 PG23
676 4806 878 4868 profundumm
897 4832 923 4841 -
949 4807 975 4856 6.
993 4806 1063 4857 illam
1082 4810 1112 4858 G¹
1130 4834 1159 4844 -
1183 4808 1208 4858 b.
1227 4807 1337 4859 trucibus
1353 4810 1373 4860 G
1393 4834 1420 4845 -
1445 4810 1469 4861 6.
1487 4815 1516 4861 ot
1532 4813 1552 4863 G
1569 4825 1630 4878 sup.

304 4874 350 4927 lin.
370 4901 397 4913 —
417 4880 441 4928 7.
460 4880 491 4928 iis
509 4881 571 4929 PG:
597 4880 635 4930 bi:
650 4879 698 4931 b0
717 4908 744 4918 -
764 4882 787 4931 9.
807 4882 974 4942 Dyrrachini:
990 4884 1051 4933 PG:
1075 4884 1258 4946 Dyrrhachinis
1274 4885 1294 4934 0
1315 4911 1341 4921 -
1363 4886 1402 4935 46.
1418 4887 1538 4946 pentonia:
1553 4887 1583 4938 1²¹
1602 4914 1629 4925 -

305 4954 345 5003 44.
363 4954 418 5003 illos
433 4954 543 5019 scripsi:
569 4955 613 5005 bos
629 4956 721 5015 PGO‚
740 4955 789 5006 sed
806 4960 847 5007 est
864 4959 889 5007 in
907 4960 926 5007 P
942 4958 993 5008 ilo:
1008 4971 1077 5008 corr.
1096 4972 1128 5008 ex
1144 4960 1210 5020 Hoc;
1236 4972 1276 5010 cos
1291 4958 1473 5024 Wesenberg;
1496 4961 1546 5014 sed
1562 4976 1632 5028 quo-

305 5028 375 5079 niam
397 5027 475 5080 lectio
496 5029 624 5081 librorum
647 5029 802 5093 corrigenda
826 5035 881 5093 est,
909 5035 1046 5096 praestare
1069 5034 1155 5084 visum
1173 5036 1215 5084 cst
1230 5034 1285 5084 illo:
1301 5047 1445 5100 reponere,
1464 5034 1537 5099 quod
1553 5049 1630 5102 pron.

302 5105 409 5167 proprie
435 5107 576 5170 opponitur
598 5108 729 5158 contrario
749 5107 793 5158 lto:
814 5106 848 5157 de
870 5109 901 5158 iis
927 5109 1011 5169 dicto,
1036 5109 1081 5172 qui
1098 5112 1155 5159 tom
1171 5107 1297 5169 aderent:
1320 5109 1424 5165 accedit
1440 5111 1513 5176 quod
1529 5112 1557 5163 in
1573 5113 1630 5178 ipsa

303 5177 433 5242 scriptura
451 5178 510 5228 cod.
530 5183 549 5231 P
566 5181 615 5230 llos
631 5181 771 5244 vestigium
788 5180 908 5234 lectionis
924 5184 980 5234 illo:
996 5188 1116 5249 apparet.
1130 5211 1158 5221 -
1177 5185 1288 5236 inludere
1304 5187 1368 5246 PG:
1387 5185 1485 5236 cludere
1501 5185 1570 5238 conl.
1583 5187 1632 5238 Ga·

303 5252 400 5314 ratoni,
420 5266 499 5315 quam
517 5255 698 5306 coniecturam
711 5257 890 5308 necessariam
901 5271 954 5308 non
967 5271 1028 5309 csse
1041 5260 1142 5310 erudite
1154 5259 1346 5313 demonstravit
1356 5259 1484 5312 Wesenlr.
1503 5274 1530 5328 p.
1544 5262 1576 5314 66
1587 5275 1629 5328 sq.

304 5353 331 5363 -
351 5327 392 5378 tt.
410 5329 554 5392 supplitium
570 5333 590 5382 P
609 5358 635 5366 —
655 5336 755 5394 optumo
771 5334 820 5383 PG
838 5358 866 5368 -
886 5332 926 5382 ta.
945 5333 1089 5384 numenium
1106 5337 1126 5384 G
1145 5362 1170 5370 -
1192 5334 1233 5386 tt.
1251 5337 1326 5386 dium
1342 5337 1362 5386 P
1379 5362 1406 5373 —
1425 5335 1586 5398 quamam:
1601 5337 1631 5388 1³¹

301 5402 500 5455 -etiooPu
525 5405 721 5467 l5.oec]ncG
742 5434 768 5443 -
787 5409 997 5459 houthPcorr.
1016 5409 1027 5456 4
1049 5421 1085 5459 m.
1104 5410 1313 5461 6644644446-
1332 5411 1630 5475 :cotteanum

304 5505 331 5515 -
345 5479 517 5542 pertimescent
533 5479 565 5530 d:
580 5481 756 5544 pertimescunt
772 5484 859 5533 PG—
872 5484 948 5534 aedili
964 5485 1035 5534 G2-
1055 5485 1095 5535 47.
1113 5485 1178 5536 diem
1195 5487 1280 5537 om.G
1299 5513 1326 5523 -
1345 5486 1386 5536 ta.
1404 5485 1475 5536 cotto
1490 5484 1534 5547 P¹;
1551 5485 1630 5537 illoG

303 5579 331 5590 -
343 5555 552 5616 adducereturP3
571 5557 725 5607 adducereG
740 5584 767 5594 -
781 5559 821 5609 49.
835 5572 862 5611 :e
877 5564 900 5610 et
915 5561 943 5608 io
957 5560 994 5609 ‚lt
1005 5559 1031 5608 P.
1044 5561 1074 5620 P,
1092 5560 1140 5610 sed
1152 5564 1197 5611 ott
1212 5574 1250 5612 m.
1263 5559 1391 5612 deletum.
1406 5586 1433 5597 -
1449 5562 1578 5624 paeniteat
1594 5562 1626 5611 P:

297 5630 423 5691 pomiteat
439 5632 488 5681 GG
508 5655 534 5667 —
558 5631 599 5682 20.
618 5633 782 5684 adulam
801 5635 820 5684 P
839 5660 867 5671 —
888 5634 1028 5698 conterrent
1043 5635 1071 5684 P¹
1092 5661 1119 5671 -
1141 5636 1182 5687 at.
1201 5636 1291 5686 edesP
1310 5658 1337 5672 -
1361 5635 1466 5686 exscidit
1482 5637 1516 5697 l.;
1540 5635 1574 5687 cl.
1592 5632 1628 5685 ad

300 5715 360 5768 pag.
374 5704 431 5766 944,
450 5707 491 5757 44.
506 5733 533 5743 -
552 5707 593 5757 23.
612 5708 667 5758 odie
683 5711 711 5759 P¹
723 5734 751 5743 -
770 5710 812 5760 26.
829 5709 983 5761 mutuatam
1000 5711 1018 5759 P
1037 5735 1063 5750 κ-
1082 5709 1123 5760 27.
1139 5712 1238 5773 penotto
1254 5711 1303 5761 PG
1315 5736 1342 5746 -
1362 5710 1404 5761 28.
1422 5717 1498 5776 atquc
1513 5710 1628 5774 comicia

301 5780 366 5829 PG:
384 5779 648 5845 auspicioqueao-
667 5786 866 5835 640636446-
884 5786 926 5836 29.
944 5785 1094 5836 auctoritate
1111 5786 1132 5834 G
1150 5810 1178 5823 -
1197 5785 1238 5837 34.
1256 5787 1442 5850 optimotcanG
1462 5810 1488 5824 -
1507 5783 1628 5837 :actm

302 5851 447 5906 odorlitror
463 5858 483 5907 P
501 5881 528 5892 ·-
547 5855 588 5908 34.
605 5862 687 5910 vestm
703 5859 767 5908 PG:
785 5865 870 5943 nqctro
886 5859 973 5924 beo:
992 5858 1025 5911 cl.
1043 5859 1172 5913 Wesenb.
1190 5875 1217 5927 p.
1235 5861 1277 5914 66.
1297 5887 1323 5899 -
1343 5862 1400 5916 :otti
1415 5862 1473 5913 PG.
