3800 7350
693 1199 767 1266 cu.
788 1200 924 1266 x-m.
952 1196 998 1284 §s
1022 1195 1166 1266 ae-so.
1526 1192 1588 1259 eoa
1629 1271 1635 1287 ¹

269 1370 419 1435 contione
439 1375 495 1434 tua
515 1376 644 1454 rogatus
666 1389 684 1435 a
705 1378 754 1446 te,
777 1391 847 1436 sese
869 1377 1012 1436 auctores
1027 1376 1059 1435 et
1072 1370 1260 1454 impulsores
1275 1377 1307 1436 et
1320 1371 1425 1435 socios
1438 1370 1588 1436 babuisse

269 1463 396 1529 sceleris
417 1458 505 1528 illius
527 1484 581 1528 eos
602 1466 703 1541 viros,
728 1465 846 1549 quibus
868 1487 885 1530 e
908 1466 1033 1530 civitate
1055 1464 1201 1539 sublatis,
1223 1466 1310 1549 quod
1331 1472 1365 1529 tu
1387 1485 1426 1530 eo
1447 1473 1588 1550 tempore

256 1556 458 1632 moliebare,
480 1558 590 1622 civitas
612 1565 695 1623 stare
715 1579 782 1624 non
802 1562 935 1643 posset?
963 1560 1006 1622 bi.
1026 1558 1190 1633 Bibulum,
1212 1560 1300 1622 cuius
1322 1558 1498 1623 inclusione
1513 1578 1589 1622 con·

268 1657 374 1715 tentus
394 1671 459 1715 non
482 1672 568 1727 eras,
589 1650 764 1717 interlicere
785 1653 948 1727 volueras,
971 1652 1135 1716 consulatu
1151 1648 1199 1686 Η
1212 1652 1313 1736 patria
1333 1652 1458 1736 privare
1481 1652 1590 1736 cupie-

267 1744 342 1821 bas3
370 1745 406 1809 1..
434 1745 616 1822 Lucullum,
647 1747 736 1811 cuius
765 1752 800 1811 tu
827 1747 921 1811 rebus
950 1747 1066 1830 gestis,
1099 1744 1187 1829 quod
1217 1745 1285 1828 ipse
1314 1746 1354 1808 ad
1376 1745 1614 1830 imperatoriast

267 1838 379 1903 laudes
399 1859 418 1903 a
438 1859 538 1923 puero
552 1840 699 1904 videlicet
720 1848 895 1925 spectares,
917 1839 1137 1903 vehementius
1158 1838 1337 1913 invidebas,
1360 1839 1395 1903 G.
1410 1839 1590 1913 Curionem,

267 1938 456 2016 perpetuum
483 1932 607 1998 hostem
637 1934 850 2018 improborum
882 1934 1039 2008 omnium,
1068 1938 1230 1996 auctorem
1250 1931 1369 2016 publici
1391 1934 1528 2009 consilii,
1557 1934 1591 1996 in

267 2025 412 2090 libertate
435 2027 594 2090 communi
615 2028 733 2091 tuenda
756 2029 892 2092 maxime
913 2027 1063 2102 liberum,
1086 2046 1159 2089 cum
1174 2021 1239 2088 filio
1262 2025 1405 2109 principe
1419 2026 1591 2090 iuventutis

268 2142 339 2185 cum
369 2123 556 2206 republica
585 2125 801 2188 coniunctiore
832 2124 943 2195 etiam,
978 2141 1073 2206 quam
1101 2119 1141 2183 ab
1170 2118 1224 2181 illa
1245 2124 1348 2182 aetate
1368 2118 1591 2203 postulandum

266 2214 345 2290 luit,
368 2215 474 2279 delere
496 2216 643 2293 voluisti3
666 2215 717 2281 25.
740 2218 775 2279 L.
797 2215 987 2289 Domitium,
1010 2215 1099 2278 cuius
1121 2213 1256 2296 dignitas
1277 2218 1309 2276 et
1329 2209 1480 2297 splendor
1500 2227 1629 2295 prae-to

268 2309 457 2393 stringebat,
487 2311 595 2386 oredo,
625 2312 734 2375 oculos
756 2311 779 2391 i
800 2309 937 2382 Vatinii,
972 2328 1067 2392 quem
1089 2312 1123 2369 tu
1143 2314 1274 2390 propter
1295 2326 1461 2370 commune
1483 2305 1591 2369 odium

268 2404 300 2465 in
321 2402 421 2468 bonos
443 2404 574 2480 oderas,
596 2405 629 2468 in
651 2412 814 2488 posterum
835 2408 940 2466 autem
962 2408 1093 2485 propter
1109 2400 1249 2464 omnium
1270 2421 1369 2484 spem,
1384 2420 1466 2484 quae
1480 2399 1522 2462 de
1535 2398 1591 2462 illo

269 2502 318 2560 est
337 2504 434 2582 atque
456 2505 539 2573 erat,
561 2505 634 2561 ante
656 2499 821 2583 aliquanto
843 2496 990 2570 timebas,
1012 2495 1047 2559 L.
1068 2493 1252 2569 Lentulum,
1273 2494 1359 2558 bunc
1379 2493 1516 2557 iudicem
1535 2511 1592 2554 no-

269 2599 383 2667 strum,
411 2592 569 2656 ilaminem
600 2592 797 2667 Martialem,
826 2590 913 2676 quod
936 2596 1003 2653 erat
1024 2609 1063 2652 eo
1085 2597 1227 2673 tempore
1249 2589 1375 2653 Gabinii
1397 2590 1443 2653 tui
1465 2606 1593 2671 compe·

268 2686 360 2761 titor,
382 2685 525 2750 eiusdem
547 2685 644 2748 Vettii
666 2686 784 2749 indicio
807 2686 985 2771 opprimere
1006 2683 1150 2748 voluisti:
1173 2686 1229 2768 qui
1251 2686 1364 2747 situm
1386 2683 1474 2746 illam
1488 2682 1592 2747 labem
1604 2696 1632 2741 so

268 2787 454 2863 pestemque
474 2780 618 2853 vicisset,
640 2780 727 2863 quod
750 2779 779 2842 ei
802 2787 858 2843 tuo
880 2777 1000 2842 scelere
1021 2798 1086 2841 non
1100 2777 1206 2854 licuit,
1227 2799 1277 2842 res
1290 2777 1418 2863 publica
1431 2776 1514 2841 ricta
1527 2795 1593 2839 non

269 2880 362 2936 esset.
400 2873 503 2936 Huius
530 2873 624 2936 etiam
645 2869 745 2948 filium
768 2873 879 2936 eodem
902 2872 1020 2936 indicio
1042 2878 1075 2936 et
1096 2873 1227 2936 crimine
1249 2874 1289 2937 ad
1306 2872 1409 2957 patris
1430 2871 1594 2935 interitum

269 2985 436 3051 aggregare
458 2966 597 3030 voluisti.
631 2968 667 3029 L.
689 2966 837 3041 Paulum,
861 2967 916 3050 qui
939 2974 1007 3029 tum
1030 2974 1181 3050 quaestor
1193 2967 1411 3030 lliaoedoniam
1425 2965 1594 3040 obtinebat,

270 3080 366 3145 quem
387 3059 505 3125 civeml
534 3080 630 3144 quem
650 3060 770 3124 virum!
798 3061 853 3145 qui
876 3060 939 3123 duo
961 3058 1099 3123 nefarios
1120 3060 1242 3143 patriae
1263 3059 1458 3143 proditores,
1487 3062 1595 3124 dome·

269 3156 363 3219 sticos
382 3154 506 3229 bostes,
529 3153 652 3237 legibus
674 3154 914 3229 exterminaret,
935 3153 1096 3218 bominem
1117 3153 1158 3216 ad
1178 3154 1425 3219 conservandam
1447 3176 1512 3220 rem
1534 3166 1632 3238 pu·io

268 3248 385 3312 blicam
405 3256 532 3324 natum,
554 3248 587 3309 in
608 3248 695 3311 idem
717 3247 813 3312 Vettii
837 3247 992 3311 indicium
1013 3254 1109 3332 atquo
1130 3250 1165 3313 in
1179 3247 1314 3313 eundem
1328 3248 1413 3314 bunc
1427 3269 1595 3314 numerum

269 3342 478 3425 congregasti.
521 3339 572 3405 26.
593 3339 679 3416 Quid
702 3360 776 3425 ergo
799 3341 839 3405 de
860 3361 911 3405 me
934 3345 1070 3425 querar?
1092 3344 1149 3427 qui
1171 3343 1265 3407 etiam
1287 3344 1403 3427 gratias
1424 3343 1480 3406 tibi
1502 3361 1595 3426 agere

269 3434 388 3512 debeo,
411 3436 497 3521 quod
518 3455 568 3501 me
591 3454 631 3497 ex
652 3434 896 3499 fortissimorum
919 3436 1034 3500 civium
1056 3456 1187 3500 numero
1211 3436 1439 3520 seiungendum
1454 3455 1518 3501 non
1537 3455 1596 3519 pu-

268 3530 352 3594 tasti.
387 3531 444 3593 xi.
466 3530 530 3594 Sed
552 3529 607 3613 qui
635 3528 694 3591 fuit
718 3536 792 3593 tuus
814 3528 869 3592 ille
892 3536 998 3593 tantus
1019 3529 1122 3607 furor,
1152 3539 1206 3607 ut,
1235 3552 1306 3595 cum
1327 3531 1389 3594 iam
1412 3530 1534 3594 Vettius
1555 3529 1596 3591 ad

269 3623 432 3688 arbitrium
453 3629 543 3688 tumn
564 3632 743 3707 perorasset
764 3629 797 3688 et
818 3624 954 3689 civitatis
971 3624 1092 3690 lumina
1105 3631 1248 3689 notasset
1262 3624 1541 3710 descendissetque
1557 3624 1634 3687 deso

268 3719 397 3793 rostris,
426 3738 499 3781 eum
528 3724 657 3803 repente
687 3736 868 3793 revocares,
899 3718 1118 3803 colloquerere
1140 3721 1258 3804 populo
1287 3721 1429 3784 Romano
1450 3719 1596 3793 vidente,

270 3811 385 3874 deinde
406 3812 632 3896 interrogares,
646 3832 853 3897 ,ecquosnam
875 3812 955 3877 alios
977 3821 1086 3897 posset
1108 3814 1295 3879 nominaret
1328 3813 1543 3878 Inculcarisne
1561 3819 1597 3875 ut

271 3905 305 3969 G.
328 3907 493 3982 Pisonem,
522 3926 673 3991 generum
695 3929 817 3982 meum,
847 3908 1042 3984 nominaret,
1070 3909 1125 3992 qui
1147 3908 1181 3970 in
1203 3928 1326 3973 summa
1347 3908 1440 3992 copia
1459 3896 1596 3991 ‘optimo-

270 4021 340 4064 rum
361 4000 610 4065 adolescsntium
630 4002 700 4085 pari
722 4002 934 4076 continentia,
963 4002 1097 4077 virtute,
1125 4001 1243 4084 pietate
1266 4003 1394 4086 reliquit
1413 4001 1595 4064 neminem?

270 4095 411 4179 itemque
431 4095 715 4177 bi.Laterensem,
744 4096 905 4159 bominem
928 4094 997 4158 dies
1018 4103 1114 4179 atquc
1135 4102 1245 4159 noctes
1268 4096 1308 4158 de
1330 4096 1425 4160 laude
1446 4102 1479 4159 et
1500 4095 1540 4158 dc
1561 4110 1633 4157 reeo

269 4188 397 4271 publica
418 4191 632 4274 cogitantem?
658 4189 927 4274 promulgarisne,
948 4188 1163 4272 impurissime
1183 4189 1295 4265 bostis,
1317 4189 1538 4274 quaestionem
1555 4187 1597 4251 de

337 4478 605 4530 tconsioocGO—
628 4479 765 4530 nero:
791 4479 907 4530 440-
930 4479 1139 4542 morali}
1162 4505 1189 4514 -
1214 4476 1447 4530 locustarum:
1474 4481 1599 4542 4944444444

271 4555 402 4605 costumia
424 4555 487 4617 00,
511 4555 537 4605 in
559 4557 579 4606 Ρ
595 4554 721 4618 moltam
742 4569 757 4605 a
774 4567 811 4606 m.
828 4556 853 4607 Ξ.
872 4567 930 4620 sup.
948 4553 1046 4606 lineam
1063 4556 1113 4606 cst.
1139 4552 1244 4605 Falsum
1261 4566 1321 4605 esse
1338 4553 1548 4607 additamentum
1565 4570 1598 4608 ex

271 4629 329 4694 ipsa
349 4627 497 4680 verborum
521 4626 694 4681 collocatione
716 4630 839 4695 apparet;
861 4629 967 4681 videtur
987 4630 1075 4695 potius
1095 4630 1157 4695 post
1175 4628 1307 4680 4444444444
1321 4630 1504 4695 participium,
1525 4630 1599 4683 velut

271 4709 388 4768 «444444,
407 4704 528 4756 4444444444
543 4703 719 4756 intercidisse.
748 4704 787 4756 ci.
806 4717 875 4769 quae
892 4705 983 4756 monui
999 4706 1026 4756 in
1043 4717 1113 4757 novo
1129 4705 1195 4756 iius.
1214 4704 1298 4756 ltben.
1316 4704 1350 4754 ix
1366 4717 1394 4769 p.
1407 4703 1465 4757 aio.
1484 4733 1512 4742 -
1531 4707 1555 4758 5.
1569 4707 1597 4758 c.

273 4782 332 4834 ditr-
344 4777 556 4844 --tnprobonsn
572 4778 686 4830 habeti
700 4807 727 4816 -
745 4780 770 4830 7.
787 4780 950 4843 inprobos-om
966 4782 1015 4833 ΑΡ
1029 4808 1056 4817 -
1074 4780 1102 4830 to
1118 4779 1230 4830 libertate
1246 4777 1290 4830 ed.
1301 4779 1370 4829 lunt.
1383 4781 1410 4830 et
1420 4779 1480 4832 cod.
1492 4782 1599 4832 Nuern·

271 4854 394 4920 bergerl:
411 4855 440 4906 44
456 4867 510 4906 om.
528 4855 609 4906 PGO
627 4856 679 4921 (est
695 4855 722 4905 in
738 4856 758 4905 P
774 4855 869 4906 44444444
885 4857 913 4906 in
928 4855 983 4907 fine
999 4856 1101 4919 versus)
1121 4881 1148 4890 -
1171 4854 1196 4904 9.
1214 4853 1369 4905 4444444944
1384 4857 1404 4906 Ρ
1423 4882 1450 4891 -
1473 4868 1550 4917 944444
1564 4856 1595 4905 s:

271 4930 432 4981 censo-
453 4928 1030 4996 toproesntspsoocfflpsrsoioqsostp-
1049 4932 1090 4981 44.
1108 4930 1269 4985 oots'oil’Gr
1288 4929 1596 4992 commemorasse

271 5003 443 5080 iordsnusgu
459 5016 573 5056 censura
590 5003 654 5056 edit.
673 5017 750 5056 meae
767 5006 836 5071 Lips.
855 5006 982 5057 coniecit:
1001 5005 1084 5056 ocutos
1098 5011 1166 5065 44444,
1186 5005 1278 5067 Vatini,
1295 5018 1392 5070 parum
1408 5003 1597 5070 probabiliter,

270 5091 333 5130 nam
354 5091 472 5144 segnem
494 5085 522 5130 trs
544 5080 626 5143 (quem
641 5085 669 5130 to
685 5080 746 5143 cet)
767 5080 882 5132 ostendit
904 5081 930 5132 in
949 5081 1080 5132 sententia
1097 5076 1273 5130 antecedente
1290 5076 1325 5129 de
1341 5076 1391 5129 alia
1408 5092 1521 5145 persona
1537 5092 1598 5131 scr-

270 5165 380 5205 monem
401 5153 492 5206 inisse.
520 5155 558 5207 ei.
578 5155 612 5206 de
634 5153 694 5207 loco
716 5157 796 5207 etiam
813 5156 925 5220 iladvig.
944 5168 971 5221 p.
989 5158 1051 5216 546,
1074 5157 1119 5221 qui
1136 5167 1198 5206 cum
1214 5154 1336 5205 Ernestio
1355 5153 1438 5203 444444
1454 5153 1598 5206 delendum

270 5232 372 5282 censet.
391 5257 419 5268 -
446 5237 474 5282 tu
496 5233 562 5282 PG:
586 5237 639 5282 44444
658 5232 678 5282 0
696 5243 757 5283 oum
773 5232 902 5284 Lambino
920 5258 948 5267 -
973 5231 1013 5282 43.
1032 5236 1090 5284 coto
1110 5232 1241 5294 4449444449
1257 5231 1319 5280 PG:
1346 5229 1447 5280 tondeo
1462 5230 1599 5294 4449444454)

270 5317 345 5371 susp.
369 5306 431 5371 ioep
454 5307 481 5358 in
502 5309 593 5371 Progr.
617 5320 642 5358 a.
661 5307 721 5357 4854
741 5321 769 5373 p.
789 5308 829 5358 44.
853 5335 881 5346 -
906 5306 946 5359 44.
965 5307 1056 5358 645444·
1076 5309 1135 5359 1³⁶¹
1156 5333 1183 5342 -
1211 5307 1251 5356 45.
1270 5304 1331 5355 eatis·
1351 5306 1371 5355 P
1388 5317 1457 5355 corr.
1476 5306 1487 5354 4
1509 5318 1545 5356 m.
1564 5319 1597 5357 er

269 5381 353 5442 uestt3
375 5386 447 5432 sero
462 5378 505 5442 (³¹,
522 5383 597 5433 occis'i
612 5382 644 5432 (4Ξ
661 5408 688 5417 -
713 5383 753 5433 48.
771 5383 912 5448 adgregare
927 5384 947 5433 P
963 5411 998 5421 -
1013 5383 1119 5433 Pontum
1134 5384 1199 5433 PG:
1221 5379 1373 5431 bostono
1392 5407 1420 5416 -
1438 5380 1562 5443 opitocbnt
1577 5384 1597 5433 P

271 5453 416 5517 (coesse
433 5460 461 5506 ot
477 5470 550 5520 944444
564 5459 648 5508 cirum
665 5458 732 5508 coni.
751 5459 841 5510 nescio
858 5459 932 5523 quis,
954 5460 982 5508 at
997 5472 1023 5508 v.
1041 5457 1127 5509 iiadv.
1146 5471 1172 5523 p.
1191 5457 1240 5507 546
1258 5455 1322 5519 not.)
1342 5480 1370 5490 -
1390 5455 1429 5505 49.
1448 5456 1597 5519 erenw-

269 5529 554 5583 iermtnoroihabeta
573 5560 601 5570 -
624 5535 672 5583 deo
689 5534 753 5583 PG:
776 5533 969 5596 (4444444430
988 5561 1015 5570 -
1038 5533 1080 5583 2⁰.
1097 5533 1172 5583 444444
1188 5533 1251 5592 PG3
1277 5531 1343 5581 dom.
1361 5530 1439 5582 4444444
1455 5543 1508 5581 om.
1526 5531 1547 5581 4
1567 5557 1594 5566 -

269 5604 311 5654 44.
330 5606 601 5660 uuiioditiami-
620 5609 661 5660 ii.
680 5610 824 5674 oggrcgosit
841 5611 859 5660 4.
878 5635 905 5644 -
924 5621 985 5674 ergo
1001 5609 1063 5658 PG:
1090 5620 1135 5672 494
1153 5609 1170 5657 S
1188 5632 1214 5645 -
1234 5605 1275 5656 23.
1291 5606 1388 5669 94444444
1404 5606 1466 5657 PG:
1486 5606 1596 5669 patoes

272 5681 300 5731 et
315 5680 395 5742 dett.;
411 5682 511 5745 potorio
526 5683 559 5743 0;
578 5683 611 5735 ci.
630 5684 741 5748 iladvig.
759 5697 787 5749 p.
805 5685 863 5736 544.
883 5711 911 5721 -
929 5682 970 5735 44.
988 5687 1046 5732 tous
1061 5682 1102 5733 iile
1117 5683 1183 5734 PG:
1201 5681 1243 5732 ills
1258 5685 1316 5731 44444
1332 5682 1352 5732 0
1370 5680 1398 5731 et
1414 5680 1476 5731 edd.
1488 5682 1552 5731 vett.
1566 5707 1593 5717 -

270 5756 315 5807 26.
332 5757 517 5822 miceam
531 5761 550 5811 Ρ
571 5787 598 5798 -
615 5760 656 5810 44.
674 5772 778 5825 rogares
793 5761 815 5811 G
832 5785 859 5805 .-
878 5771 1027 5821 44944444444
1043 5758 1064 5808 G
1081 5770 1150 5808 corr.
1169 5769 1203 5808 ex
1217 5756 1413 5820 boscqoosnoro,
1434 5757 1465 5806 ut
1480 5754 1594 5805 videtur.

272 5828 1596 5892 -somisoretseosestcosmso-ts.odoesonotuoso-so.aosocsesi-3t.sspo·

272 5905 369 5959 44444444
383 5909 417 5960 1³:
434 5909 601 5975 mnino
616 5910 817 5978 449445444444444
833 5909 892 5962 (40.

316 5993 405 6050 omo
420 5997 448 6051 τ.
460 5997 490 6052 li.
1339 5996 1381 6068 63
