3800 7350
725 1193 799 1258 cn.
820 1192 944 1257 1-1u.
972 1190 1019 1275 ss
1041 1188 1144 1256 4-4.
1507 1191 1591 1259 saar

270 1363 413 1447 augenda
433 1381 468 1425 re
489 1380 554 1425 non
575 1362 724 1425 avaritiae
746 1363 911 1446 praedam,
940 1362 996 1425 sed
1019 1361 1261 1424 instrumentum
1283 1362 1414 1426 bonitati
1436 1384 1590 1448 quaerere

270 1459 440 1521 videretur.
475 1454 507 1519 l.
529 1456 597 1519 Hoc
618 1456 673 1519 ille
695 1465 804 1531 natus,
826 1456 1010 1540 ’squamvis
1030 1463 1150 1539 patrem
1166 1476 1257 1518 suum
1274 1476 1445 1539 numquam
1459 1458 1590 1532 viderat,

270 1559 376 1615 tamen
397 1558 431 1613 et
450 1558 561 1613 natura
583 1550 652 1632 ipsa
674 1549 772 1624 duce,
803 1570 885 1634 quae
911 1551 1077 1633 plurimum
1100 1549 1199 1624 valet,
1230 1557 1261 1612 et
1282 1549 1420 1614 assiduis
1442 1550 1592 1614 domesti-

271 1664 378 1708 corum
405 1644 602 1708 sermonibus
630 1644 662 1706 iu
688 1653 837 1727 pateruae
859 1644 941 1707 vitae
964 1642 1202 1708 similitudinem
1224 1644 1377 1708 deductus
1399 1652 1455 1708 est.
1493 1645 1593 1708 Multa

271 1738 384 1821 gessit,
414 1738 513 1801 multa
533 1738 702 1810 contraxit,
733 1756 862 1819 magnas
883 1746 990 1819 partes
1010 1737 1123 1800 babuit
1143 1737 1357 1819 publicorum:
1379 1737 1513 1801 credidit
1534 1754 1615 1821 po·o

271 1831 369 1914 pulis,
391 1831 425 1894 in
446 1831 591 1914 pluribus
612 1831 783 1914 provinciis
806 1830 873 1893 eius
890 1839 1015 1894 versata
1036 1850 1086 1893 res
1100 1840 1166 1907 est;
1189 1831 1277 1895 dedit
1291 1852 1325 1895 se
1340 1832 1434 1895 etiam
1449 1832 1592 1914 regibus;

271 1925 343 1988 buic
365 1926 427 2009 ipsi
449 1923 663 1987 Alexandrino
686 1923 835 2005 grauidam
859 1923 921 1986 iam
937 1934 1030 1987 antea
1045 1924 1211 2007 pecuniam
1226 1925 1376 2002 credidit3
1399 1946 1457 1990 nec
1472 1926 1592 1989 interea

271 2018 465 2102 locupletare
486 2018 606 2080 amicos
627 2036 776 2098 umquam
799 2037 874 2080 suos
888 2018 1023 2092 destitit,
1046 2019 1169 2082 mittere
1184 2019 1217 2082 in
1232 2021 1410 2102 negotium,
1433 2018 1507 2081 dare
1522 2037 1594 2101 par·

272 2119 334 2186 tes,
364 2131 479 2195 augere
500 2131 550 2184 re,
580 2107 641 2173 fide
664 2118 850 2173 sustentare.
890 2110 974 2186 Quid
998 2112 1117 2175 multat
1147 2133 1219 2176 curn
1242 2113 1456 2195 magnitudine
1478 2114 1592 2188 animi,

272 2211 337 2267 tum
360 2204 545 2267 liberalitate
560 2203 655 2266 vitam
678 2204 776 2286 patris
791 2212 824 2267 et
838 2205 1099 2269 consuetudinem
1117 2213 1323 2290 expresserat.
1345 2208 1459 2271 Pulsus
1474 2208 1594 2268 interea
1605 2224 1632 2269 44

273 2317 370 2381 regno
400 2298 598 2361 Ptolemaeus
626 2297 745 2360 dolosis
773 2299 933 2373 consiliis,
961 2307 995 2361 ut
1023 2300 1102 2363 dixit
1126 2299 1261 2374 Sibulla,
1292 2303 1389 2366 sensit
1415 2302 1594 2374 Postumus,

272 2391 403 2454 Romam
425 2391 521 2454 venit
561 2386 665 2474 [Huic]
690 2392 793 2473 egenti
817 2400 848 2454 et
869 2393 993 2475 roganti
1014 2393 1067 2455 bic
1089 2392 1200 2456 infelix
1223 2394 1389 2476 pecuniam
1405 2393 1540 2456 credidit
1553 2426 1595 2438 -·

273 2502 332 2546 nec
353 2491 420 2547 tum
442 2486 593 2567 primum;
615 2504 687 2547 nam
710 2485 854 2567 regnanti
873 2486 1049 2549 crediderat
1064 2486 1178 2550 absens
1195 2520 1251 2562 -,
1273 2507 1332 2550 nec
1346 2493 1464 2550 temere
1479 2506 1513 2550 se
1529 2506 1596 2549 cre·

274 2576 349 2639 dere
370 2577 515 2660 putabat,
537 2578 625 2662 quod
647 2586 712 2641 erat
735 2580 852 2642 nemini
874 2578 1021 2654 dubium,
1044 2580 1121 2663 quin
1140 2581 1167 2642 is
1182 2579 1214 2641 in
1231 2599 1363 2662 regnum
1377 2580 1597 2644 restitueretur

274 2690 293 2734 a
314 2678 426 2734 senatu
447 2672 629 2755 populoque
650 2674 800 2737 Romano.
843 2671 874 2736 5.
896 2674 932 2735 ln
955 2674 1059 2736 dando
1081 2682 1185 2736 autem
1208 2682 1241 2737 et
1261 2673 1419 2737 credendo
1441 2674 1633 2757 processitss

275 2764 416 2845 longius,
440 2785 499 2828 nec
513 2786 604 2830 suam
618 2767 720 2830 solum
740 2768 906 2851 pecuniam
922 2766 1071 2839 credidit,
1093 2766 1148 2830 sed
1164 2767 1259 2830 etiam
1274 2768 1456 2831 amicorum.
1478 2768 1596 2832 Stulte:

275 2858 346 2942 quis
373 2862 488 2941 negati
516 2867 572 2922 aut
599 2860 672 2943 quis
700 2861 763 2924 iam
785 2862 871 2925 volet
892 2859 979 2944 quod
1002 2860 1081 2923 male
1104 2860 1217 2923 cecidit
1236 2862 1318 2924 bens
1339 2863 1515 2927 consultum
1538 2884 1597 2947 pu·

275 2953 364 3014 tarel
386 2952 442 3015 sed
464 2959 513 3015 est
534 2952 679 3028 difficile,
701 2955 784 3039 quod
808 2976 879 3019 cum
902 2975 957 3038 spe
979 2973 1093 3035 magna
1115 2954 1158 3017 sis
1180 2955 1356 3037 ingressus,
1376 2957 1408 3019 id
1427 2978 1491 3022 non
1506 2978 1598 3023 erse·

275 3046 331 3128 qui
354 3065 456 3129 usqne
478 3045 518 3110 ad
541 3054 727 3111 extremum.
770 3047 824 3110 lll.
847 3048 989 3133 Supplex
1010 3054 1077 3111 erat
1099 3067 1168 3124 rex,
1197 3049 1296 3112 multa
1316 3050 1463 3133 rogabat,
1492 3052 1597 3115 omnia

275 3139 501 3223 pollicebatur,
529 3149 566 3205 ut
592 3142 655 3205 iam
684 3149 824 3206 metuere
852 3143 1019 3206 Postumus
1041 3149 1222 3224 cogeretur,
1253 3144 1400 3226 nequod
1423 3144 1632 3208 credideratto

274 3232 438 3316 perderet,
460 3235 487 3298 si
502 3235 652 3299 credendi
670 3236 887 3299 constituisset
902 3233 1041 3297 modurn.
1069 3236 1155 3298 Nihil
1169 3244 1274 3300 auteur
1290 3244 1356 3299 erat
1369 3237 1425 3301 illo
1440 3238 1596 3312 blandius,

275 3328 354 3391 nibil
375 3328 435 3391 boc
457 3329 642 3411 benignius,
664 3337 699 3392 ut
720 3329 818 3411 magis
839 3329 1017 3410 paeniteret
1038 3330 1181 3411 coepisse
1201 3349 1296 3411 quam
1311 3330 1419 3393 liceret
1433 3331 1597 3395 desistere.

359 3419 390 3483 6.
420 3421 501 3486 llinc
530 3423 664 3505 primum
695 3422 834 3485 exoritur
860 3423 979 3484 crimen
1006 3421 1104 3484 illud:
1143 3429 1286 3485 senatum
1317 3431 1496 3507 corruptum
1526 3443 1597 3487 esse

276 3516 394 3579 dicunt.
431 3515 513 3579 Odi
542 3516 751 3580 immortales!
779 3517 858 3580 baec
886 3525 934 3579 est
960 3515 1015 3578 illa
1042 3522 1190 3599 exoptata
1210 3515 1402 3579 iudiciorum
1423 3518 1597 3581 severium

277 3610 484 3694 Corruptores
506 3611 607 3673 nostri
629 3630 754 3674 causam
777 3611 903 3673 dicunt:
932 3629 1005 3685 nos,
1033 3609 1087 3694 qui
1118 3609 1258 3693 corrupti
1280 3629 1404 3686 snmus,
1432 3629 1497 3673 non
1520 3611 1634 3678 dici-as

276 3726 356 3768 mus.
394 3703 502 3780 Quies
530 3725 589 3788 ego
612 3714 755 3768 senatum
777 3703 943 3768 delendam
964 3704 1026 3767 boc
1047 3703 1134 3778 loco,
1156 3703 1300 3766 iudices?
1331 3702 1425 3767 Omni
1448 3705 1596 3789 equidem

275 3797 346 3862 loco
375 3797 474 3861 debeo
498 3834 539 3843 —
565 3801 611 3862 ita
640 3798 679 3862 de
708 3818 758 3862 me
787 3806 837 3862 est
865 3799 994 3861 meritus
1016 3797 1070 3861 ille
1092 3797 1171 3860 ordo
1192 3831 1252 3873 -,
1281 3796 1338 3862 sed
1360 3818 1420 3862 nec
1440 3797 1472 3861 id
1495 3800 1598 3882 agitur

341 4087 366 4138 2.
384 4086 436 4137 Hoc
457 4086 506 4151 4444]
527 4086 609 4136 immo
625 4085 665 4136 444
680 4086 723 4137 illc
738 4085 781 4137 vel
798 4086 841 4138 4444
857 4088 896 4138 istc
916 4115 942 4126 -
961 4085 1075 4149 44444444
1091 4083 1180 4145 codd,
1199 4098 1232 4136 ex
1248 4099 1414 4150 quamquam,
1438 4090 1468 4140 nt
1483 4088 1596 4153 videtur,

277 4165 441 4227 corruptum.
469 4163 550 4222 Nam,
574 4165 604 4213 ut
624 4165 727 4214 taceam
745 4164 878 4226 syntaxim
893 4163 1014 4212 vitiosam
1033 4162 1072 4223 (v.
1091 4159 1217 4224 Nipperd.
1236 4160 1270 4210 ad
1286 4162 1349 4224 Nep.
1366 4163 1473 4214 44444444.
1492 4166 1521 4226 2,
1539 4166 1555 4216 3
1571 4167 1599 4217 44

278 4236 320 4287 44.
340 4237 425 4298 mai),
443 4240 557 4300 quamuis
573 4251 622 4302 per
636 4250 667 4288 se
684 4239 772 4302 ipsum
790 4251 822 4289 er
839 4252 890 4289 usu
906 4236 1022 4288 Tulliano
1039 4234 1072 4285 ab
1090 4235 1168 4285 buius
1184 4234 1234 4285 loci
1251 4238 1381 4287 sententia
1398 4237 1514 4291 alienum
1523 4240 1601 4292 vide·

276 4313 329 4363 tur.
344 4337 371 4347 -
389 4325 462 4362 44444
478 4324 531 4362 om.
545 4314 579 4374 G,
598 4312 663 4364 Cioi.
682 4316 709 4362 et
726 4311 793 4364 aller
808 4311 889 4365 Palat.
909 4309 1017 4375 (babent
1033 4309 1064 4371 C)
1080 4335 1107 4345 -
1125 4309 1216 4359 uiderit
1231 4309 1313 4360 onii
1330 4312 1473 4364 ethorr.
1487 4339 1514 4350 -
1533 4314 1558 4365 3.
1577 4319 1600 4366 st

276 4391 374 4450 umora
389 4385 423 4436 b:
441 4386 465 4437 44
480 4392 576 4437 4444444
591 4385 670 4438 4444.
691 4411 718 4423 -
738 4386 762 4439 4.
779 4389 847 4438 uitae
862 4387 1038 4437 Hotomanus:
1056 4385 1143 4448 culpae
1160 4383 1254 4443 codd.;
1272 4398 1350 4436 44444
1365 4387 1504 4441 Manutius.
1519 4417 1546 4427 -
1564 4391 1601 4441 ri-

277 4462 428 4512 ostlitudiuss
444 4460 464 4511 Ε
483 4487 510 4498 -
528 4461 619 4511 sets.
633 4461 717 4524 portis
734 4462 824 4512 (16-
841 4459 1033 4524 polemonem
1049 4460 1107 4512 44-
1125 4460 1233 4522 populus
1249 4460 1268 4512 44
1282 4486 1310 4497 -
1328 4460 1458 4527 acuam
1472 4462 1598 4515 rellicta:

277 4549 306 4586 rs
322 4549 376 4587 om.
395 4536 446 4587 CG
462 4537 489 4586 et
504 4536 583 4595 Oxx.;
605 4547 635 4586 rc
650 4548 743 4600 aagere
758 4537 780 4587 0
796 4537 824 4586 44
840 4535 918 4586 4444.
937 4532 1029 4584 lamb.
1052 4533 1091 4585 Ci.
1110 4533 1126 4598 9
1142 4533 1184 4586 43.
1207 4535 1235 4586 44
1252 4532 1326 4585 Cati.
1343 4535 1380 4598 ll,
1398 4535 1413 4601 g
1431 4538 1471 4588 to.
1492 4565 1519 4575 -
1540 4539 1601 4602 44444

279 4611 346 4663 li-
364 4612 405 4663 44.
421 4610 574 4675 ptolomeus
590 4611 647 4671 SU,
661 4610 872 4673 ptolomeuslill,
891 4611 918 4660 et
933 4609 972 4660 sic
989 4607 1156 4674 plerumque.
1171 4635 1199 4644 -
1217 4608 1314 4671 44444444
1330 4609 1390 4670 Es,
1408 4611 1504 4674 8444444
1520 4612 1600 4664 UVO

281 4713 309 4723 -
328 4687 368 4738 ti.
385 4687 409 4738 44
427 4687 509 4751 sputi
530 4683 687 4744 bambinns3
709 4698 759 4736 nos
778 4685 836 4735 4444
856 4683 1026 4741 inclusimus;
1049 4696 1111 4735 nam
1132 4684 1172 4734 bic
1191 4682 1234 4735 bis
1256 4685 1284 4736 in
1300 4683 1397 4735 eodem
1414 4686 1549 4736 enuntiato
1566 4684 1600 4738 de

279 4762 392 4813 diversis
407 4761 528 4827 personis
544 4760 660 4823 positum
676 4772 730 4811 444
747 4763 789 4811 444
804 4757 953 4810 terendum.
967 4783 995 4794 -
1014 4759 1055 4811 43.
1072 4772 1118 4809 nec
1133 4764 1216 4810 444444
1229 4772 1300 4823 peu
1314 4785 1342 4794 -
1362 4760 1402 4809 ts.
1420 4759 1447 4808 is
1463 4761 1545 4810 44444
1556 4767 1603 4813 cst

279 4839 346 4888 4444.
365 4838 385 4888 E
404 4862 431 4873 -
450 4837 492 4888 46.
509 4836 589 4886 culum
604 4848 677 4886 44444
694 4836 714 4887 Ε
734 4862 760 4873 -
781 4835 820 4885 u.
834 4836 890 4897 quia
905 4835 958 4884 ium
972 4833 1038 4884 uolet
1054 4835 1164 4896 quodm
1179 4847 1228 4883 ceo.
1241 4833 1264 4884 b.
1276 4847 1299 4884 c.
1314 4832 1426 4896 putore?
1441 4835 1600 4902 sedscripsi:

158 4970 162 4977 ,
280 4915 336 4976 quis
351 4915 404 4964 4444
420 4917 519 4964 4444444
535 4925 584 4975 quo
599 4924 633 4962 m.
651 4925 700 4962 444.
718 4911 741 4961 b.
759 4924 782 4961 c.
797 4908 919 4973 44444444
934 4907 1063 4972 (puseus
1078 4911 1103 4972 s)
1121 4910 1147 4958 44
1164 4910 1224 4967 Εες
1242 4909 1299 4970 ossis
1312 4908 1366 4957 4444
1382 4915 1520 4959 amoenet:
1537 4910 1603 4972 quud

279 5001 314 5040 m.
332 5002 381 5040 444.
399 4988 423 5038 4.
440 5000 463 5038 4.
478 4985 601 5050 mm?
621 4987 648 5036 44
670 4987 701 5046 U;
724 4986 779 5048 puts
800 4985 854 5035 iam
874 4985 964 5034 amodo
985 4984 1012 5034 id
1028 4983 1095 5046 quud
1109 4996 1144 5033 m.
1161 4995 1210 5034 444.
1228 4982 1251 5032 b.
1269 4996 1292 5032 c.
1307 4981 1429 5045 44444444
1443 4983 1472 5032 44
1487 4984 1524 5044 V,
1548 4985 1604 5047 quse

278 5063 332 5113 ium
347 5077 398 5114 4444
413 5062 548 5114 admouet?
570 5062 640 5124 Quod
663 5074 697 5112 m.
714 5075 764 5112 ccc.
782 5061 805 5111 b.
823 5075 846 5112 4.
861 5059 985 5123 putares?
1006 5060 1055 5109 Sed
1070 5056 1119 5109 bO
1138 5057 1194 5120 (sed
1211 5057 1229 5107 b
1246 5058 1273 5108 44
1289 5069 1337 5123 pro
1352 5058 1407 5118 44,
1431 5057 1503 5121 quod
1520 5060 1604 5109 Patri·

280 5138 337 5188 cius
354 5140 456 5204 pumus
473 5138 609 5199 restituit);
627 5137 683 5198 4444
698 5136 849 5186 4444444444
865 5134 965 5185 babent
981 5132 1211 5192 sannionum
1230 5144 1262 5182 er
1279 5129 1364 5182 tribus
1375 5133 1402 5181 44
1413 5134 1477 5182 esd
1490 5145 1538 5194 quo
1555 5147 1603 5198 pro

280 5212 347 5275 quod
362 5213 524 5278 exscriptum
540 5216 582 5263 est
598 5210 677 5275 [uude
694 5211 829 5261 coniicias:
851 5223 926 5273 44444
941 5209 1007 5259 mnu
1022 5206 1161 5268 cediderit),
1185 5205 1220 5256 ab
1238 5204 1362 5256 omnibus
1376 5208 1468 5270 1444444
1486 5207 1604 5272 interpo-

280 5285 342 5338 latio
358 5301 409 5337 444
429 5288 471 5353 (44
486 5300 529 5338 vv.
548 5288 603 5350 quis
622 5287 675 5337 iam
695 5301 745 5336 uon
766 5285 907 5349 4444444444
925 5284 1011 5335 abest.
1040 5284 1068 5333 ln
1086 5280 1200 5332 eandem
1217 5281 1243 5330 in
1260 5291 1340 5344 quam
1358 5293 1407 5332 nos
1424 5282 1604 5332 coniecturam

280 5360 425 5425 Madvigius
442 5375 550 5427 quoque
567 5361 669 5422 incidit,
689 5363 737 5412 nisi
749 5359 821 5425 quod
839 5361 895 5411 eius
913 5359 971 5410 loco
983 5357 1055 5422 quod
1073 5368 1121 5406 nos
1139 5355 1261 5406 dedimus
1274 5354 1379 5414 «44444»,
1397 5353 1440 5405 ille
1451 5357 1526 5406 44444
1542 5370 1605 5420 pro-

281 5435 378 5499 posuit.
398 5463 426 5473 -
444 5436 486 5488 ts.
504 5449 553 5500 quo
569 5448 626 5485 cum
642 5437 662 5484 G
681 5460 709 5473 -
732 5449 774 5499 sps
788 5448 884 5500 mopso
901 5434 964 5486 GU:
987 5445 1054 5494 44444
1069 5443 1191 5495 moenum
1207 5430 1283 5480 ESV
1300 5430 1328 5480 et
1344 5429 1408 5478 oxx.
1429 5455 1456 5466 -
1481 5431 1520 5481 49.
1538 5431 1607 5480 msc

281 5515 335 5559 tum
351 5511 477 5564 Patricius
493 5536 522 5549 -
540 5510 648 5576 rogabat
664 5524 694 5560 v:
712 5517 819 5576 reparat
836 5508 914 5560 codd.
934 5534 962 5545 -
983 5503 1254 5558 illicitissimam
1272 5529 1299 5539 -
1318 5503 1359 5553 ii.
1377 5504 1468 5566 cepisse
1484 5505 1557 5556 ESU
1575 5529 1603 5540 -

283 5585 402 5646 quonism
417 5585 438 5636 U
455 5611 482 5622 -
505 5585 548 5639 id.
565 5586 612 5636 4444
631 5584 723 5636 bamb.
741 5587 768 5636 in
785 5597 869 5648 marg.
887 5583 1003 5634 addens:
1026 5581 1141 5631 uPutant
1162 5578 1234 5630 docti
1255 5576 1364 5643 quidam
1379 5577 1429 5627 viri
1446 5575 1528 5628 multa
1545 5581 1606 5628 ants

283 5658 351 5710 baec
367 5658 449 5710 verba
466 5659 590 5713 deesse.»
610 5687 637 5696 -
655 5660 697 5713 il.
715 5662 741 5711 44
756 5661 821 5712 EV:
840 5659 912 5710 4440
931 5684 958 5695 -
984 5656 1083 5706 4444444
1100 5651 1192 5706 Lamb.
1210 5653 1236 5702 in
1253 5664 1337 5714 marg.
1358 5675 1385 5686 -
1403 5651 1449 5700 4444
1465 5664 1519 5702 um.
1540 5652 1559 5700 V
1577 5678 1606 5689 -

283 5733 324 5784 26.
344 5733 429 5797 Quid?
444 5748 489 5801 ego
505 5737 525 5788 C
543 5738 570 5788 et
585 5735 733 5802 alselinei)
751 5735 813 5786 0¹1.
827 5734 884 5795 (sed
896 5734 916 5784 E
928 5731 1008 5797 quid?
1023 5735 1136 5780 44444444
1147 5729 1215 5792 epol:
1233 5728 1294 5791 quid
1309 5725 1388 5791 erpo?
1404 5726 1458 5777 vO.
1479 5725 1517 5776 ci.
1531 5725 1608 5788 seyt-

284 5807 622 5874 iertlScbolasLntiuasI,
640 5825 667 5878 p.
686 5811 794 5875 ltsqq.
813 5807 953 5876 etptli.
972 5832 1000 5843 -
1020 5804 1196 5870 quiosmia-
1214 5803 1502 5854 aumuuuuuv-
1521 5801 1609 5851 444444

285 5882 350 5945 cu,
367 5886 398 5935 ut
412 5886 481 5937 cuni.
499 5886 638 5940 maium:
655 5887 683 5938 id
697 5898 743 5939 444
758 5883 816 5936 bo.

326 5973 417 6027 dumo
431 5976 458 6028 ’4.
467 5975 494 6030 ll.
750 6028 753 6035 ,
1198 5960 1203 5977 ’
1368 5967 1410 6035 72
