3800 7350
651 1204 725 1270 ab.
747 1203 1011 1268 xxm-xxx.
1038 1200 1085 1286 §s
1107 1201 1255 1269 rs-sr.
1533 1189 1615 1256 ern

287 1372 450 1447 afficietis,
480 1372 535 1435 sed
558 1372 653 1436 etiam
676 1371 715 1435 ad
739 1372 929 1454 supplicium
952 1372 1020 1454 rapi
1043 1372 1231 1454 patiemini?
1264 1370 1490 1441 confiteretur,
1518 1364 1615 1429 conli-

288 1473 423 1539 teretur,
456 1465 604 1550 inquam,
636 1467 662 1528 si
691 1465 836 1538 fecisset,
870 1474 901 1527 et
929 1485 1043 1547 magno
1072 1466 1232 1528 animost
1261 1466 1410 1538 libenter,
1443 1460 1557 1524 fecisse
1580 1478 1614 1522 se

286 1558 440 1622 libertatis
461 1560 603 1622 omnium
625 1578 737 1632 oausa3
766 1556 854 1641 quod
876 1566 962 1621 esset
983 1559 1012 1620 ei
1039 1578 1104 1621 nou
1127 1558 1341 1621 confitendum
1363 1554 1474 1628 modo,
1504 1573 1614 1616 verum

286 1653 383 1729 etiam
403 1652 657 1736 praedicandum.
702 1652 804 1713 XXX.
826 1645 878 1714 8l.
899 1651 1025 1713 Etenim
1047 1653 1075 1714 si
1104 1652 1136 1713 id
1159 1671 1224 1713 non
1246 1657 1356 1732 negat,
1385 1670 1426 1712 ex
1448 1667 1513 1731 quo
1535 1645 1613 1709 nibil

286 1744 367 1828 petit
394 1744 455 1807 nisi
485 1752 521 1807 ut
542 1746 736 1827 ignoscatur,
758 1744 917 1806 dubitaret
938 1742 971 1806 id
993 1743 1094 1816 lateri,
1117 1764 1157 1805 ex
1182 1763 1247 1826 quo
1271 1743 1365 1805 etiam
1386 1741 1527 1825 praemia
1548 1738 1638 1803 lau-s

287 1838 336 1901 dis
368 1847 476 1902 essent
501 1837 660 1921 petendat
693 1836 755 1900 nisi
784 1856 858 1899 vero
887 1837 1006 1918 gratius
1034 1845 1123 1920 putat
1145 1856 1214 1899 esse
1235 1837 1343 1910 vobis,
1374 1835 1423 1898 sui
1447 1854 1481 1898 se
1503 1832 1616 1914 capitis

287 1951 382 2014 quam
410 1932 507 1995 vestri
536 1929 736 1993 defensorem
764 1929 877 2004 luisse,
911 1950 981 1992 cum
1010 1931 1193 2011 praesertim
1222 1929 1256 1991 in
1282 1948 1319 1991 ea
1348 1927 1566 2000 confessione,
1588 1923 1616 1987 si

287 2025 367 2107 grati
397 2045 468 2089 esse
497 2024 635 2096 velletis,
663 2023 798 2085 bonores
820 2031 1042 2104 assequeretur
1063 2022 1287 2103 amplissimos.
1330 2022 1363 2083 Si
1385 2020 1503 2084 factum
1523 2017 1615 2084 robis

286 2136 350 2180 non
381 2117 567 2200 probaretur
587 2149 630 2160 —
651 2134 843 2197 quamquam
866 2115 920 2198 qui
950 2123 1075 2197 poterat
1097 2116 1183 2177 salus
1206 2135 1262 2177 sua
1284 2115 1432 2197 cuiquam
1455 2133 1520 2176 non
1543 2131 1616 2193 pro·

286 2210 381 2273 barit
403 2243 445 2257 -
466 2210 522 2273 sed
545 2216 650 2271 tamen
672 2209 699 2271 si
721 2208 825 2270 minus
846 2207 1009 2271 fortissimi
1032 2209 1090 2270 viri
1108 2208 1209 2270 virtus
1230 2207 1353 2270 civibus
1374 2214 1462 2288 grata
1483 2206 1653 2269 occidis-to

287 2312 352 2379 set,
381 2323 495 2386 magno
525 2302 631 2366 animo
659 2300 880 2383 constantique
909 2300 1035 2363 cederet
1056 2319 1097 2362 ex
1125 2301 1248 2381 ingrata
1269 2302 1404 2363 civitate.
1436 2302 1515 2362 Nam
1538 2300 1615 2381 quid

287 2407 371 2462 esset
397 2396 549 2478 ingratius
572 2414 666 2477 quam
694 2394 803 2457 laetari
826 2401 964 2467 ceteros,
993 2392 1102 2474 lugere
1124 2413 1196 2455 eum
1218 2393 1339 2467 solum,
1368 2401 1499 2475 propter
1520 2412 1615 2475 quem

287 2491 383 2555 ceteri
404 2490 617 2553 laetarentur?
657 2484 709 2549 82.
732 2487 934 2569 Quamquam
956 2485 1018 2549 boc
1038 2487 1144 2550 animo
1166 2505 1292 2568 semper
1313 2506 1424 2550 omnes
1445 2486 1561 2549 luimus
1583 2486 1615 2549 in

287 2584 408 2668 patriae
430 2581 646 2665 proditoribus
669 2581 895 2662 opprimendis,
916 2587 969 2654 ut,
992 2580 1143 2662 quoniam
1165 2587 1273 2642 nostra
1288 2579 1393 2643 lutura
1407 2585 1492 2643 esset
1506 2578 1616 2661 gloria,

286 2676 461 2759 periculum
483 2694 612 2757 quoque
634 2681 666 2736 et
693 2674 844 2736 invidiam
865 2681 1006 2736 nostram
1029 2679 1228 2755 putaremus3
1256 2692 1329 2737 nam
1352 2693 1434 2756 quae
1456 2672 1534 2735 mibi
1555 2670 1616 2754 ipsi
1625 2685 1654 2731 to

286 2769 455 2832 tribuenda
476 2768 547 2829 laus
569 2774 670 2841 esset,
693 2787 765 2829 cum
787 2773 908 2829 tantum
931 2767 965 2830 in
988 2765 1155 2829 consulatu
1177 2784 1249 2829 meo
1271 2785 1329 2849 pro
1344 2766 1434 2830 vobis
1455 2785 1493 2829 ac
1509 2764 1616 2827 liberis

285 2862 400 2924 vestris
427 2879 522 2923 ausus
550 2879 669 2931 essem,
698 2859 725 2921 si
756 2858 788 2920 id
821 2859 907 2941 quod
929 2859 1068 2922 conabar
1096 2859 1165 2921 sine
1192 2859 1337 2922 maximis
1360 2858 1616 2922 dimicationibus

286 2954 366 3016 meis
388 2971 439 3014 me
462 2972 532 3016 esse
554 2972 706 3015 ausurum
727 2952 916 3015 arbitrarert
945 2953 1037 3026 Quas
1059 2951 1172 3014 mulier
1192 2950 1379 3015 sceleratum
1401 2971 1438 3014 ac
1460 2951 1616 3034 pernicio·

287 3066 356 3109 sum
379 3045 479 3107 civem
500 3041 676 3108 interficere
697 3063 763 3106 non
786 3044 933 3119 auderet,
956 3046 983 3108 si
999 3044 1175 3125 periculum
1191 3064 1254 3107 non
1270 3048 1419 3108 timerett
1452 3044 1616 3127 Proposita

287 3137 423 3211 invidia,
445 3146 564 3211 morte,
595 3156 699 3220 poena
720 3138 775 3219 qui
798 3137 900 3201 nihilo
922 3137 1051 3220 segnius
1073 3137 1320 3220 rempublicam
1342 3136 1498 3212 defendit,
1520 3138 1548 3201 is
1569 3139 1653 3205 virm

286 3251 360 3294 vore
382 3229 542 3313 putandus
564 3240 620 3294 est.
657 3230 770 3312 Populi
793 3232 871 3313 grati
893 3236 941 3294 est
963 3230 1112 3313 praemiis
1133 3228 1258 3293 allicere
1279 3231 1361 3293 bene
1382 3234 1511 3296 meritos
1526 3232 1566 3295 de
1580 3252 1615 3294 re

287 3324 416 3408 publica
438 3324 541 3397 cives,
564 3325 623 3387 viri
646 3324 735 3385 fortis
757 3344 798 3387 ne
820 3324 985 3406 suppliciis
1009 3324 1138 3407 quidem
1154 3326 1291 3398 moveri,
1314 3333 1349 3388 ut
1362 3325 1486 3389 fortiter
1501 3324 1614 3388 fecisse

285 3420 455 3501 paeniteat
499 3414 551 3479 83.
575 3417 678 3492 Quam
701 3417 741 3479 ob
763 3436 831 3479 rem
850 3424 992 3479 uteretur
1005 3417 1115 3480 eadem
1130 3417 1330 3482 confessione
1345 3420 1381 3481 Τ.
1396 3419 1530 3493 Annius,
1553 3439 1616 3501 qua

285 3511 402 3586 Abala,
429 3530 492 3594 qua
513 3511 641 3585 Nasica,
672 3529 735 3593 qua
757 3509 917 3593 Opimius,
947 3529 1009 3592 qua
1030 3512 1167 3584 Marius,
1196 3531 1260 3594 qua
1282 3513 1504 3595 nosmetipsi,
1535 3521 1567 3576 et
1588 3511 1615 3574 si

286 3611 373 3688 grata
400 3625 452 3668 res
479 3605 606 3688 publica
635 3611 736 3678 esset,
767 3603 953 3678 laetaretur,
982 3604 1009 3666 si
1031 3603 1170 3687 ingrata,
1200 3605 1359 3667 tamenin
1381 3604 1652 3688 gravifortunass

287 3697 482 3762 conscientia
503 3717 562 3760 sua
583 3698 746 3760 niteretur.

374 3791 437 3855 Sed
459 3792 555 3854 buius
576 3791 725 3854 beneficii
748 3792 896 3876 gratiam,
918 3790 1050 3864 iudices,
1071 3790 1199 3854 fortuna
1220 3791 1331 3876 populi
1353 3792 1487 3855 Romani
1509 3801 1541 3856 et
1562 3812 1616 3856 re·

286 3892 351 3948 stra
381 3884 514 3948 felicitas
543 3891 576 3947 et
605 3885 636 3945 di
665 3883 858 3946 immortales
887 3884 946 3947 sibi
976 3883 1084 3947 deberi
1105 3891 1235 3967 putant;
1265 3904 1323 3948 nec
1345 3905 1422 3948 vero
1445 3886 1614 3969 quisquam

287 3978 380 4041 aliter
401 3978 546 4041 arbitrari
567 3986 670 4061 potest
691 3977 753 4040 nisi
776 3977 831 4059 qui
854 3976 974 4039 nullam
996 3977 1059 4039 vim
1082 3997 1152 4040 esse
1176 3978 1264 4041 ducit
1285 3998 1441 4044 numenre
1462 3981 1615 4060 divinum,

289 4089 383 4153 quem
405 4090 511 4153 neque
535 4070 660 4153 imperii
682 4071 781 4133 nostri
803 4070 987 4150 magnitudo
1009 4089 1115 4151 neque
1137 4072 1185 4133 sol
1202 4071 1256 4133 ille
1271 4090 1330 4135 nec
1345 4073 1425 4135 caeli
1440 4074 1653 4155 signorum-ao

286 4183 348 4246 que
378 4171 483 4225 motus
513 4183 572 4225 nec
599 4163 834 4226 vicissitudines
865 4182 970 4226 rerum
999 4170 1097 4246 atque
1125 4163 1253 4226 ordines
1283 4173 1410 4228 movent
1432 4186 1554 4250 nsque,
1583 4166 1616 4231 id

286 4257 370 4339 quod
394 4256 566 4318 maximnm
589 4263 650 4330 est,
672 4256 827 4318 maiorum
850 4255 1022 4337 sapientia,
1045 4256 1101 4338 qui
1117 4275 1222 4331 sacra,
1245 4257 1300 4338 qui
1316 4259 1535 4331 caerimonias,
1559 4259 1615 4341 qui

285 4349 427 4431 auspicia
448 4356 481 4412 et
508 4348 569 4432 ipsi
599 4348 794 4412 sanctissime
817 4349 985 4411 coluerunt
1007 4356 1039 4411 et
1060 4348 1169 4423 nobis,
1197 4351 1261 4412 suis
1283 4351 1435 4432 posteris,
1466 4350 1616 4434 prodide-

285 4447 368 4504 runt.
411 4441 514 4503 XXX.
536 4438 587 4504 at.
610 4445 682 4516 Est,
711 4449 759 4505 est
781 4440 922 4524 profecto
946 4440 1002 4505 illa
1023 4443 1090 4515 vis,
1112 4461 1217 4524 neque
1240 4444 1272 4504 in
1292 4443 1343 4506 bis
1365 4444 1547 4527 corporibus
1569 4452 1617 4507 at·

286 4554 350 4618 que
376 4535 410 4598 in
437 4535 497 4597 bac
526 4535 740 4599 imbecillitate
769 4542 876 4599 nostra
897 4536 981 4598 inest
1002 4534 1172 4618 quiddam,
1202 4537 1288 4619 quod
1310 4536 1414 4618 vigeat
1435 4544 1467 4599 et
1488 4537 1653 4610 sentiatss

284 4647 349 4692 non
371 4628 455 4691 inest
482 4628 515 4690 in
547 4628 609 4691 hoc
638 4636 728 4692 tanto
749 4635 881 4690 naturae
904 4634 967 4692 tam
988 4627 1152 4710 praeclaro
1175 4637 1281 4693 motu:
1309 4629 1371 4692 nisi
1392 4629 1474 4693 lorte
1496 4629 1615 4692 idcirco

285 4741 349 4784 non
371 4726 503 4804 putant,
526 4721 602 4803 quia
623 4741 687 4784 non
708 4729 841 4804 apparet
854 4741 914 4783 nec
928 4722 1084 4793 cernitur,
1106 4721 1240 4805 proinde
1256 4723 1347 4805 quasi
1360 4729 1501 4786 nostram
1515 4724 1616 4807 ipsam

285 4822 441 4887 mentem,
463 4833 528 4898 qua
549 4817 706 4896 sapimus,
729 4834 793 4897 qua
813 4813 1033 4897 providemus,
1060 4834 1124 4898 qua
1145 4814 1224 4878 baec
1246 4815 1316 4897 ipsa
1336 4815 1460 4897 agium
1481 4835 1518 4878 ac
1540 4814 1617 4879 dici·

285 4926 375 4980 mus,
407 4906 515 4970 videre
543 4915 599 4970 aut
626 4908 740 4990 plane,
775 4907 880 4991 qualis
910 4915 966 4970 aut
993 4907 1126 4982 ubisit,
1157 4907 1275 4970 sentire
1296 4907 1465 4991 possimus.
1500 4908 1547 4969 Ea
1567 4907 1616 4970 vis

349 5118 375 5168 2.
393 5116 495 5168 libenter
511 5119 560 5168 TE
571 5120 601 5169 S:
622 5119 708 5170 libente
725 5120 786 5170 ΗΟ.
807 5120 865 5170 Vid.
879 5120 1048 5184 Wesenberg
1064 5121 1098 5171 ad
1117 5133 1156 5169 or.
1175 5133 1202 5184 p.
1215 5120 1301 5171 Sestio
1318 5121 1372 5184 pt
1390 5134 1417 5171 n.
1434 5120 1491 5172 Vel.
1503 5123 1570 5172 Μαι.
1584 5122 1616 5184 V,

284 5192 314 5241 6:
332 5191 418 5241 osbern
434 5205 514 5254 nequo
531 5192 730 5243 deliberatam·
751 5193 951 5256 loeismseTE:
970 5195 1200 5258 msoebreSO-
1219 5193 1244 5243 3.
1262 5194 1365 5245 etTE:
1383 5196 1496 5253 certe&
1515 5197 1618 5245 steens

284 5266 345 5315 0-
364 5266 389 5315 b.
407 5266 434 5316 ld
450 5267 483 5316 S:
500 5267 522 5316 is
538 5268 588 5317 TE
607 5292 635 5304 —
654 5269 678 5318 7.
689 5269 765 5318 vestrl
782 5270 819 5319 C:
837 5271 914 5319 uestri
931 5271 1027 5320 ordlats
1042 5271 1161 5319 TES-
1176 5269 1202 5317 in
1214 5265 1359 5319 delendum
1370 5272 1534 5320 censuerunt
1543 5269 1616 5320 Heu-

283 5352 399 5391 mannus
415 5342 443 5390 el
458 5341 596 5405 Zumptius
612 5341 646 5390 nd
658 5343 760 5392 verrin.
779 5355 805 5406 p.
825 5343 882 5394 603.
903 5371 930 5381 -
950 5344 991 5393 43.
1009 5345 1101 5393 metent
1118 5345 1138 5393 T
1156 5369 1183 5379 -
1212 5356 1295 5392 onmes
1309 5343 1403 5405 suanus
1418 5344 1506 5394 Tus:
1523 5343 1617 5406 fannus

283 5415 398 5465 onmeaO
411 5441 439 5452 ·-
458 5415 578 5479 tolosa]
594 5416 692 5465 selusT
706 5441 732 5451 -
753 5417 792 5466 44.
807 5418 981 5482 ᾳυοιηωιηΕ
994 5415 1083 5480 (solus)
1098 5442 1125 5452 -
1146 5416 1186 5466 ⁴8.
1202 5417 1367 5477 pernitiosum
1382 5418 1442 5467 T-
1461 5417 1502 5467 43.
1520 5418 1617 5481 interfl-

283 5502 338 5540 cere
353 5490 402 5540 TE
420 5490 509 5552 (sedE
526 5493 587 5554 post
603 5490 715 5552 mulieri:
734 5492 844 5543 omtdere
859 5494 906 5543 So
926 5519 953 5530 -
971 5494 1013 5543 22.
1030 5493 1094 5541 clau
1109 5491 1129 5540 E
1142 5516 1170 5526 -
1188 5496 1217 5540 st
1233 5493 1360 5541 om.T—
1379 5490 1420 5541 23.
1435 5491 1563 5553 paratust
1580 5491 1614 5540 E:

281 5565 406 5626 poeniteat
421 5566 470 5615 Το
488 5592 516 5600 -
535 5565 577 5615 23.
594 5569 720 5614 maenus
736 5566 796 5615 T-
814 5568 855 5617 25.
873 5581 914 5617 res
927 5569 965 5634 μ]
985 5582 1034 5630 sp,
1053 5568 1074 5617 Τ
1092 5593 1119 5603 -
1138 5566 1179 5616 27.
1198 5566 1311 5615 Fortasse
1327 5566 1347 5615 0
1361 5591 1388 5601 -
1402 5566 1491 5628 populi
1508 5566 1546 5626 u]
1565 5579 1615 5627 pr.

283 5639 343 5687 Τ-
362 5638 403 5688 28.
422 5639 449 5688 dl
466 5639 503 5688 E:
522 5638 691 5688 sstho-
711 5638 751 5689 30.
769 5642 929 5691 ποιεήΤΕι
947 5642 1127 5692 assaso-
1147 5640 1187 5691 32.
1206 5640 1412 5691 ωαὲοηιωΤΕε
1430 5641 1617 5691 motormno·

281 5715 394 5761 saonem
410 5712 496 5762 SO-
516 5712 556 5762 33.
575 5713 685 5774 numum
700 5714 757 5762 Τ-
776 5713 818 5765 34.
836 5721 872 5765 est
888 5717 921 5766 S:
939 5717 1019 5779 lettre·
1035 5717 1070 5774 E3
1088 5728 1142 5765 om.
1155 5717 1184 5765 Τ.
1204 5714 1242 5768 Cl.
1256 5727 1282 5778 p.
1297 5716 1370 5775 4473,
1383 5715 1425 5766 ll.
1439 5743 1466 5753 -
1484 5714 1525 5766 33.
1543 5714 1615 5764 moe·

282 5784 384 5835 multam
400 5786 462 5835 Τ-
480 5786 520 5838 36.
538 5787 663 5836 nonTE:
681 5791 770 5837 elam
786 5789 872 5838 SO-
891 5790 1087 5839 ldclmoTES:
1105 5789 1199 5838 ideirco
1215 5790 1339 5841 ΜΟ·-
1358 5789 1611 5851 ³7.proindel'ES:

279 5860 462 5922 mdeO-
480 5861 846 5925 aasavuqasrtpeas:
864 5864 1505 5930 BucutpsctplturT31luels,estpitwtpeo
1521 5865 1552 5915 0.
