3800 7350
303 1199 384 1271 4444
707 1209 859 1275 oaluo
880 1208 1103 1310 rururrrcl
1124 1209 1195 1271 xu.

304 1377 393 1441 iecit:
427 1379 625 1453 exhauritur,
657 1386 812 1454 vastatur,
844 1378 961 1441 uritur:
989 1397 1104 1440 omnes
1132 1396 1236 1458 aequo
1265 1376 1371 1439 animo
1398 1375 1475 1440 belli
1499 1374 1631 1458 patitur

305 1471 451 1547 iniurias,
481 1471 555 1535 dum
585 1472 680 1536 modo
708 1471 840 1557 repellat
868 1471 1039 1556 periculum
1069 1471 1237 1535 servitutis.
1281 1466 1331 1533 l0.
1352 1471 1393 1533 Et
1419 1479 1456 1533 ut
1480 1470 1629 1533 omittam

304 1564 440 1648 reliquas
461 1574 567 1649 partes
589 1566 711 1630 Galliae
732 1586 867 1630 -nam
890 1573 965 1629 sunt
985 1585 1095 1629 omnes
1117 1585 1209 1648 pares
1228 1597 1285 1639 -,
1305 1564 1446 1628 Patavini
1468 1564 1549 1629 alios
1572 1583 1630 1627 ex·

305 1657 482 1734 cluserunt,
520 1659 599 1724 alios
629 1659 789 1724 eiecerunt
817 1661 929 1723 missos
963 1660 1002 1722 ab
1029 1659 1181 1722 Antonio:
1214 1659 1363 1741 pecunia,
1396 1659 1549 1722 militibus
1580 1665 1629 1726 et,

281 1752 391 1835 squod
417 1753 553 1816 maxime
582 1753 703 1828 deerat,
733 1753 827 1816 armis
855 1762 980 1817 nostros
1010 1753 1113 1817 duces.
1132 1753 1329 1816 adiuverunt
1364 1754 1520 1816 Fecerunt
1539 1752 1628 1814 idem

304 1845 436 1929 reliqui,
460 1847 513 1928 qui
538 1848 698 1931 quondam
719 1849 751 1910 in
775 1846 885 1910 eadem
908 1867 1003 1911 causa
1024 1855 1113 1911 erant
1134 1856 1165 1911 et
1187 1854 1318 1930 propter
1338 1846 1508 1909 multorum
1525 1863 1628 1908 anno·

304 1959 373 2001 rum
395 1941 523 2003 iniurias
545 1941 673 2009 alienati
691 1949 837 2005 asenatu
858 1941 1061 2023 putabantur:
1085 1961 1166 2024 quos
1188 1942 1317 2004 minime
1339 1940 1449 2003 mirum
1465 1945 1524 2012 est,
1540 1956 1628 1999 com-

305 2031 462 2094 municata
485 2054 554 2097 cum
577 2035 616 2098 iis
638 2056 672 2098 re
694 2035 838 2118 publica,
860 2034 971 2097 fideles
994 2055 1081 2109 esse,
1103 2036 1157 2118 qui
1175 2034 1269 2098 etiam
1285 2041 1430 2116 expertes
1445 2032 1515 2094 eius
1531 2028 1626 2093 fidem

305 2146 394 2189 suam
423 2148 547 2211 semper
574 2129 807 2212 praestiterunt.
850 2129 907 2190 llis
938 2129 1033 2210 igitur
1061 2130 1208 2191 omnibus
1237 2130 1398 2191 victoriam
1424 2124 1626 2207 sperantibus

268 2234 295 2279 44
305 2222 390 2302 pacis
412 2242 528 2285 nomeu
550 2224 730 2297 afferemus,
753 2223 784 2286 id
808 2229 856 2284 est
877 2221 1127 2304 desperationem
1151 2222 1328 2285 victoriaci

388 2314 424 2375 V.
447 2311 497 2377 ll.
520 2316 625 2391 Quidi
656 2317 682 2379 si
713 2337 753 2379 ne
783 2323 887 2398 potest
908 2315 1036 2398 quidem
1060 2316 1123 2378 ulla
1146 2337 1215 2379 esse
1238 2319 1323 2399 pax?
1356 2315 1446 2390 Quae
1468 2313 1553 2375 enim
1578 2320 1625 2375 est

305 2407 444 2470 conditio
467 2409 570 2490 pacis,
592 2411 624 2472 iu
648 2430 711 2493 qua
733 2410 778 2484 ei,
802 2429 872 2472 cum
894 2430 957 2491 quo
979 2429 1086 2491 pacem
1108 2409 1223 2483 iacias,
1246 2409 1323 2471 nibil
1346 2407 1474 2471 concedi
1498 2409 1623 2488 potasti

305 2500 412 2562 Multis
442 2502 535 2564 rebus
564 2523 581 2565 a
609 2504 700 2567 nobis
728 2511 778 2566 est
804 2503 953 2565 invitatus
983 2502 1021 2565 ad
1053 2507 1161 2585 paccm'
1182 2502 1351 2565 Antonius:
1378 2502 1495 2564 bellum
1518 2510 1625 2564 tamen

306 2592 427 2654 maluit.
464 2595 550 2657 Missi
572 2595 666 2678 legati
689 2605 883 2678 repugnante
906 2617 971 2669 me,
995 2596 1049 2659 sed
1072 2605 1177 2659 tamen
1200 2596 1304 2670 missi;
1335 2595 1436 2658 delata
1458 2594 1623 2657 mandata:

270 2702 370 2748 tsnon
393 2688 505 2769 paruit.
540 2690 763 2752 Denuntiatum
787 2698 835 2751 est
856 2709 896 2752 ne
917 2692 1048 2753 Brutum
1070 2690 1244 2761 obsideret,
1266 2690 1417 2751 allutina
1432 2689 1624 2752 discederet:

307 2782 500 2862 oppugnavit
530 2784 623 2845 eiiam
651 2782 877 2845 vehementius.
918 2784 960 2845 Ei
986 2784 1025 2846 ad
1055 2803 1126 2845 eum
1149 2782 1267 2866 legatos
1290 2782 1329 2844 de
1352 2801 1428 2864 pace
1452 2782 1625 2858 mittemus,

307 2874 361 2955 qui
389 2875 475 2955 pacis
501 2876 630 2939 nuutios
661 2876 859 2959 repudiavit?
888 2877 1194 2945 Verecundioremnc
1217 2895 1320 2939 coram
1343 2885 1490 2959 putamus
1511 2878 1542 2939 in
1566 2898 1626 2959 po·

307 2965 453 3029 stulando
474 2966 557 3043 fore,
579 2990 673 3052 quam
695 2969 792 3032 fuerit
813 2978 893 3043 tum,
916 2990 987 3033 cum
1009 2971 1092 3033 misit
1113 2970 1259 3033 mandata
1276 2970 1316 3034 ad
1337 2973 1504 3033 senatum?
1527 2971 1624 3053 Atqui

307 3065 374 3120 tum
402 3079 440 3122 44
467 3062 608 3142 petebat,
637 3082 720 3147 quae
742 3063 928 3126 videbantur
959 3059 1101 3146 improba
1123 3064 1267 3138 omnino,
1297 3065 1352 3126 sed
1381 3072 1486 3126 tamen
1514 3062 1624 3146 aliquo

268 3170 298 3216 44
307 3152 401 3214 modo
430 3173 524 3235 posse
553 3157 700 3232 concedi3
727 3158 867 3219 nondum
889 3164 956 3219 erat
976 3158 1089 3220 restris
1113 3166 1175 3220 tam
1200 3158 1345 3240 gravibus
1367 3164 1494 3240 tamque
1515 3157 1625 3220 multis

306 3246 431 3309 iudiciis
460 3248 705 3333 ignominiisque
735 3251 898 3313 concisus:
926 3270 1010 3313 nuno
1033 3270 1069 3313 ea
1092 3251 1185 3333 petit,
1216 3271 1297 3336 quae
1319 3250 1394 3314 dare
1416 3250 1505 3313 nullo
1527 3250 1624 3314 modo

306 3360 491 3424 possumus,
521 3343 582 3405 nisi
611 3345 696 3426 prius
724 3344 869 3407 volumus
896 3345 980 3407 bello
1009 3363 1067 3406 nos
1089 3340 1188 3406 victos
1218 3343 1369 3407 confiteri.
1412 3340 1463 3406 ti.
1487 3346 1624 3408 Senatus

307 3435 450 3498 consulta
477 3436 556 3500 salsa
585 3434 689 3500 delata
715 3437 755 3499 ab
783 3457 821 3499 eo
845 3438 1070 3501 iudicavimus:
1098 3458 1174 3500 num
1197 3458 1234 3501 ea
1255 3458 1329 3500 vera
1351 3458 1518 3521 possumus
1540 3439 1625 3502 iudi·

307 3531 401 3591 care‘i
430 3529 529 3612 Leges
558 3530 723 3593 statuimus
751 3532 889 3614 pervim
912 3540 943 3595 et
971 3539 1080 3594 contra
1102 3532 1241 3615 auspicia
1264 3532 1341 3594 latas
1362 3533 1464 3616 iisque
1486 3553 1545 3596 nec
1568 3554 1624 3618 po·

268 3642 296 3688 44
306 3623 413 3707 pulum
443 3643 501 3686 nec
530 3624 654 3708 plebem
676 3627 793 3689 teneri:
822 3645 897 3688 num
918 3646 972 3689 eas
993 3625 1116 3688 restitui
1138 3645 1232 3709 posse
1254 3627 1411 3690 censetis?
1440 3627 1623 3691 Sestertium

306 3719 445 3800 septiens
468 3720 593 3782 miliens
616 3720 766 3782 avertisse
780 3721 950 3782 Antonium
975 3722 1126 3801 pecuniae
1147 3719 1293 3800 publicae
1315 3720 1525 3784 iudicavistis:
1548 3741 1622 3784 num

303 3811 412 3875 fraude
434 3814 549 3895 poterit
570 3833 676 3876 carere
698 3813 884 3894 peculatus?
907 3814 1123 3876 immunitates
1145 3814 1184 3875 ab
1207 3834 1244 3876 eo
1262 3814 1454 3888 civitatibus,
1476 3815 1624 3878 sacerdo·

304 3907 361 3980 iia,
385 3926 481 3989 regna
502 3907 682 3970 venierunt:
706 3929 779 3970 num
803 3904 938 3989 figentur
958 3926 1065 3968 rursus
1081 3926 1136 3968 eae
1158 3907 1297 3980 tabulae,
1320 3928 1399 3989 quas
1415 3929 1470 3971 vos
1486 3908 1623 3972 decretis

303 4001 415 4063 vestris
448 3998 616 4063 refixistisl
660 4003 711 4063 Vl.
741 4001 834 4076 Quod
865 4001 891 4063 si
922 4021 975 4074 ea,
1011 4020 1094 4082 quae
1121 4000 1333 4074 decrevimus,
1365 4003 1513 4075 obruere,
1547 4025 1623 4065 num

265 4094 399 4158 noctiam
422 4095 604 4157 memoriam
626 4114 731 4157 rerum
753 4095 859 4156 delere
883 4097 1071 4176 possumus?
1095 4095 1221 4178 quando
1241 4098 1323 4158 enim
1339 4096 1542 4159 obliviscetur
1556 4098 1623 4159 ulla

302 4188 485 4269 posteritas,
516 4188 603 4251 cuius
633 4189 752 4250 scelere
782 4189 814 4248 in
836 4188 895 4249 bac
917 4189 1048 4250 vestitus
1071 4187 1221 4251 foeditate
1243 4189 1417 4252 fuerimus?
1446 4192 1485 4253 Ut
1514 4200 1624 4253 centu·

302 4281 424 4344 rionum
456 4281 589 4364 legionis
621 4282 749 4344 Martiae
778 4282 939 4344 Brundisii
968 4281 1118 4364 profusus
1140 4284 1267 4366 sanguis
1289 4284 1426 4358 eluatur,
1458 4303 1534 4347 num
1558 4285 1623 4348 elui

366 4543 391 4590 4.
410 4541 483 4590 obicit
498 4552 513 4589 a
531 4566 558 4576 -
578 4541 657 4590 onnia
672 4541 711 4591 Di
737 4540 772 4604 (in
790 4540 812 4602 4,
832 4553 884 4590 non
900 4540 965 4590 item
982 4542 1007 4591 in
1025 4543 1062 4603 D,
1080 4541 1234 4592 distinctum
1252 4544 1306 4593 est:
1324 4544 1409 4592 unitor
1424 4543 1535 4605 omnis.);
1563 4546 1625 4608 post

302 4617 380 4665 omnis
396 4616 422 4665 in
440 4617 579 4680 tapetium
597 4629 712 4666 vacuum
730 4616 807 4666 unius
824 4628 884 4666 voc.
903 4619 950 4666 est
967 4644 993 4653 -
1009 4618 1123 4679 portitor
1138 4631 1195 4682 g-
1214 4618 1238 4668 2.
1251 4618 1359 4668 iniurias
1374 4617 1473 4682 aliquot
1488 4616 1548 4669 libri
1560 4620 1625 4669 Fer-

303 4691 380 4740 rarii:
399 4690 519 4740 444444444
536 4692 574 4741 Di
593 4717 620 4726 -
640 4691 664 4741 3.
682 4703 765 4740 omnes
777 4695 864 4753 portas
878 4691 996 4752 patruini
1012 4695 1022 4740 t
1040 4719 1067 4728 -
1091 4692 1116 4744 i.
1134 4693 1258 4756 4444444444
1274 4695 1285 4742 4
1302 4719 1329 4728 -
1349 4693 1373 4744 6.
1391 4706 1516 4743 onnon-nm
1530 4695 1625 4745 444444-

301 4765 529 4828 mmg—8.iis
552 4779 614 4817 nos:
642 4765 709 4824 444;
736 4764 957 4828 bicabgio-
982 4767 1241 4830 fidelist-essci:
1269 4769 1622 4830 om.l)'-oniiomb—

301 4842 325 4892 9.
344 4841 508 4905 spectantibus
523 4843 649 4893 Muretus.
669 4866 696 4876 -
721 4842 762 4890 40.
780 4842 950 4904 wimaro
970 4868 996 4876 -
1023 4843 1063 4891 44.
1081 4842 1159 4891 nob:
1182 4844 1324 4905 nonagti
1343 4868 1369 4880 -
1395 4844 1623 4903 nicondioioat3

300 4920 407 4968 conditio
423 4923 458 4968 444
474 4930 491 4980 g
509 4943 535 4952 -
555 4917 595 4966 44.
612 4915 676 4978 socia
692 4916 700 4965 i
718 4941 745 4951 -
766 4915 806 4965 43.
824 4921 858 4966 est
874 4915 908 4966 b:
927 4928 981 4966 om.
999 4918 1073 4979 agt3
1092 4916 1151 4967 lort.
1169 4917 1239 4967 invit.
1253 4923 1288 4968 444
1302 4918 1347 4981 (od
1360 4931 1449 4980 pacem
1464 4923 1499 4968 444
1515 4918 1586 4968 invit.
1605 4919 1625 4980 i)

303 5020 330 5029 -
350 4993 388 5044 tl.
406 4993 487 5042 noluit
504 5005 517 5040 a
535 5017 562 5027 -
581 4991 621 5041 46.
641 4990 794 5054 obpnpnooit
811 4995 846 5041 at
864 5018 891 5028 -
911 4991 952 5040 49.
970 5004 1027 5040 nim
1043 4992 1050 5041 i
1070 5019 1096 5029 —
1116 5005 1247 5043 edoma
1266 5019 1292 5029 -
1311 4993 1458 5042 videbantur
1473 5005 1526 5043 om.
1545 4996 1623 5041 at—

301 5068 341 5116 20.
359 5067 480 5130 pronitus
496 5066 532 5127 b¹,
550 5068 580 5115 ut
596 5067 664 5116 coni.
683 5068 815 5118 Muretus:
833 5068 989 5131 4444444444ιί4
1005 5066 1023 5116 b
1041 5079 1120 5126 corr..
1140 5079 1154 5114 a
1164 5066 1253 5128 gtiO.
1277 5067 1338 5116 Loci
1355 5080 1422 5130 quos
1438 5066 1523 5115 attulit
1540 5069 1625 5117 Grae-

300 5141 359 5189 vius
377 5154 407 5190 44
426 5142 479 5191 Cic.
499 5140 568 5191 Lael.
588 5141 602 5205 S
620 5142 651 5191 86
669 5144 697 5192 44
713 5141 747 5192 de
765 5142 828 5192 fluo.
846 5144 865 5193 b
883 5145 909 5192 et
925 5156 961 5192 m.
981 5144 1015 5201 ll,
1035 5141 1050 5204 5
1067 5140 1112 5198 93,
1132 5139 1232 5190 dudum
1251 5154 1284 5190 er
1301 5140 1455 5192 melioribus
1471 5139 1544 5192 libris
1563 5154 1626 5192 cor-

300 5215 366 5264 recti
384 5219 458 5276 sunt,
481 5214 545 5266 illud
569 5220 657 5267 autem
675 5218 755 5266 Taciti
778 5218 803 5267 in
821 5220 888 5268 Anu.
906 5220 931 5277 l,
947 5218 985 5281 ,53
1001 5230 1046 5266 nec
1062 5217 1115 5264 olis
1131 5222 1184 5264 tom
1200 5217 1289 5266 intimo
1307 5217 1400 5265 Tiberio
1416 5230 1494 5265 conso
1512 5231 1564 5266 non
1583 5219 1626 5268 est

301 5289 395 5340 simile.
424 5290 547 5355 Exempla
571 5295 670 5342 Graeca
693 5285 768 5342 οὕτω
790 5306 851 5342 cum
869 5291 1027 5356 superlativo
1050 5292 1130 5340 iuncti
1148 5294 1280 5355 congessit
1297 5292 1443 5342 Lobeckius
1459 5292 1492 5341 ad
1511 5293 1625 5356 Phryni-

301 5366 380 5415 cbnm
398 5380 424 5430 p.
443 5367 499 5417 444.
513 5396 546 5405 -
562 5369 603 5417 ai.
622 5369 757 5417 conscissus
774 5367 833 5417 cod.
853 5369 931 5430 lang.
948 5394 973 5403 -
993 5368 1033 5417 22.
1053 5367 1112 5415 44444
1129 5381 1175 5415 nos
1192 5369 1226 5417 D:
1245 5368 1365 5415 noitello
1383 5367 1418 5415 iO
1436 5393 1463 5401 -
1482 5381 1532 5416 444.
1545 5369 1624 5433 conc}

300 5443 327 5490 Si
344 5445 355 5490 t
372 5468 398 5477 -
418 5443 458 5492 43,
478 5444 502 5492 in
520 5442 612 5494 litteris
629 5458 713 5493 444444
730 5445 842 5493 iudicare
859 5444 927 5492 redit
939 5443 960 5489 V
972 5442 1014 5492 lcl.
1028 5443 1080 5501 77¹,
1099 5440 1148 5491 col.
1163 5443 1190 5501 3,
1209 5456 1234 5490 v.
1248 5442 1279 5491 30
1291 5443 1404 5498 codicis;
1424 5456 1449 5492 v.
1463 5443 1533 5507 adp.
1549 5444 1622 5503 4360,

301 5517 341 5565 43.
357 5542 384 5552 -
403 5517 443 5566 st.
462 5519 545 5577 bisque
562 5517 630 5580 abg
648 5545 675 5553 -
694 5519 735 5567 26.
754 5519 857 5579 septiens
872 5517 967 5566 miliens
984 5520 1006 5566 t:
1026 5519 1112 5578 septies
1127 5518 1206 5565 milies
1223 5517 1317 5575 (44444444
1328 5517 1355 5578 0)
1369 5516 1495 5580 VebgO
1509 5545 1535 5554 -
1554 5520 1624 5581 Ant]

300 5591 411 5640 animum
428 5594 439 5640 t
456 5617 483 5626 -
502 5593 653 5641 indicabistis
664 5592 686 5640 V
700 5618 725 5627 -
745 5593 786 5641 ii.
799 5593 957 5641 inmunitates
969 5592 1016 5654 Vg
1028 5618 1055 5628 -
1075 5592 1217 5640 ciuitatibus
1230 5591 1264 5640 V:
1284 5593 1396 5641 4444444444
1413 5593 1464 5641 00
1478 5617 1504 5628 -
1524 5593 1565 5643 28.
1577 5607 1623 5642 oo·

283 5672 389 5714 norunt
406 5667 431 5720 t;
449 5667 549 5715 scandito
565 5672 620 5715 sont
634 5665 664 5726 b,
683 5665 731 5715 scd
748 5668 801 5714 dito
818 5672 874 5714 cunt
891 5667 916 5715 io
933 5680 1034 5716 rasura.
1050 5696 1076 5703 -
1094 5669 1186 5730 flmtor
1204 5681 1217 5715 4
1237 5693 1264 5702 -
1282 5681 1370 5716 rursus
1387 5680 1441 5716 om.
1456 5670 1466 5718 t
1484 5695 1510 5704 —
1529 5669 1572 5718 444
1588 5670 1620 5727 b;
1678 5685 1683 5693 ·

299 5738 378 5801 bacg
398 5766 423 5774 -
442 5740 482 5789 49.
501 5742 635 5803 4444444404
653 5754 666 5789 4
687 5769 714 5778 -
734 5755 799 5803 qnae
814 5743 946 5791 4444444444
964 5746 974 5790 4
992 5768 1018 5777 -
1038 5743 1195 5791 4444444444
1215 5742 1319 5792 obticere
1333 5740 1450 5791 nolumus
1462 5744 1582 5804 (4444444444
1594 5744 1621 5806 b)

300 5815 333 5862 Vl
349 5816 393 5876 (m.
411 5816 435 5878 2)
454 5819 480 5865 44
497 5818 517 5866 D
532 5844 558 5853 —
577 5832 637 5866 nom
653 5819 705 5867 tom
721 5816 739 5866 b
753 5844 780 5853 -
800 5817 839 5866 ³0.
853 5818 927 5879 enim]
943 5831 1004 5865 uero
1020 5820 1030 5867 4
1051 5843 1076 5851 -·
1096 5817 1137 5867 32.
1156 5817 1262 5881 legiones
1278 5820 1326 5866 t-
1346 5816 1458 5866 brundisi
1468 5817 1491 5865 V
1503 5843 1530 5852 -
1549 5819 1621 5868 clao-

300 5894 342 5938 tnr
357 5889 411 5940 ab:
432 5891 544 5942 44444444
560 5892 596 5954 V;
614 5893 706 5945 eluitur
721 5894 758 5958 gt
774 5919 801 5928 -
821 5893 869 5943 eloi
885 5893 921 5941 V:
941 5893 981 5963 qui
998 5894 1022 5953 4;
1040 5893 1093 5943 eius
1109 5891 1184 5955 abg.
