3800 7350
308 1173 391 1243 titio
690 1177 959 1246 innuuntur
982 1173 1249 1247 004444444Ε44148.

308 1349 402 1398 444444
426 1346 603 1400 liuhultenius.
630 1348 739 1399 4044444
764 1346 805 1399 4144
831 1347 949 1400 scribere
972 1346 1089 1400 voluisse
1109 1346 1145 1399 ad
1167 1346 1248 1399 linem
1270 1347 1430 1413 paragraphi
1449 1346 1520 1412 post
1536 1341 1662 1394 deducor

308 1444 334 1481 4.
352 1431 399 1493 83,
417 1434 448 1481 44
463 1431 527 1482 44444
543 1431 572 1483 Ε.
592 1434 610 1483 l.
628 1430 703 1484 Kiehl
721 1433 746 1483 iu
765 1433 947 1496 Mnemosyne.

373 1514 438 1579 588
456 1528 482 1581 4.
501 1514 558 1578 783,
575 1517 617 1567 48.
639 1516 773 1581 Scriptura
795 1516 893 1567 codicis
913 1518 933 1569 4·
956 1515 1173 1581 reliquorumque
1196 1518 1305 1580 praeter
1325 1514 1379 1568 Eri.
1403 1512 1510 1566 4444444
1532 1509 1662 1573 retiquae

307 1598 374 1651 44444
389 1612 453 1650 vera
470 1599 588 1661 videtur;
608 1599 641 1650 cl.
659 1600 687 1650 ln
702 1599 778 1651 Verr.
798 1600 828 1661 V,
845 1598 1029 1666 saepest,
1047 1598 1072 1651 4.
1091 1600 1142 1662 (44.)

373 1683 435 1747 504
455 1695 482 1748 p.
501 1682 564 1745 784,
583 1683 610 1733 34
632 1696 701 1734 corr.
718 1684 896 1747 relicturam,
915 1687 945 1734 ut
961 1685 1071 1749 apparet
1087 1697 1120 1734 44
1137 1683 1198 1734 444.
1217 1685 1274 1735 4444.

374 1784 603 1843 44.]444444444.
621 1777 639 1840 5
655 1777 671 1829 8
686 1789 714 1842 p.
733 1777 795 1839 788,
813 1777 854 1828 48.
876 1777 921 1827 Det
940 1777 1075 1827 4444444444
1099 1777 1133 1826 cd
1154 1789 1199 1839 44,
1222 1792 1286 1841 quae
1306 1778 1437 1839 44644444,
1463 1775 1532 1826 nuc
1557 1773 1657 1833 dicere,

308 1862 469 1923 requirere
489 1875 554 1925 4444
573 1859 663 1912 onom
684 1876 734 1912 noo
753 1875 883 1925 poseamus
900 1863 952 1912 cet.
975 1861 1043 1912 conl.
1063 1860 1189 1912 Cohetus.
1217 1861 1292 1913 ldem
1315 1861 1432 1927 praelert
1449 1861 1468 1926 5
1487 1860 1521 1912 45
1542 1872 1573 1924 p.
1594 1856 1656 1916 780,

309 1943 341 1994 88
357 1950 392 1995 444
409 1945 674 2009 contrementium
693 1945 753 1997 lert.
771 1951 807 1996 est
822 1951 903 1997 44444
919 1945 998 2006 qaod
1013 1946 1183 2007 respondeam.
1203 1946 1250 2009 (B.)

376 2057 416 2093 44.
430 2059 481 2105 pro
494 2048 602 2095 474444.
623 2041 639 2105 5
658 2040 668 2088 4
689 2052 716 2105 p.
735 2039 796 2102 788,
815 2039 839 2091 4.
858 2040 926 2103 esset]
943 2043 978 2089 ert
995 2039 1063 2088 coni.
1082 2038 1139 2089 Van
1157 2037 1209 2089 deu
1229 2040 1272 2090 Es.

374 2123 391 2187 5
408 2124 423 2173 7
440 2137 467 2189 p.
485 2124 542 2184 804,
561 2124 585 2173 8.
604 2125 642 2175 Ex
658 2121 772 2175 lectione
789 2123 889 2174 codicis
901 2123 983 2173 Oxou.
998 2122 1035 2184 Η,
1054 2135 1123 2185 4444
1141 2124 1183 2173 444
1199 2123 1262 2173 item
1280 2123 1306 2174 in
1322 2124 1415 2175 nostro
1431 2124 1464 2185 Τ,
1484 2122 1575 2173 444444
1592 2119 1657 2169 lee-

310 2205 369 2270 pius
385 2208 428 2257 444
444 2213 513 2258 testes
530 2207 728 2258 emendandum
746 2220 806 2258 esse
824 2207 965 2258 existimet.

375 2292 440 2355 548
457 2305 484 2358 p.
502 2290 565 2353 804,
585 2292 615 2342 40
631 2292 773 2356 44444444444
789 2305 822 2342 ex
838 2292 858 2342 Τ
875 2291 1058 2357 recipiendum
1075 2292 1140 2341 erat.

375 2375 392 2439 5
408 2374 440 2425 td
456 2387 483 2439 p.
502 2375 559 2436 806,
577 2374 592 2424 8
613 2375 736 2425 acorrima
755 2374 909 2426 4444444444
931 2374 1064 2440 glossema
1086 2374 1191 2426 videtur
1210 2374 1244 2426 ed
1262 2389 1304 2426 vv.
1322 2376 1423 2427 44444444
1438 2373 1523 2426 444444
1541 2372 1654 2424 adscri-

311 2458 395 2523 ptum.
414 2484 442 2495 -
461 2458 502 2510 83.
520 2457 587 2523 esset]
605 2464 640 2509 444
657 2459 725 2509 coni.
743 2458 801 2508 Van
818 2457 870 2509 den
889 2458 932 2510 lis.

375 2544 391 2605 5
408 2543 440 2591 64
457 2556 483 2609 p.
502 2542 564 2605 844,
584 2544 614 2593 te
631 2542 713 2607 ceteri]
731 2542 773 2591 444
789 2544 865 2592 ceteri
882 2544 952 2594 coni.
972 2541 1066 2594 Cobet.

376 2627 393 2691 5
410 2626 441 2677 84
458 2639 485 2691 p.
503 2626 566 2687 844,
584 2626 625 2678 34.
645 2625 736 2676 «Ridet
753 2626 845 2676 Cicero
858 2626 982 2690 querelas
1000 2626 1078 2678 Laelii
1095 2628 1258 2679 accusatoris
1274 2625 1309 2678 de
1320 2627 1438 2678 Deciano
1454 2625 1652 2691 subscriptore

312 2724 362 2763 suo
380 2724 395 2761 a
413 2709 504 2762 Flacco
527 2714 662 2777 corrupto.
691 2710 846 2763 Tenendum
869 2714 924 2771 444,
947 2711 1093 2762 Decianum
1116 2713 1142 2762 in
1160 2710 1282 2762 Flaccum
1299 2710 1396 2761 dixisse
1415 2723 1504 2775 neque
1524 2706 1653 2760 Laelium

312 2796 437 2859 questum
459 2809 533 2858 esse,
559 2794 630 2859 quod
652 2796 783 2847 Decianus
805 2809 857 2846 uon
875 2794 996 2857 dixisset,
1014 2794 1069 2846 sed
1087 2794 1158 2859 4444
1176 2795 1253 2846 nimis
1270 2792 1352 2845 multa
1369 2797 1396 2845 et
1413 2793 1530 2845 tortasse
1548 2806 1652 2859 parum

312 2878 384 2931 utilia
406 2892 518 2938 causee;
542 2891 604 2930 nam
629 2878 656 2929 id
677 2878 732 2929 iere
756 2891 839 2930 unum
857 2880 952 2930 cicero
973 2879 1096 2930 flaccum
1112 2892 1127 2928 4
1144 2879 1261 2929 Deciano
1277 2877 1410 2929 redimere
1427 2878 1552 2943 potuisse
1570 2875 1649 2935 dicit.

313 2967 344 3013 ut
359 2963 458 3014 duceret
474 2963 593 3014 iudicium
610 2962 655 3013 diu
671 2961 801 3023 dicendo,
819 2963 868 3015 sed
885 2964 911 3015 44
929 2977 962 3014 44
979 2963 1037 3029 ipso
1050 2963 1170 3026 exiguam
1188 2964 1346 3028 potestatem
1358 2962 1467 3013 Deciani
1485 2961 1583 3023 luisse,
1605 2960 1651 3010 cui

312 3045 356 3099 lex
378 3048 485 3097 omuino
508 3060 554 3098 sex
578 3047 657 3099 hores
674 3046 806 3110 dedisset,
831 3050 875 3107 ut,
898 3048 1002 3098 etiamsi
1019 3045 1106 3097 Laelio
1123 3060 1228 3098 morem
1244 3060 1337 3111 gerere
1354 3045 1464 3097 brevius
1481 3044 1603 3096 dicendo
1622 3047 1651 3095 et

314 3130 412 3195 aliquid
436 3129 470 3182 de
493 3132 613 3197 tempore
637 3130 778 3182 detrahere
801 3130 894 3193 vellet,
916 3132 1091 3197 perexiguum
1114 3131 1141 3181 id
1159 3130 1275 3181 laturum
1292 3129 1378 3181 luerit.
1406 3131 1497 3194 444444
1516 3128 1650 3193 Ι44444144

313 3214 392 3268 Laelii
411 3214 504 3266 Cicero
527 3228 560 3266 ex
580 3216 678 3266 invidia
700 3219 770 3266 44444
793 3219 839 3265 aut
856 3216 929 3267 44444
946 3214 981 3265 44
1000 3228 1140 3267 sermones
1157 3216 1294 3266 hominum
1311 3226 1363 3265 444
1380 3213 1515 3265 44444444
1533 3226 1550 3263 4
1567 3226 1600 3265 44
1620 3214 1649 3263 44

315 3300 462 3352 Decianum
484 3299 616 3363 frequenti
636 3298 764 3366 perfidiae
787 3300 1041 3351 commemoratione
1064 3298 1224 3351 4444444444
1240 3298 1324 3349 videri
1339 3295 1402 3348 vult.
1435 3299 1491 3349 llac
1508 3296 1561 3349 loct
1579 3311 1649 3349 sen-

316 3384 397 3433 tentia
413 3382 546 3435 intellecta
564 3387 674 3451 apparet
690 3386 850 3450 scripturam
867 3382 950 3434 multo
968 3384 1055 3435 minus
1072 3384 1182 3434 traxisse
1194 3383 1261 3445 44444,
1280 3395 1360 3447 quam
1378 3381 1495 3433 editores
1513 3383 1647 3447 putarint.

315 3468 358 3518 Sic
375 3469 447 3519 enim
464 3469 558 3519 Cicero
575 3470 695 3535 scripsit:
721 3470 849 3520 Nimimm
864 3468 927 3518 44444
942 3472 991 3530 444,
1013 3468 1080 3529 quod
1094 3469 1148 3532 ipse
1161 3468 1312 3531 4444444444.
1337 3466 1450 3517 4444444444
1465 3468 1568 3532 inperio
1584 3466 1649 3516 4444-

317 3552 446 3615 scriptoris
467 3552 518 3615 tui,
541 3553 608 3615 4444
628 3552 735 3603 ornabat
755 3552 837 3615 444444
856 3552 950 3615 locum,
974 3566 1046 3616 44444
1064 3553 1214 3616 prenderet,
1236 3556 1259 3602 et
1278 3556 1351 3601 44444
1366 3556 1436 3603 testes
1451 3550 1630 3615 intermeat
1635 3563 1646 3609 ,·

320 3642 364 3688 444
380 3637 486 3701 fortasse
501 3638 592 3702 4444444,
609 3643 638 3689 at
653 3643 676 3689 44
692 3651 725 3689 cm
739 3637 826 3702 popuii
841 3650 953 3688 44444444
969 3638 1107 3700 4444444444,Ι
1124 3637 1217 3687 idcirco
1234 3636 1372 3688 Decimam
1387 3648 1466 3700 44444
1475 3636 1510 3687 cd
1520 3648 1648 3686 4444444444

320 3723 471 3785 applicuisti.
491 3724 598 3786 {Derum
615 3723 675 3773 hest
691 3722 726 3773 du
744 3723 769 3773 in
788 3723 876 3773 einem
894 3721 945 3772 tort
962 3721 1012 3772 der
1027 3720 1222 3773 umsteheuden
1238 3722 1332 3785 llenge
1349 3719 1392 3772 die
1409 3723 1509 3772 Persou
1527 3718 1578 3770 dee
1591 3720 1648 3770 Da-

294 3862 299 3872 ,
318 3805 409 3856 444444
426 3803 596 3868 vorgehelten
614 3803 669 3854 und
686 3805 724 3855 sie
741 3804 790 3855 mit
807 3805 848 3855 ihr
864 3805 1041 3870 4444440444.)
1068 3807 1192 3857 Ceterum
1210 3807 1235 3856 in
1253 3804 1304 3856 hec
1321 3806 1428 3856 Deciani
1445 3803 1524 3855 laude
1543 3802 1647 3868 aliquid

318 3890 417 3940 ironiae
435 3888 537 3940 subest.
564 3889 616 3939 Sed
634 3890 753 3953 sequitur
769 3888 844 3941 locus
862 3893 953 3956 aperte
970 3889 1157 3955 interpolatus,
1181 3891 1225 3954 qui
1248 3891 1287 3941 sic
1303 3889 1404 3940 editur:
1428 3888 1476 3939 sed
1492 3894 1521 3939 44
1536 3888 1585 3938 444
1601 3902 1647 3938 44-

316 3975 418 4024 sisimile
439 3978 488 4036 est,
512 3972 566 4038 [444]
587 3973 655 4022 4444
674 3974 807 4024 verisimile
823 3975 963 4024 Decianum
979 3988 997 4023 a
1012 3975 1101 4025 Flacco
1117 3988 1167 4026 esse
1182 3979 1336 4036 comptum.
1362 3973 1401 4023 144
1416 3975 1514 4035 scitote,
1538 3974 1644 4033 iudicer,

315 4071 365 4109 esse
380 4063 471 4108 cetera.
498 4055 616 4108 Ridicule
634 4060 661 4106 et
680 4070 807 4121 perverse
825 4058 919 4108 Cicero
937 4059 978 4118 44,
1001 4058 1072 4122 quod
1089 4061 1146 4123 ipse
1164 4071 1226 4110 cum
1243 4060 1362 4109 irrisione
1380 4055 1457 4108 Laelii
1475 4055 1553 4115 dixit,
1580 4069 1644 4106 cum

316 4143 399 4208 ipsius
416 4141 494 4192 Laelii
512 4140 620 4205 4444444
637 4142 672 4191 444
690 4143 841 4205 comparet:
861 4141 928 4191 «Sed
945 4145 976 4192 ut
986 4142 1128 4194 verisimile
1140 4146 1194 4202 est,
1213 4143 1283 4206 4444
1297 4142 1363 4204 4444,
1381 4142 1416 4191 444
1432 4154 1484 4191 non
1495 4138 1645 4191 verisimile

316 4225 445 4290 estquod
465 4229 491 4277 tu
509 4225 606 4286 dicis„
631 4229 658 4276 ct
680 4227 706 4276 in
729 4238 761 4275 ea
785 4227 982 4290 comparatione
1004 4224 1093 4277 locum
1114 4225 1254 4277 concludit.
1287 4228 1379 4290 Neque
1399 4229 1472 4275 recte
1489 4225 1524 4275 ad
1544 4237 1645 4275 novam

315 4311 475 4363 seutentiam
497 4310 622 4361 transitur
646 4308 693 4360 illis
710 4308 815 4359 verbis:
843 4312 880 4358 444
899 4311 997 4369 4444444;
1025 4310 1166 4361 dicendum
1189 4313 1258 4361 erat:
1286 4311 1334 4360 Sed
1349 4310 1456 4360 44444444
1471 4309 1540 4358 modi
1556 4309 1646 4359 scitote

315 4409 366 4446 4444
382 4401 464 4446 cetera
480 4396 527 4444 aut
543 4393 670 4445 similiter.
698 4392 751 4444 sed
768 4394 832 4443 setis
849 4378 1080 4459 interpolationem
1097 4394 1204 4446 codices
1222 4398 1348 4459 4444444,
1366 4395 1393 4457 in
1410 4392 1507 4457 quibus
1523 4393 1561 4442 444
1579 4397 1645 4444 ente

315 4481 382 4529 4444
403 4492 513 4544 prorsus
535 4478 620 4530 abest.
651 4480 768 4544 Apparet
788 4479 943 4529 Ciceronem
961 4491 976 4527 a
994 4477 1073 4529 Laelii
1090 4478 1125 4530 de
1143 4480 1258 4530 Deciano
1276 4476 1391 4543 querelis
1409 4476 1443 4526 ad
1460 4479 1565 4528 ceteras
1584 4478 1645 4528 eius

317 4562 439 4629 querelas
456 4562 574 4614 breviter
591 4562 748 4615 refellendas
765 4563 804 4613 sic
821 4563 948 4614 transire:
971 4562 1020 4613 Sed
1039 4569 1068 4613 44
1083 4563 1128 4613 444
1144 4563 1276 4614 consimile
1291 4568 1343 4625 ost,
1361 4563 1499 4613 Decianum
1516 4575 1534 4612 4
1550 4563 1645 4613 4444444

315 4661 366 4699 erse
380 4654 535 4711 corruptum,
553 4650 591 4698 444
605 4648 690 4698 scitote
706 4661 755 4701 4444
771 4652 861 4698 cetero.
888 4647 1009 4698 Eandem
1026 4650 1116 4698 cetere
1127 4650 1184 4699 veri
1197 4645 1396 4699 similitudinem
1410 4644 1510 4698 habere
1522 4646 1597 4707 dicit,
1617 4647 1645 4698 id

316 4733 370 4793 cst,
389 4730 488 4783 nullam
505 4733 621 4783 omnino.
648 4733 722 4783 lianc
738 4732 897 4783 seutentiam
913 4730 1059 4781 verboram
1076 4737 1104 4782 ct
1126 4732 1172 4782 hoc
1186 4731 1318 4782 oeridmite
1334 4737 1369 4781 ert
1385 4729 1530 4782 declaravit
1546 4729 1645 4795 aliquis

317 4815 456 4881 adscriptis
474 4815 537 4868 illis:
555 4817 785 4879 pedemmontis,
804 4828 889 4880 eaque
906 4815 1003 4867 deinde
1021 4829 1036 4866 a
1053 4817 1170 4881 margine
1183 4817 1208 4865 in
1221 4816 1357 4867 ciceronis
1369 4817 1517 4866 orationem
1528 4818 1644 4880 recepta

317 4901 378 4950 sunt
395 4900 437 4964 444.
456 4901 472 4964 5
489 4900 521 4952 46
539 4903 642 4964 eriri.»
660 4902 769 4952 4444444,

381 5010 421 5047 44.
436 5013 496 5048 cum
510 5003 618 5049 4444444
633 5003 738 5060 mettas
753 5003 817 5060 egit.
839 4993 887 5058 53
910 5005 937 5057 p.
956 4993 1017 5056 834,
1036 4993 1061 5043 6.
1079 4994 1154 5043 Nunc
1176 4991 1351 5056 praeterimus
1372 4989 1491 5042 lectionis
1512 4993 1541 5042 l’¹
1565 4993 1647 5044 444444

317 5079 510 5130 correctionem
527 5079 634 5141 delituit,
653 5091 722 5142 4444
740 5081 824 5129 estin
842 5079 897 5128 EF.
925 5075 1049 5128 Similiter
1068 5076 1139 5142 apud
1155 5077 1268 5127 Nonium
1288 5089 1314 5141 p.
1333 5075 1365 5126 86
1382 5089 1405 5126 4.
1422 5089 1449 5125 4.
1467 5088 1561 5126 cneum
1576 5089 1646 5128 vera

316 5161 394 5214 lectio
411 5163 505 5213 44444444
518 5161 587 5228 ‚abiit
603 5164 629 5213 in
648 5162 750 5226 deleuit,
768 5164 798 5212 44
815 5164 840 5212 44
857 5159 915 5212 4444
934 5162 988 5212 Cic.
1008 5161 1083 5212 444444
1099 5162 1126 5212 44
1143 5155 1173 5210 Ρ’
1189 5161 1216 5211 44
1232 5160 1321 5210 munit
1336 5161 1467 5210 mutatum
1486 5162 1535 5211 cst.

381 5246 398 5310 5
416 5246 446 5296 40
464 5260 490 5311 p.
509 5245 570 5307 834,
590 5246 621 5296 46
634 5245 741 5311 prcooe]
759 5247 848 5296 verius
865 5245 971 5296 videtur
984 5258 1095 5309 444444,
1114 5247 1144 5295 44
1160 5245 1243 5295 44444
1261 5245 1319 5295 GE.

382 5331 399 5394 5
417 5331 448 5381 ta
465 5343 492 5395 p.
511 5330 573 5392 835,
592 5331 623 5381 46
641 5343 701 5394 444.
720 5329 806 5380 Verba
825 5343 857 5380 ae
872 5335 958 5393 operte
974 5330 1132 5379 incommodo
1145 5329 1246 5393 patriae
1261 5329 1376 5392 4444444444
1392 5329 1508 5389 ediceret,
1526 5341 1598 5392 quae
1617 5330 1645 5381 in

317 5418 336 5467 P
354 5427 435 5465 manu
451 5414 570 5465 secunda
588 5414 677 5465 addita
694 5417 770 5475 4444,
789 5411 912 5464 44444444
928 5412 1022 5464 falsum
1035 5412 1249 5478 supplementum
1262 5414 1359 5463 veteris
1375 5410 1499 5474 lacuuae;
1518 5425 1582 5464 nam
1595 5427 1646 5464 ex-

303 5502 454 5564 ·spectatur
475 5501 562 5565 potius
584 5497 642 5549 talis
664 5499 809 5549 sententia:
831 5502 871 5560 44,
893 5511 942 5559 444
962 5499 1045 5547 minate
1066 5497 1159 5548 occulte
1179 5503 1289 5548 4444444444
1303 5497 1399 5546 molum
1413 5496 1557 5562 poneretis,
1580 5498 1647 5548 4444444

319 5583 426 5648 4444444,
444 5598 475 5634 oe
488 5584 576 5647 palam
592 5584 706 5647 4444444444
722 5582 845 5648 deiiceret.

384 5688 425 5723 or.
440 5678 474 5722 de
489 5678 570 5722 donno
585 5684 644 5722 444.
662 5679 689 5730 p.
707 5666 764 5716 864.
791 5668 820 5717 44
837 5665 928 5717 adnot.
947 5665 981 5716 ed
998 5679 1024 5717 4.
1040 5667 1072 5717 46
1088 5668 1148 5732 post
1166 5680 1216 5716 444
1232 5679 1272 5716 444
1288 5679 1353 5729 puae
1369 5666 1468 5719 elit»
1486 5664 1645 5719 addendum

319 5753 371 5804 est:
391 5766 425 5802 444
442 5766 481 5803 res
497 5752 542 5802 itta
558 5753 617 5801 44444
632 5756 688 5800 erut
703 5751 734 5800 de
750 5763 800 5812 444
816 5751 846 5800 0.

384 5836 433 5905 58
450 5849 476 5902 p.
495 5836 557 5903 864,
578 5836 608 5893 46
625 5835 728 5897 44444444
745 5846 801 5885 eom
818 5833 898 5885 444444
915 5836 996 5888 etiam
1014 5835 1098 5888 Cobet
1114 5836 1243 5887 44444444.
1262 5835 1309 5897 lll,
1327 5847 1353 5899 p.
1372 5832 1429 5885 834.
