3800 7350
306 1209 388 1280 libb
725 1217 876 1282 ORATIO
902 1217 1127 1283 PHILIPPICA
1146 1219 1186 1283 11.

308 1394 340 1452 et
365 1387 484 1451 hortus.
527 1383 576 1448 68.
599 1385 626 1449 0
658 1386 818 1450 audaciam
845 1388 1031 1451 immaneml
1061 1399 1095 1451 tu
1125 1387 1219 1452 etiam
1244 1388 1366 1471 ingredi
1386 1387 1473 1450 illam
1495 1388 1630 1451 domum

304 1501 400 1544 ausus
427 1484 485 1544 es‘l
514 1488 549 1543 tu
576 1480 655 1542 illud
679 1482 910 1545 sanctissimum
937 1483 1033 1545 limen
1056 1484 1192 1546 intraret
1223 1489 1256 1544 tu
1278 1481 1402 1544 illarum
1424 1481 1550 1545 aedium
1576 1480 1631 1543 dis

305 1574 471 1656 penatibus
492 1593 527 1637 os
549 1574 795 1657 impurissimum
819 1576 1014 1640 ostendere?
1038 1576 1139 1652 Quam
1161 1575 1290 1638 domum
1312 1574 1508 1659 aliquamdiu
1529 1595 1631 1639 nemo

304 1667 465 1749 adspicere
493 1676 630 1750 poterat,
660 1689 753 1732 nemo
781 1669 850 1732 sine
881 1668 1016 1733 lacrimis
1044 1670 1230 1753 praeterire,
1257 1668 1315 1731 hac
1337 1676 1368 1731 te
1389 1669 1421 1730 in
1444 1670 1538 1732 domo
1562 1676 1631 1731 tam

281 1758 357 1821 suin
379 1760 535 1824 deversari
556 1782 619 1824 non
643 1762 763 1845 pudet?
785 1765 817 1825 in
840 1783 919 1846 qua,
943 1764 1087 1847 quamvis
1109 1763 1188 1826 nibil
1210 1763 1329 1847 sapias,
1351 1770 1455 1824 tamen
1469 1761 1547 1824 nibil
1570 1760 1632 1824 tibi

304 1860 409 1936 potest
430 1874 500 1917 esse
521 1856 702 1919 iucundum.
746 1857 960 1920 xxviium
984 1866 1032 1935 tu,
1059 1858 1114 1921 illa
1141 1858 1174 1919 In
1197 1856 1352 1920 vestibulo
1373 1864 1473 1920 rostra
1497 1848 1630 1940 [spolie]

304 1966 375 2010 cum
397 1948 587 2032 adspexisti,
610 1949 737 2012 domum
759 1957 844 2012 tuum
867 1957 898 2013 te
919 1951 1049 2015 introire
1066 1954 1181 2036 putas?
1203 1947 1270 2014 fieri
1285 1970 1349 2012 non
1365 1957 1481 2033 potest.
1506 1949 1632 2024 Quam·

304 2038 353 2101 vis
375 2042 458 2105 enim
480 2044 547 2105 sine
569 2051 691 2118 mente,
713 2044 781 2106 sine
805 2064 899 2107 sensu
923 2046 985 2120 sis,
1008 2053 1043 2108 ut
1064 2054 1241 2127 es,¹tamen
1264 2053 1295 2107 et
1316 2052 1347 2107 te
1369 2052 1401 2107 et
1422 2052 1476 2107 tua
1498 2051 1530 2107 et
1552 2051 1630 2106 tuos

304 2135 397 2197 nosti.
432 2137 498 2199 Nec
524 2156 600 2199 uero
628 2143 659 2200 te
687 2157 837 2221 umquam
864 2158 970 2223 neque
998 2140 1179 2222 uigilantem
1201 2159 1305 2223 neque
1332 2139 1504 2201 insomnis
1526 2136 1626 2201 credo

267 2239 397 2311 toposse
425 2237 528 2294 mente
550 2231 732 2295 consistere.
775 2233 912 2296 Necesse
935 2240 998 2306 est,
1026 2234 1168 2315 quamuis
1190 2234 1249 2306 sis,
1279 2240 1315 2296 ut
1337 2253 1386 2308 es,
1408 2232 1567 2296 violentus
1589 2239 1625 2296 et

304 2320 428 2398 furens,
456 2346 526 2388 cum
555 2326 612 2389 tibi
642 2325 767 2389 obiectu
795 2327 835 2389 sit
863 2326 985 2409 species
1012 2326 1181 2408 singularis
1202 2327 1278 2401 siri,
1307 2327 1506 2410 perterritum
1528 2335 1559 2390 te
1583 2326 1626 2390 de

303 2435 416 2480 somno
439 2420 584 2494 excitari,
607 2419 711 2482 furere
734 2420 827 2483 etiam
850 2439 945 2503 saepe
966 2419 1158 2501 vigilantem.
1201 2416 1252 2482 69.
1273 2421 1324 2483 Ile
1346 2419 1473 2503 quidem
1495 2422 1628 2486 miseret

304 2513 457 2594 parietum
479 2514 619 2596 ipsorum
640 2521 735 2596 atque
756 2520 918 2578 tectcmm.
952 2513 1036 2589 Quid
1059 2514 1142 2577 enim
1164 2534 1314 2598 nmquam
1336 2513 1447 2578 domus
1465 2516 1520 2579 illa
1535 2514 1626 2579 vide-

303 2614 351 2669 rat
367 2607 427 2669 nisi
443 2608 603 2691 pudicum,
620 2607 696 2692 quid
712 2608 772 2671 nisi
788 2628 828 2671 ex
843 2608 963 2691 optimo
979 2628 1066 2671 more
1082 2616 1113 2670 et
1125 2608 1323 2671 sanctissima
1338 2607 1528 2691 disciplina?
1550 2610 1627 2672 Fuit

266 2699 387 2763 tsenim
410 2700 464 2764 ille
485 2701 550 2776 vir,
571 2709 676 2783 patres
699 2702 885 2785 conscripti,
909 2703 1002 2767 sicuti
1023 2702 1126 2776 scitis,
1149 2722 1220 2765 cum
1241 2699 1319 2765 furis
1334 2702 1434 2764 clarus
1455 2710 1521 2765 tum
1536 2700 1625 2767 domi

303 2793 523 2870 admirandus,
553 2816 659 2879 neque
684 2796 776 2859 rebus
800 2797 937 2860 externis
959 2797 1058 2879 magis
1081 2794 1257 2858 laudandus
1278 2815 1373 2879 quam
1395 2795 1544 2860 institutis
1565 2798 1626 2860 do·

304 2886 451 2951 mesticis.
479 2888 582 2952 Huius
603 2890 635 2952 in
655 2888 782 2953 sedibus
801 2909 859 2972 pro
874 2890 1029 2953 cubiculis
1044 2887 1175 2964 stabula,
1196 2908 1254 2971 pro
1268 2889 1470 2952 conclavibus
1484 2890 1625 2973 popinae

303 2990 386 3045 sunt.
418 2982 485 3045 Etsi
507 2983 570 3046 iam
592 2992 706 3066 negat:
733 2984 832 3046 nolite
855 3003 1023 3066 quaerere;
1051 2982 1133 3065 frugi
1162 2982 1263 3045 iactus
1286 2990 1349 3045 esta
1379 2982 1466 3045 illam
1487 2982 1511 3063 's
1532 3004 1625 3048 snam

303 3096 376 3139 suas
398 3096 448 3140 res
468 3076 529 3139 sibi
548 3076 666 3142 bebere
688 3077 797 3151 iussit,
826 3096 867 3141 ex
888 3073 1052 3142 duodecim
1079 3077 1195 3139 tabulis
1217 3076 1320 3140 claves
1341 3075 1477 3152 ademit,
1506 3078 1624 3160 exegit.

265 3170 405 3245 ”Quam
426 3191 522 3254 porro
544 3178 703 3254 spectatus
725 3172 818 3246 civis,
846 3190 940 3254 quam
964 3171 1131 3254 probatusl
1164 3171 1252 3233 cuius
1281 3190 1322 3232 cx
1344 3171 1429 3233 omni
1451 3172 1515 3235 vita
1543 3172 1625 3235 nibil

303 3270 351 3327 est
370 3265 536 3328 honestius
558 3284 651 3348 quam
674 3263 759 3349 quod
782 3286 852 3336 cum
875 3263 1059 3328 mimesecit
1073 3264 1252 3336 divortium.
1283 3261 1334 3326 70.
1348 3266 1496 3347 btqnam
1512 3266 1625 3329 crebro

302 3351 432 3439 usurpat
456 3364 517 3421 eet
539 3358 683 3421 consul
705 3365 746 3421 et
766 3359 1011 3422 Antoniusr:
1032 3357 1094 3420 boc
1116 3365 1165 3420 est
1179 3355 1302 3420 dicere:
1326 3364 1358 3421 et
1379 3358 1489 3421 consul
1513 3367 1544 3421 et
1565 3360 1626 3421 im-

300 3449 533 3535 pudicissimus,
556 3461 588 3514 et
609 3451 721 3515 consul
743 3452 888 3516 ethome
909 3452 1135 3535 nequissimus.
1166 3450 1251 3526 Quid
1273 3460 1323 3514 est
1343 3452 1427 3515 enim
1449 3450 1536 3515 aliud
1559 3452 1625 3513 An-

302 3545 431 3607 tonius‘l
462 3547 541 3608 Nam
563 3546 590 3608 si
612 3545 746 3627 dignitas
769 3544 999 3628 significaretur
1021 3545 1054 3607 iu
1075 3546 1219 3620 nomine,
1248 3544 1396 3619 dixisset,
1425 3545 1536 3619 credo,
1564 3544 1624 3608 ali-

263 3638 428 3723 utquendo
455 3658 532 3703 auus
561 3648 633 3726 tuus
664 3659 698 3702 se
720 3648 752 3702 et
773 3639 936 3704 consulem
959 3646 991 3704 et
1011 3640 1184 3703 Antonium
1206 3674 1246 3684 -
1268 3659 1441 3725 numqusm
1463 3639 1544 3703 dixit
1563 3661 1623 3702 -t

301 3732 435 3795 dixisset
457 3734 551 3796 etiam
573 3733 695 3817 collega
717 3754 820 3809 meus,
842 3743 973 3817 patruus
995 3743 1085 3807 tuus,
1107 3733 1168 3795 nisi
1190 3733 1216 3796 si
1239 3742 1329 3797 tues
1351 3734 1438 3798 solus
1455 3735 1623 3797 Antonius.

302 3826 363 3888 Sed
386 3826 497 3889 omitto
519 3845 556 3889 ea
577 3836 722 3910 peccata,
752 3848 833 3912 qnae
860 3848 926 3891 non
948 3835 1022 3891 sunt
1044 3846 1151 3891 earum
1174 3828 1309 3910 partium
1331 3827 1477 3911 propria,
1505 3829 1623 3911 quibus

301 3927 421 3983 turem
443 3919 601 4004 publicam
623 3922 795 3985 vexavisti:
818 3921 858 3985 ad
880 3921 965 4006 ipses
987 3931 1057 3984 tuas
1079 3928 1183 4004 partes
1205 3920 1319 3995 redeo,
1342 3922 1375 3983 id
1397 3927 1445 3983 est
1466 3921 1506 3983 ad
1529 3921 1622 3984 civile

366 4259 389 4307 4.
407 4258 532 4309 iumuuem
549 4271 564 4306 u
582 4283 609 4293 -
628 4257 705 4306 stium
720 4258 758 4305 V:
785 4270 838 4307 om.
857 4258 878 4307 D
898 4285 924 4294 —
943 4259 1044 4320 iuprede
1061 4255 1092 4306 V¹
1111 4284 1136 4295 -
1163 4259 1187 4308 Ξ.
1205 4262 1266 4322 post
1288 4272 1313 4308 es
1329 4260 1355 4308 in
1372 4260 1394 4307 V
1412 4262 1453 4309 est
1469 4272 1570 4310 rasura.
1592 4288 1618 4298 -

299 4333 354 4382 illut
370 4334 429 4382 V-
448 4334 486 4383 dis
496 4332 528 4383 b:
547 4333 594 4382 diis
605 4333 723 4395 ngto
738 4359 764 4368 -
784 4333 808 4381 3.
818 4333 997 4394 pomutibusv
1010 4359 1037 4368 —
1058 4334 1243 4396 inpurissimum
1256 4334 1290 4383 V:
1309 4334 1538 4397 inportunissimum
1555 4335 1576 4384 D
1592 4361 1619 4370 -

299 4407 430 4472 cumdem]
447 4413 514 4458 osten
524 4408 754 4470 inportunissimum
770 4408 827 4457 dere
838 4407 873 4465 V;
893 4407 1023 4459 sisimile
1041 4412 1188 4459 monstrum
1200 4407 1322 4459 vocubuli
1339 4407 1498 4472 glossemate
1510 4409 1621 4474 disrupti

300 4482 530 4547 adptidbt-
546 4482 695 4544 ebououdiu
711 4484 786 4531 at-
806 4479 977 4532 immi·
996 4484 1021 4533 5.
1035 4483 1159 4533 diuersori
1174 4485 1235 4534 D-
1254 4485 1282 4532 iu
1298 4496 1375 4544 quum
1392 4486 1440 4534 t-
1458 4484 1520 4534 uibit
1534 4485 1622 4547 suptus

299 4562 382 4608 mmm
398 4571 452 4608 um.
470 4571 485 4607 e
504 4585 532 4595 -
556 4562 635 4619 potest
651 4556 695 4606 tibi
710 4570 739 4620 ες
767 4555 810 4606 tibi
827 4569 879 4605 om.
898 4558 909 4605 t
927 4581 954 4591 -
983 4558 1008 4606 6.
1026 4557 1071 4607 itte
1092 4559 1118 4607 iu
1139 4559 1276 4608 uestibulco
1291 4560 1325 4618 V,
1347 4560 1393 4608 ittu
1413 4559 1534 4615 uestibulo
1550 4561 1571 4609 Ι)
1590 4585 1619 4595 -

298 4638 400 4683 rostrae
415 4634 495 4696 spotia
506 4632 541 4692 V;
558 4638 642 4682 rostro
658 4645 689 4681 uc
704 4632 785 4694 sputis
801 4631 941 4688 Graevius:
960 4645 1009 4682 nos
1025 4632 1106 4695 motio
1117 4645 1178 4683 cum
1190 4635 1210 4684 0
1221 4636 1252 4682 ut
1267 4631 1397 4697 glossema
1416 4633 1578 4685 inclusimus.
1590 4659 1617 4669 —

299 4708 324 4758 I.
339 4714 448 4771 puteum
464 4711 476 4759 t
493 4735 520 4745 -
537 4707 632 4772 periit
652 4733 675 4744 ·-
701 4707 726 4756 8.
745 4711 828 4756 tumes
844 4711 867 4755 te
884 4707 916 4763 ite
932 4707 958 4757 in
976 4720 1027 4758 ras.
1047 4722 1082 4759 m.
1101 4709 1125 4771 Ξ)
1143 4714 1166 4758 et
1182 4710 1213 4770 (et
1230 4710 1301 4773 exp.)
1318 4711 1341 4758 ei
1356 4715 1402 4759 tua
1418 4715 1441 4760 st
1456 4722 1501 4758 uus
1516 4710 1581 4758 uerti
1597 4709 1620 4756 V

301 4808 328 4819 -
341 4782 365 4831 9.
378 4795 498 4844 munuum
512 4795 582 4843 ueeq.
596 4782 651 4844 (sici
664 4782 685 4830 V
699 4807 726 4817 -
746 4782 785 4832 tu.
798 4781 919 4831 adolemus
929 4782 974 4831 Va
985 4781 1017 4831 b:
1033 4783 1258 4846 summentium
1278 4787 1305 4834 et
1321 4783 1383 4834 illud
1396 4785 1479 4847 magu
1491 4783 1525 4834 ed
1535 4784 1621 4844 {urum

300 4856 431 4921 quadrare
447 4857 560 4907 videtur.
581 4883 606 4894 -
629 4858 668 4906 tt.
687 4857 721 4906 ibi
736 4860 771 4906 et
790 4882 817 4894 -
836 4857 936 4919 inpectis
952 4857 974 4905 V
992 4882 1019 4892 -
1039 4859 1097 4923 uiri]
1115 4858 1191 4908 birV
1209 4884 1236 4894 -
1259 4860 1289 4908 de
1305 4872 1390 4910 ummo
1406 4865 1429 4911 ts
1446 4863 1468 4918 t;
1486 4873 1520 4910 ea
1534 4873 1621 4910 somno

300 4945 353 4982 om.
371 4937 395 4982 te
411 4945 426 4982 a
445 4959 472 4968 -
491 4933 531 4982 tt.
549 4933 665 4982 uueitsri
681 4945 696 4981 e
715 4958 742 4968 -
760 4933 849 4982 misere
865 4933 927 4980 v-
947 4930 987 4981 ts.
1006 4933 1176 4993 quidnisiV:
1195 4934 1321 4985 4444444-
1341 4935 1382 4986 ta.
1399 4935 1527 4996 itteurpo.
1545 4934 1621 4983 scutis

299 5009 367 5058 scttot
384 5008 440 5066 (uiis
456 5009 522 5057 etet
538 5008 564 5056 in
582 5019 634 5056 res.
653 5018 688 5057 m.
707 5007 730 5068 2)
749 5007 890 5072 sumpturis
906 5006 929 5055 V
947 5032 975 5042 -
993 5009 1065 5056 simui
1082 5007 1136 5058 bt:
1154 5009 1216 5058 deut
1232 5009 1341 5072 ago-
1357 5011 1431 5074 scriis
1447 5012 1457 5059 t
1475 5035 1502 5046 -
1522 5009 1621 5059 ibae·

299 5083 375 5133 tersis
391 5082 412 5129 V
433 5109 460 5120 -
477 5082 593 5132 inistituis
608 5081 631 5132 V
649 5107 676 5117 -
696 5082 722 5130 iu
738 5081 839 5131 uedibsss
856 5082 971 5133 Ursinus.
985 5107 1012 5118 -·
1032 5084 1072 5131 47.
1088 5097 1137 5144 pro
1153 5083 1309 5133 semissibus
1321 5085 1430 5147 pupinus
1445 5085 1555 5149 scripsi:
1572 5099 1620 5147 pro

298 5155 457 5208 muctuuidus
469 5159 577 5220 pupinus
592 5157 697 5207 triclinis
713 5158 749 5216 V;
767 5171 814 5219 pro
831 5158 944 5207 tricliniis
962 5158 1074 5220 (triclinis
1087 5159 1105 5218 tt
1120 5157 1229 5218 popinae
1246 5159 1304 5208 I)0.
1328 5160 1365 5209 Ex
1382 5158 1441 5209 loco
1458 5159 1485 5208 in
1501 5171 1554 5222 quo
1572 5171 1620 5208 er·

299 5235 351 5284 stet
367 5232 470 5282 triclinis
487 5233 512 5283 ln
528 5233 550 5281 V
567 5237 678 5297 apparet
694 5233 745 5282 huc
763 5246 823 5284 esse
840 5231 985 5295 glossema,
1004 5247 1057 5283 non
1074 5233 1232 5282 couctouibus
1251 5259 1277 5270 -
1297 5235 1336 5285 48.
1355 5234 1526 5285 notiteVbt:
1545 5235 1621 5284 notite

298 5308 381 5359 inclite
397 5322 452 5372 sg;
475 5309 563 5368 uetito,
585 5308 660 5357 sotim
677 5308 697 5357 0
715 5333 742 5344 -
770 5320 842 5357 suum
857 5320 916 5357 suus
931 5320 972 5357 res
987 5307 1010 5355 V
1027 5309 1053 5356 in
1070 5321 1122 5357 ras.
1142 5321 1178 5358 m.
1198 5310 1226 5369 i,
1250 5309 1421 5374 sedentique
1439 5309 1534 5370 habet,
1557 5309 1618 5361 tort.

298 5383 368 5432 dmm
383 5384 487 5432 mimum
503 5395 543 5432 res
558 5395 617 5431 suus
632 5381 679 5431 sibi
694 5381 783 5432 bebere
802 5407 829 5417 ·—
854 5382 893 5431 49.
912 5396 946 5432 ee
963 5383 1090 5432 duodecim
1105 5383 1209 5432 tubulis:
1225 5384 1308 5434 claues
1323 5384 1439 5435 distinxit
1456 5387 1476 5435 0
1494 5412 1521 5422 ·-
1540 5386 1620 5435 clauis

299 5457 361 5518 vb;
380 5459 466 5508 etsuso
482 5460 532 5515 εις
553 5458 742 5507 ctouesudemtt
756 5458 875 5518 sororque
890 5458 972 5521 eoepit
987 5456 1064 5508 ederi
1081 5459 1179 5508 Nonius
1197 5471 1222 5522 p.
1235 5459 1279 5510 tus
1294 5461 1328 5510 u.
1338 5484 1365 5497 -
1385 5462 1425 5512 st.
1443 5476 1500 5511 cum
1516 5475 1570 5513 orn.
1584 5465 1620 5511 at

301 5557 328 5570 -
347 5534 388 5584 22.
407 5539 430 5583 et
445 5536 506 5584 snte
522 5533 578 5584 Aut.
597 5546 650 5583 om.
668 5547 684 5582 a
703 5559 730 5568 -
749 5539 772 5582 st
788 5536 849 5582 ente
866 5545 914 5582 eos.
933 5546 986 5583 om.
1005 5534 1027 5583 V
1047 5560 1074 5570 ·-
1092 5534 1291 5594 iupudteirsimur
1306 5536 1352 5584 Vs
1371 5561 1398 5572 -
1420 5536 1461 5587 23.
1479 5537 1545 5586 tomi
1560 5549 1619 5585 ues-

298 5607 501 5670 quuummv-
521 5615 556 5658 est
572 5609 637 5658 euim
653 5606 724 5658 Vb2:
744 5608 809 5657 euim
826 5612 860 5657 est
876 5620 929 5672 ag;
948 5608 1076 5659 minum.
1089 5607 1134 5661 b¹t
1151 5633 1178 5645 -
1198 5608 1262 5659 aliut
1277 5610 1300 5657 V
1313 5637 1340 5647 -
1358 5608 1399 5660 ti.
1417 5612 1532 5675 puussv
1546 5638 1573 5648 -
1591 5612 1619 5659 iu

299 5696 352 5734 om.
371 5682 521 5734 Lambinus.
541 5709 568 5719 -
587 5684 660 5733 credo
677 5683 813 5745 utiquoudu
829 5684 899 5734 VD:
917 5683 1053 5745 utiquuudn
1069 5687 1142 5734 credo
1158 5686 1223 5736 0-
1239 5685 1280 5735 25.
1298 5684 1331 5749 se]
1348 5687 1390 5735 sed
1402 5685 1426 5734 V
1437 5713 1464 5722 -
1484 5691 1507 5736 et
1523 5688 1583 5750 post
1594 5699 1619 5735 se

299 5770 351 5807 om.
371 5759 392 5808 D
412 5785 439 5794 -
456 5770 593 5819 uumquem
609 5759 674 5807 dicit
689 5759 724 5808 D:
742 5759 870 5820 Numquid
885 5758 916 5820 V,
935 5758 1007 5809 nudo
1022 5758 1154 5810 Muretus:
1173 5760 1295 5824 nmquid
1310 5760 1393 5811 dimi?
1411 5786 1437 5796 -
1456 5762 1498 5811 26.
1516 5761 1618 5823 cmtepn

298 5834 376 5883 metus
392 5833 429 5891 νς
451 5833 546 5897 celime
566 5834 618 5884 siau
634 5836 645 5883 t
662 5830 690 5870 '-
713 5839 769 5885 tuus
785 5848 839 5885 om.
857 5835 879 5883 V
899 5860 925 5869 -
948 5835 1033 5884 uistsi
1049 5834 1135 5885 Vbt:
1153 5837 1295 5901 trisingo.
1319 5836 1359 5888 ct.
1378 5836 1462 5888 itend.
1479 5837 1555 5888 Turs.
1572 5836 1615 5897 iv,

299 5921 325 5972 p.
345 5907 470 5975 ussqq.
490 5908 688 5969 -tusrusm
707 5921 760 5961 um.
779 5922 795 5961 n
815 5909 1338 5973 demutati—iumentum
