3800 7350
305 1205 388 1273 l32l
737 1209 889 1275 ORATIO
909 1206 1136 1274 PHILIPPICA
1157 1206 1225 1272 vil.

305 1380 470 1463 iugularit,
492 1380 568 1463 qnid
590 1380 617 1443 is
640 1379 807 1443 occasione
830 1380 902 1441 data
922 1377 1018 1441 faciet
1038 1378 1188 1441 inimico?
1211 1382 1243 1440 et
1258 1376 1312 1460 qui
1331 1374 1411 1439 illud
1426 1375 1530 1439 animi
1545 1393 1645 1450 cansa

304 1473 430 1547 feccrit,
451 1474 535 1536 hunc
558 1472 692 1556 praedae
714 1492 809 1536 causa
824 1471 900 1554 quid
922 1472 1077 1534 facturum
1097 1471 1238 1553 putatis?
1260 1471 1330 1533 Non
1345 1489 1456 1532 rursus
1471 1468 1645 1553 improbos

306 1566 498 1631 decuriabiti
520 1587 585 1630 non
607 1566 786 1631 sollicitabit
807 1586 917 1629 rursus
939 1566 1103 1649 agrarios?
1125 1585 1190 1628 non
1213 1574 1363 1650 queretur
1385 1563 1568 1646 expulsos?
1600 1564 1644 1626 II.

306 1679 381 1723 vero
404 1661 559 1724 Antonius
587 1681 652 1724 non
680 1660 708 1723 is
734 1660 812 1734 erit,
839 1660 879 1722 ad
906 1680 1002 1743 quem
1024 1658 1109 1721 omni
1136 1666 1224 1722 motu
1247 1678 1420 1722 concursus
1441 1654 1500 1721 fiat
1522 1658 1645 1720 civium

284 1754 520 1836 sperditommt
553 1756 593 1818 Ut
614 1775 706 1820 nemo
728 1756 769 1818 sit
790 1754 871 1817 alius
892 1754 953 1817 nisi
976 1752 1017 1828 ii,
1044 1752 1100 1836 qui
1122 1772 1186 1815 una
1207 1760 1295 1827 sunt,
1325 1759 1357 1815 et
1378 1753 1418 1827 ii,
1450 1752 1510 1835 qui
1532 1751 1590 1815 hic
1613 1750 1644 1814 ei

306 1865 390 1909 nunc
418 1858 526 1931 aperte
552 1849 673 1922 favent,
705 1866 858 1930 parumne
886 1852 978 1909 erunt
1005 1845 1122 1909 multi?
1160 1846 1344 1929 praesertim
1373 1866 1444 1911 cam
1477 1846 1644 1912 bonorum

301 1927 464 2026 ‘praesidia
485 1942 705 2017 discesserint,
726 1941 773 2005 illi
795 1942 896 2024 parati
918 1940 983 2004 sint
1004 1939 1044 2004 ad
1066 1947 1177 2003 nutum
1197 1939 1317 2003 intumi
1337 1939 1405 2023 Ego
1421 1959 1500 2004 vero
1519 1947 1644 2017 metuo,

306 2034 333 2097 si
354 2035 417 2099 hoc
437 2044 578 2121 tempore
601 2036 735 2101 consilio
758 2034 838 2118 lapsi
861 2035 992 2109 erimus,
1021 2054 1061 2097 ne
1083 2033 1131 2096 illi
1152 2033 1240 2097 brevi
1263 2042 1405 2117 tempore
1427 2035 1524 2099 nimis
1548 2030 1644 2098 multi

304 2129 398 2193 nobis
421 2150 491 2195 esse
512 2130 688 2194 videantur.
731 2124 782 2190 l9.
804 2130 869 2192 Nec
897 2147 957 2211 ego
979 2147 1089 2210 pacem
1110 2128 1204 2200 nolo,
1231 2127 1287 2191 sed
1308 2130 1394 2210 pacis
1417 2130 1550 2193 nomine
1573 2127 1644 2192 bel·

268 2223 370 2287 tutum
392 2224 567 2289 involutum
587 2223 769 2288 reformido.
804 2223 908 2300 Quare
924 2224 950 2285 si
973 2241 1050 2306 pace
1065 2221 1126 2284 frui
1141 2221 1303 2296 volumus,
1324 2222 1442 2286 bellum
1457 2223 1642 2306 gerendam

304 2325 367 2380 est:
389 2318 416 2381 si
437 2319 555 2381 bellum
577 2318 765 2393 omittImus,
786 2336 864 2401 pace
887 2335 1059 2400 numquam
1074 2314 1224 2378 fruemur.
1257 2316 1325 2378 vlt.
1339 2316 1396 2380 Est
1415 2324 1523 2381 antem
1540 2316 1640 2380 vestri

305 2411 447 2486 consilii,
469 2420 575 2495 patres
597 2412 786 2494 conscripti,
809 2414 841 2476 in
863 2419 1023 2495 posterum
1046 2428 1141 2491 quam
1163 2407 1344 2491 longissime
1365 2411 1549 2494 providere.
1587 2410 1639 2474 Id·

305 2503 388 2568 circo
415 2505 450 2569 in
470 2506 530 2571 hae
552 2506 694 2571 custodia
717 2514 750 2570 ct
771 2514 929 2590 tamquam
953 2505 1081 2591 specula
1104 2503 1250 2567 collocati
1273 2524 1397 2579 sumus,
1427 2504 1474 2568 uti
1497 2525 1639 2569 vacuum

305 2604 390 2661 metu
422 2601 575 2682 populum
608 2601 783 2664 Romanum
817 2608 925 2663 nostra
958 2600 1066 2683 vigilia
1095 2606 1127 2662 et
1158 2598 1384 2681 prospicientia
1415 2598 1638 2664 redderemus.

269 2698 296 2747 tt
306 2690 410 2774 Turpe
432 2699 481 2755 est
502 2714 624 2757 summo
647 2693 781 2757 oonsilio
803 2694 888 2756 orbis
911 2701 1030 2767 terrae,
1052 2692 1237 2775 praesertim
1258 2692 1292 2752 in
1314 2712 1348 2755 re
1367 2700 1430 2755 tam
1453 2694 1639 2776 perspicua,

305 2786 472 2850 consilium
494 2787 629 2870 intelligi
651 2786 802 2850 defuisse.
835 2785 887 2849 20.
908 2789 972 2850 Eos
995 2786 1143 2849 censuales
1164 2783 1330 2859 babemus,
1353 2805 1423 2848 eam
1444 2786 1561 2869 populi
1576 2787 1640 2850 llo-

306 2881 389 2945 mani
410 2881 620 2956 alacritatem,
642 2900 714 2943 eum
736 2899 924 2944 consensum
950 2880 1078 2954 ltaliae,
1107 2898 1162 2942 sos
1185 2878 1298 2954 duces,
1320 2898 1376 2942 eos
1398 2880 1579 2953 exercitus,
1602 2886 1642 2942 nt

304 2973 423 3038 nullam
447 2975 654 3039 calamitatem
677 2993 726 3037 res
750 2974 877 3057 publica
898 2976 1040 3057 accipere
1062 2974 1165 3057 possit
1178 2974 1248 3036 sino
1263 2973 1355 3057 culpa
1369 2978 1506 3035 senatus.
1535 2974 1642 3055 Equi·

304 3064 375 3128 dem
398 3087 461 3131 non
483 3069 597 3132 deerat
619 3068 772 3142 monebo,
793 3068 990 3150 praedicam,
1014 3067 1224 3140 denuntiabo,
1246 3067 1384 3129 testabor
1405 3084 1534 3149 semper
1556 3065 1641 3130 deos

267 3155 516 3244 solemnesque
538 3162 615 3247 quid
638 3163 790 3238 sentiam,
811 3182 871 3225 nec
892 3161 995 3225 solum
1016 3160 1112 3223 fidem
1134 3179 1252 3234 meam,
1274 3159 1358 3244 quod
1373 3159 1508 3223 fortasse
1524 3160 1642 3224 videa·

303 3255 451 3318 turcatis
474 3275 559 3332 esse,
582 3256 638 3321 ssd
660 3257 693 3319 in
715 3257 859 3339 principe
881 3256 942 3319 citi
964 3277 1028 3319 non
1051 3262 1099 3317 cst
1120 3254 1212 3317 satis:
1242 3272 1365 3329 cunm,
1395 3254 1568 3334 consilium
1591 3255 1642 3319 vi·

304 3346 530 3432 gilantiamque
552 3351 730 3433 praestabo.
1394 3353 1399 3363 '

387 3442 470 3506 VIII.
492 3439 543 3507 Pl.
565 3445 638 3507 Dixi
667 3446 707 3508 de
737 3443 894 3527 periculo:
926 3442 1046 3507 docebo
1077 3463 1118 3506 ne
1148 3443 1359 3525 coagmentari
1381 3445 1511 3527 quidem
1535 3466 1641 3531 posse

304 3554 430 3616 pacem;
453 3537 492 3601 dc
515 3538 615 3602 tribus
639 3539 741 3614 enim,
763 3556 846 3622 quas
865 3538 1034 3620 proposui,
1055 3537 1117 3600 boc
1133 3543 1307 3600 extremum
1322 3544 1379 3600 est.
1413 3537 1502 3613 Quae
1526 3549 1642 3625 potest

265 3638 367 3711 sopax
388 3649 458 3694 esse
479 3632 521 3694 ld.
536 3631 675 3695 Antonio
697 3632 833 3716 primum
856 3651 927 3695 cum
949 3633 1084 3696 senatui
1107 3651 1171 3717 qno
1194 3650 1249 3695 ors
1263 3649 1320 3694 sos
1334 3630 1389 3695 ille
1403 3635 1539 3715 poterit,
1565 3636 1642 3720 qui·

302 3722 361 3785 bus
390 3725 530 3788 vicissim
557 3745 613 3789 vos
643 3726 731 3789 illum
763 3726 863 3789 oculis
890 3725 1028 3788 intuerit
1058 3726 1129 3809 quis
1156 3733 1294 3788 vestrum
1323 3723 1429 3800 illum,
1456 3748 1556 3810 quem
1579 3729 1641 3793 ille

303 3824 442 3880 vestrum
463 3838 528 3881 non
551 3818 677 3882 oderit?
698 3820 779 3903 Age,
800 3839 858 3882 vos
880 3819 933 3882 ille
956 3819 1076 3893 solum,
1100 3828 1132 3882 et
1154 3840 1208 3883 vos
1230 3819 1350 3882 illumi·
1374 3819 1482 3895 Quint
1511 3821 1555 3899 Ii,
1579 3823 1640 3905 qui

301 3911 452 3975 Mutinam
474 3911 722 3987 circumsedent,
745 3913 799 3995 qui
820 3912 854 3975 in
870 3911 970 3975 Gallia
993 3913 1126 3975 dilectus
1148 3913 1282 3986 habent,
1305 3913 1360 3995 qui
1382 3913 1416 3975 in
1432 3923 1555 3980 vestras
1569 3915 1641 3980 lor-

302 4009 394 4067 tunas
423 4005 603 4080 imminent,
633 4006 726 4069 amici
754 4026 904 4089 nmquam
927 4005 1017 4069 vobIs
1047 4012 1140 4068 erunt
1161 4014 1216 4069 aut
1236 4026 1293 4068 vos
1313 4006 1402 4068 ittist
1432 4009 1481 4069 An
1504 4009 1640 4092 equites

264 4097 460 4161 ³aRomanos
481 4100 713 4182 amplectetur?
736 4098 858 4164 occulta
881 4100 965 4162 enim
987 4099 1048 4162 tuit
1065 4120 1175 4162 eorum
1190 4100 1334 4163 voluntas
1356 4099 1577 4184 iudiciumque
1592 4103 1639 4166 de

301 4192 450 4253 Antonio.
488 4193 550 4269 Qui
577 4194 829 4278 frequentissimi
852 4194 885 4255 in
907 4193 1057 4277 gradibus
1082 4193 1275 4256 Concordiae
1298 4201 1467 4269 steterunt,
1492 4197 1638 4278 quinos

367 4473 391 4520 t.
412 4472 542 4535 iuputarot
558 4472 580 4521 D
599 4497 625 4506 -
651 4472 673 4520 is
689 4473 819 4523 Faernus:
842 4472 864 4522 si
880 4474 902 4523 V
918 4472 962 4534 (cl.
982 4472 1016 4522 ad
1033 4474 1102 4533 VIII,
1121 4473 1136 4535 5
1154 4474 1191 4534 t);
1213 4473 1253 4521 bic
1268 4474 1320 4523 ΒΟ
1346 4500 1374 4509 -
1398 4476 1545 4527 cesserim
1562 4477 1585 4526 V
1604 4504 1635 4514 -

301 4545 326 4594 Ξ.
344 4545 429 4607 {uerit
449 4548 473 4595 b.
495 4561 536 4609 pr.
554 4560 632 4596 causa
654 4559 708 4597 om.
728 4548 749 4597 D
769 4576 796 4585 -
820 4562 871 4597 uou
892 4561 995 4596 rursum
1017 4547 1093 4608 ng
1115 4572 1142 4583 -
1167 4547 1191 4596 3.
1210 4547 1390 4597 sollicitauitV
1415 4574 1440 4586 -
1467 4557 1588 4612 queretur
1606 4557 1636 4603 t:

301 4627 436 4679 quaeretur
452 4620 526 4680 Vb¹;
545 4626 629 4684 queret
645 4636 673 4679 a;
694 4629 795 4684 quaeret
811 4622 841 4672 bs
851 4624 911 4685 gO;
930 4628 1033 4684 quaeret
1048 4622 1109 4671 urbe
1125 4623 1238 4685 ecpubos
1255 4623 1323 4673 cont.
1335 4623 1463 4674 Muretus.
1479 4651 1505 4660 -
1524 4628 1563 4676 Μ.
1575 4641 1636 4678 om.

301 4693 377 4739 V¹-
398 4695 1635 4761 bubb-atquemV;atq;t-usotrit-flatV:sit..ltt;sitabg-5.iiV:

299 4769 337 4818 iiii
353 4770 404 4819 ΒΟ
423 4795 450 4805 -
469 4775 492 4819 et
508 4771 527 4818 ii
543 4771 579 4819 V:
599 4776 621 4820 et
637 4770 663 4819 bi
679 4771 730 4821 ΒΟ
750 4798 777 4807 -
801 4772 825 4821 6.
843 4770 927 4834 labent
943 4771 966 4819 V
985 4797 1012 4806 -
1037 4771 1101 4835 cum]
1120 4772 1141 4820 si
1158 4774 1168 4821 t
1185 4797 1212 4806 -
1232 4773 1256 4821 7.
1272 4774 1402 4834 praesidia
1418 4775 1575 4828 discesserint
1592 4781 1634 4830 V:

297 4843 430 4905 praesidiis
445 4844 560 4894 ceumut
576 4845 597 4894 D
618 4869 645 4878 -
663 4849 719 4893 suut
735 4856 751 4892 a
769 4870 796 4879 -
817 4845 841 4894 8.
859 4845 956 4894 couuiii
966 4845 998 4904 V,
1017 4844 1089 4906 quod
1106 4844 1225 4895 defendit
1241 4838 1377 4905 Garatoni;
1395 4848 1455 4899 tort.
1473 4853 1584 4903 maeuii
1602 4880 1632 4891 -

300 4920 340 4968 to.
353 4920 493 4969 inuolutum
503 4920 538 4969 D:
557 4919 702 4968 uouoltuum
714 4919 744 4980 V,
760 4919 831 4970 unde
843 4921 961 4970 llurstus
973 4918 1125 4979 obuolutum,
1138 4923 1168 4968 ut
1179 4919 1243 4970 Phil.
1254 4921 1285 4981 ll,
1298 4921 1362 4985 577.
1381 4923 1420 4973 Cl.
1431 4926 1521 4976 umen
1534 4926 1634 4992 fragm.

299 4994 370 5059 apud
383 4996 493 5046 Nonium
505 5008 531 5060 p.
543 4994 589 5045 328
602 5007 634 5045 er
648 4992 702 5045 Cic.
716 5008 759 5060 ep.
773 4995 807 5045 ad
820 4995 896 5045 Caes.
910 4995 963 5045 iun.
978 4992 1022 5044 lib.
1036 4995 1060 5043 l:
1079 4995 1121 5043 sed
1132 4996 1198 5056 quod
1213 4995 1322 5046 ueueu
1338 4998 1437 5048 eurise
1449 5002 1524 5061 pacis
1541 5001 1636 5054 udum

298 5069 436 5120 inuolutum
451 5070 514 5132 fore.
536 5096 562 5105 -
579 5070 720 5133 qenmdum
736 5082 752 5120 a
771 5095 798 5105 —
817 5070 858 5121 tt.
878 5069 1013 5119 emittimus
1030 5069 1068 5116 V:
1084 5069 1222 5119 amuteuus
1238 5071 1260 5120 D
1278 5095 1306 5106 -
1323 5066 1387 5132 paci
1405 5072 1428 5119 V
1446 5099 1473 5109 -
1492 5077 1572 5125 uestri
1589 5074 1632 5128 V¹:

298 5147 389 5195 ueteris
404 5141 468 5196 V²D
487 5170 513 5180 -
535 5146 574 5196 ⁴3.
592 5146 710 5195 custodiet
726 5146 771 5205 V¹;
794 5150 818 5195 et
835 5156 890 5194 om.
907 5145 929 5194 D
949 5170 976 5179 -
995 5145 1022 5194 iu
1038 5145 1138 5206 specula
1154 5145 1176 5194 D
1196 5171 1222 5180 -
1241 5145 1363 5195 couiocati
1379 5145 1401 5194 V
1418 5172 1446 5182 -
1464 5153 1493 5196 ut
1508 5154 1635 5212 tuaquom

300 5220 341 5282 (er
357 5221 394 5270 uti
410 5219 575 5281 uacuom)V;
593 5225 697 5269 utacum
713 5221 738 5276 ις
756 5225 784 5269 ut
799 5232 909 5270 uacuum
925 5217 1024 5281 ehgo
1038 5243 1065 5255 -
1086 5218 1126 5271 tt.
1143 5220 1321 5282 prospicientia
1337 5220 1400 5269 Vb:
1416 5223 1631 5287 prospiciendam

296 5297 456 5358 prouidentia
473 5309 514 5359 ag
533 5320 559 5330 -
581 5296 618 5345 ts.
634 5307 772 5356 perspeeua
789 5293 821 5343 V¹
839 5321 866 5331 -
887 5296 927 5347 ts.
945 5295 1053 5359 iuteiieqi
1069 5295 1131 5344 Vb:
1153 5295 1306 5359 iutelleqeudi
1322 5299 1384 5360 agt
1403 5321 1430 5332 -
1450 5297 1490 5348 tt.
1508 5299 1589 5361 reip.
1609 5300 1634 5348 V

299 5384 315 5418 a
334 5397 361 5408 -
382 5371 421 5420 49.
437 5370 557 5433 praedica
574 5372 597 5429 t;
613 5369 766 5432 praedicabo
783 5369 851 5434 abg
870 5397 896 5408 -
916 5376 940 5421 et
957 5370 1065 5420 testabar
1081 5370 1145 5420 D-
1164 5372 1204 5420 20.
1223 5385 1274 5420 oce
1290 5372 1369 5421 solum
1385 5385 1400 5422 a
1420 5401 1447 5409 -
1465 5373 1586 5423 uideatur
1598 5375 1630 5423 V:

299 5445 398 5493 uidetur
414 5445 435 5493 D
454 5445 523 5506 (satis
538 5444 590 5493 uid.
609 5448 632 5506 a)
652 5470 679 5479 -
705 5445 744 5493 st.
762 5446 814 5494 ciui
829 5446 852 5493 V
869 5447 895 5495 et
912 5446 1061 5496 Priscianus
1078 5447 1133 5509 (qui
1151 5445 1232 5496 habet
1248 5447 1307 5508 Vll,
1327 5448 1372 5509 ⁴3,
1391 5448 1423 5497 68
1439 5448 1628 5512 sed--saiistr

298 5520 353 5568 ciue
369 5520 390 5568 D
407 5545 434 5554 -
452 5520 686 5583 uiqiliautiaruquae
697 5519 719 5568 V
732 5543 759 5555 -
779 5520 819 5570 23.
834 5522 988 5570 caementati
999 5521 1029 5582 V,
1049 5535 1130 5584 quam
1146 5523 1305 5587 scripturam
1317 5536 1409 5573 veram
1426 5535 1486 5574 esse
1504 5524 1633 5577 indicavit

300 5595 430 5654 blaretns,
452 5594 566 5645 verbum
583 5593 617 5643 ab
634 5600 732 5644 amento
749 5595 880 5646 derivans.
900 5621 928 5631 -
955 5596 1015 5656 quid
1032 5598 1043 5644 t
1061 5624 1087 5633 -
1111 5595 1151 5647 il.
1171 5611 1236 5660 quae
1253 5610 1306 5647 om.
1324 5597 1342 5647 b
1362 5624 1388 5632 -
1409 5598 1449 5647 25.
1467 5611 1517 5648 esse
1531 5602 1630 5661 puel)

301 5695 328 5704 -
347 5684 434 5720 marco
451 5671 538 5721 autoui
553 5669 576 5718 V
594 5696 621 5705 -
640 5683 685 5720 aas
701 5670 742 5720 ilie
757 5671 792 5719 V:
810 5660 852 5721 ilie
866 5684 912 5720 uos
928 5669 1036 5730 abt0;
1055 5671 1096 5719 ille
1112 5685 1157 5720 uos
1173 5672 1267 5733 alloqui
1283 5686 1299 5735 g
1317 5699 1343 5708 -
1363 5674 1631 5725 adscisceretur»

302 5743 368 5789 V·
387 5744 428 5793 27.
447 5744 547 5795 iilerm
564 5746 625 5795 D—
645 5746 744 5795 murem
759 5744 792 5805 b;
810 5746 876 5796 solius
891 5746 1047 5809 Naugerius.
1063 5771 1090 5780 -
1109 5746 1143 5794 tit
1160 5744 1194 5801 b;
1212 5747 1238 5795 bi
1254 5760 1295 5810 ag
1313 5773 1339 5782 -
1359 5760 1406 5808 que
1422 5748 1492 5796 V¹-
1514 5749 1556 5799 28.
1574 5750 1631 5799 tir-

301 5819 436 5868 cumsideut
451 5831 468 5881 g
483 5846 517 5857 -
532 5820 611 5883 pallia
628 5820 729 5870 dilectus
745 5819 778 5869 b:
796 5820 857 5884 poili
873 5821 983 5870 adiectus
994 5821 1028 5877 V;
1047 5819 1153 5883 palliam
1169 5822 1270 5871 auectus
1287 5821 1340 5884 (del.
1359 5823 1384 5884 g)
1402 5825 1463 5886 agl
1480 5847 1507 5858 -
1526 5822 1568 5873 29.
1581 5829 1630 5875 aut

300 5890 376 5952 csV3
394 5892 577 5946 cosamb-
596 5895 899 5958 ac.oeptuuuuee-
917 5896 1066 5947 uolumen
1082 5909 1139 5960 g-
1158 5896 1242 5949 3t.de
1259 5897 1447 5949 ,uaetmtob
1463 5924 1489 5934 -
1506 5898 1629 5963 mues—
