3800 7350
307 1188 372 1254 792
683 1184 834 1251 ORATIO
857 1184 935 1250 PRO
957 1182 1109 1249 ARCHIA
1130 1182 1264 1248 POETA

306 1358 445 1425 dandum
476 1359 605 1443 puteml
637 1356 742 1440 Atque
772 1356 818 1418 sie
838 1374 858 1419 a
879 1355 1010 1419 summis
1031 1354 1215 1417 bominibus
1238 1353 1523 1439 eruditissimisque
1544 1374 1635 1420 acee-

304 1454 424 1539 pimus,
447 1460 620 1515 ceterarum
640 1469 746 1513 rerum
769 1448 872 1513 studia
894 1457 927 1513 et
940 1447 1084 1512 doctrina
1100 1455 1132 1512 et
1153 1449 1329 1531 praeceptis
1344 1456 1376 1511 et
1393 1454 1460 1511 arte
1475 1455 1633 1526 constare,
1753 1460 1755 1464 ’

304 1553 431 1630 politam
453 1553 562 1610 natura
583 1544 654 1627 ipsa
673 1543 778 1607 valere
800 1549 832 1605 ct
853 1543 967 1606 mentis
982 1541 1101 1606 viribus
1123 1542 1255 1606 excitari
1276 1549 1308 1604 et
1322 1542 1413 1625 quasi
1428 1541 1536 1607 divino
1551 1563 1633 1627 quo-

305 1640 377 1704 dam
404 1639 515 1724 spiritu
543 1634 654 1700 inflari.
696 1636 802 1712 Quare
825 1656 882 1699 suo
903 1637 971 1699 iure
992 1641 1102 1699 noster
1122 1634 1179 1699 ille
1201 1636 1322 1699 Ennius
1344 1644 1469 1701 sanctos
1491 1636 1634 1719 appellat

281 1739 429 1818 spolitas,
453 1731 538 1814 quod
561 1730 651 1814 quasi
672 1728 805 1793 deorum
826 1729 934 1812 aliquo
960 1727 1044 1791 dono
1070 1736 1166 1813 atque
1189 1748 1319 1793 munere
1340 1729 1552 1794 commendati
1573 1749 1633 1793 no·

303 1827 353 1889 bis
374 1846 444 1905 esse
465 1824 642 1888 videantur.
685 1818 736 1885 49.
752 1822 800 1886 Sit
820 1822 933 1905 igitur,
955 1822 1095 1897 iudices,
1117 1830 1259 1886 sanctum
1274 1822 1360 1908 apud
1374 1842 1447 1899 vos,
1468 1823 1632 1888 humanis·

304 1921 400 1984 simos
421 1918 576 1991 bomines,
597 1917 658 1981 boc
677 1922 791 1999 poetae
809 1935 936 1990 nomen,
958 1914 1043 1999 quod
1065 1915 1155 1979 nulla
1168 1935 1319 2000 nmquam
1334 1916 1478 1982 barbaria
1492 1917 1633 1982 violavit.

304 2014 388 2077 Saxa
408 2020 440 2076 et
455 2010 645 2075 solitudines
658 2010 728 2074 voci
742 2009 955 2094 respondent,
976 2008 1096 2073 bestiae
1111 2028 1205 2093 saepe
1221 2009 1377 2074 immanes
1391 2017 1486 2073 cantu
1500 2010 1633 2073 flectun-

303 2116 355 2173 tur
375 2114 472 2192 atque
494 2105 686 2169 consistunt:
708 2125 767 2168 nos
789 2104 921 2167 instituti
941 2103 1037 2166 rebus
1052 2103 1177 2185 optimis
1201 2122 1267 2166 non
1288 2110 1451 2186 poetarum
1466 2123 1545 2167 voce
1565 2124 1633 2167 mo-

268 2205 458 2267 soveamurl
490 2198 662 2262 Homerum
685 2196 874 2280 Colophonii
896 2196 998 2261 civem
1021 2215 1090 2261 esse
1114 2195 1222 2259 dicunt
1237 2216 1346 2271 suum,
1370 2196 1439 2261 Cbii
1455 2218 1549 2262 snum
1562 2198 1633 2263 rin·

303 2294 425 2367 dicant,
449 2292 613 2355 Salaminii
633 2299 796 2375 repetunt,
820 2290 983 2374 Smyrnaei
1005 2310 1081 2355 vero
1105 2310 1196 2353 suum
1213 2310 1283 2354 esse
1298 2290 1499 2368 confirmant,
1521 2292 1632 2377 itaque

304 2387 398 2452 etiam
420 2384 586 2448 delubrum
608 2386 677 2448 eius
696 2386 729 2447 in
744 2383 862 2468 oppido
878 2384 1123 2458 dedicaverunt;
1146 2384 1294 2467 permulti
1310 2384 1364 2447 alii
1387 2393 1552 2468 praeterea
1572 2405 1632 2469 pu·

303 2488 401 2565 gnant
420 2480 502 2543 inter
524 2498 557 2542 se
578 2487 674 2563 atque
696 2476 899 2542 contendunt.
942 2478 1001 2539 lx.
1022 2478 1106 2558 Ergo
1123 2476 1169 2539 iili
1184 2476 1342 2552 alionum,
1365 2478 1440 2563 quia
1454 2486 1547 2562 poeta
1560 2480 1631 2555 fuit,

303 2581 526 2656 postmortem
548 2573 640 2635 etiam
663 2569 833 2655 expetunt:
855 2589 916 2633 nos
936 2570 1022 2633 bunc
1043 2571 1165 2644 vivum,
1188 2570 1242 2652 qui
1266 2579 1298 2634 et
1317 2571 1480 2636 voluntate
1502 2580 1534 2637 et
1554 2575 1633 2657 legi·
1750 2594 1752 2598 ·

268 2669 362 2733 esbus
384 2674 492 2730 noster
512 2671 574 2739 est,
595 2665 853 2746 repudiabimus?
876 2664 1062 2747 praesertim
1084 2684 1155 2728 cum
1179 2683 1273 2728 omne
1289 2664 1365 2728 olim
1381 2667 1521 2731 studium
1535 2673 1633 2751 atque

304 2780 398 2825 omne
418 2760 578 2842 ingenium
601 2758 770 2822 contulerit
789 2758 919 2822 Archias
941 2757 980 2820 ad
1003 2757 1112 2841 populi
1131 2759 1265 2822 Romani
1287 2758 1419 2841 gloriam
1440 2760 1632 2844 laudemque

304 2852 532 2917 celebrandam.
563 2852 642 2913 Nam
665 2857 696 2913 et
719 2849 889 2915 Cimbricas
910 2871 961 2914 rer
984 2850 1168 2915 adolescens
1190 2853 1293 2934 attigit
1315 2859 1347 2916 et
1368 2852 1431 2935 ipsi
1453 2855 1501 2917 illi
1517 2855 1550 2919 C.
1565 2854 1632 2917 bia·

303 2948 369 3021 rio,
391 2947 446 3029 qui
468 2943 577 3007 durior
597 2944 637 3007 ad
659 2945 738 3007 baec
760 2945 864 3008 studia
877 2945 1058 3019 videbatur,
1079 2945 1237 3009 iucundus
1250 2945 1320 3009 fuit.
1351 2943 1403 3008 20.
1418 2949 1530 3032 Neque
1545 2948 1632 3012 enim

304 3039 472 3124 quisquam
494 3045 543 3101 est
563 3045 626 3101 tam
648 3057 776 3102 aversus
798 3058 816 3101 a
838 3039 957 3113 Musis,
979 3038 1035 3121 qui
1058 3058 1121 3101 non
1144 3040 1285 3103 mandari
1302 3040 1446 3105 versibus
1467 3050 1631 3108 aeternum

266 3152 432 3203 sosuomm
454 3132 595 3196 laborum
617 3132 710 3196 facile
732 3133 934 3215 praeconium
956 3132 1103 3216 patiatur.
1140 3132 1384 3196 Themistoclem
1404 3134 1513 3211 illum,
1546 3156 1632 3199 sum·

302 3247 389 3290 mum
409 3226 543 3289 Athenis
563 3227 682 3299 virum,
704 3226 823 3290 dixisse
845 3226 948 3297 aiunt,
970 3245 1041 3287 cum
1063 3244 1104 3288 ex
1126 3245 1164 3289 eo
1188 3234 1412 3311 quaereretur,
1435 3229 1521 3313 quod
1542 3249 1632 3295 acro-

302 3340 372 3384 ama
393 3328 448 3383 aut
470 3320 559 3382 cuius
573 3339 683 3382 vocem
701 3319 908 3382 libentissime
923 3319 1064 3383 audiret:
1086 3320 1169 3394 eius,
1192 3340 1290 3403 aquo
1312 3340 1370 3384 sua
1390 3321 1489 3386 virtus
1510 3325 1631 3409 optime

300 3414 544 3498 praedicaretur.
585 3413 694 3497 ltaque
716 3413 771 3475 ille
794 3412 910 3477 Marius
932 3412 1008 3475 item
1029 3412 1146 3475 eximie
1168 3414 1203 3474 L.
1227 3413 1366 3477 Plotium
1387 3415 1518 3491 dilexit,
1540 3417 1631 3482 cuius

302 3509 429 3592 ingenio
459 3505 590 3589 putabat
618 3526 671 3582 ea,
700 3526 783 3590 quae
811 3513 966 3588 gesserat,
995 3525 1090 3589 posse
1112 3506 1274 3570 celebrari.
1311 3503 1363 3570 il.
1385 3508 1631 3574 Mithridaticum

263 3618 377 3672 severo
398 3601 534 3677 bellum,
556 3620 703 3685 magnum
725 3608 821 3684 atque
843 3599 972 3662 difficile
994 3607 1027 3662 et
1047 3600 1080 3663 in
1102 3601 1200 3664 multa
1214 3601 1364 3665 varietate
1385 3607 1469 3666 terra
1488 3604 1631 3687 marique

302 3710 475 3770 versatum,
496 3702 597 3760 totum
619 3697 658 3760 ab
679 3696 741 3759 boc
760 3716 945 3778 expressum
963 3701 1030 3757 est:
1053 3695 1109 3778 qui
1122 3694 1195 3757 libri
1210 3715 1275 3758 non
1291 3695 1386 3759 modo
1401 3696 1438 3758 L.
1454 3696 1630 3772 Lucullum,

300 3789 506 3853 fortissimum
535 3796 568 3852 et
593 3789 802 3852 clarissimum
823 3790 943 3863 virum,
973 3808 1081 3851 rerum
1109 3788 1204 3852 etiam
1225 3789 1337 3872 populi
1358 3790 1492 3853 Romani
1512 3810 1632 3854 nomen
1751 3837 1753 3841 ,

300 3882 469 3946 illustrant
501 3882 641 3965 Populus
662 3882 746 3945 enim
769 3884 927 3946 Romanus
949 3881 1075 3965 aperuit
1092 3882 1225 3946 Lucullo
1243 3882 1418 3965 imperanto
1432 3883 1577 3958 Pontum,
1599 3890 1631 3947 et

301 3975 396 4057 regiis
419 3975 577 4059 quondam
600 3975 716 4058 opibus
739 3983 771 4039 et
792 3976 862 4060 ipsa
882 3982 995 4039 natura
1016 3976 1155 4058 regionis
1176 3976 1343 4052 vallatum3
1365 3975 1477 4060 populi
1497 3977 1632 4040 Romani

264 4069 459 4138 mexercitus
482 4068 595 4132 eodem
617 4068 697 4133 duce
719 4089 785 4133 non
807 4070 945 4132 maxima
963 4090 1058 4132 mann
1079 4069 1325 4133 innumerabiles
1339 4069 1562 4134 Armeniorum
1576 4089 1631 4134 co·

301 4163 369 4244 pias
397 4160 496 4236 iudit3
528 4161 640 4246 populi
670 4163 801 4226 Romani
831 4164 899 4227 laus
928 4171 992 4236 est,
1022 4163 1131 4227 urbem
1161 4163 1380 4226 amicissimam
1403 4163 1629 4247 Cyzicenorum

301 4256 442 4333 eiusdem
465 4256 598 4319 consilio
621 4257 770 4319 exomni
792 4257 911 4340 impetu
934 4257 1022 4339 regio
1044 4263 1141 4340 atque
1161 4257 1259 4319 totius
1273 4256 1350 4319 belli
1364 4276 1419 4320 ore
1433 4256 1630 4321 aciaucibus

301 4358 441 4433 ereptam
464 4369 533 4413 esse
556 4358 650 4435 atque
673 4358 846 4426 servatam;
868 4358 977 4414 nostra
1000 4370 1125 4432 semper
1146 4349 1267 4413 feretur
1280 4357 1314 4414 et
1327 4350 1572 4433 praedicabitur,
1593 4350 1630 4412 L.

300 4445 433 4508 Lucullo
463 4445 647 4518 dimicante,
676 4464 747 4508 cum
778 4444 951 4508 interiectis
980 4442 1112 4511 ducibus
1135 4443 1283 4525 depressa
1303 4443 1443 4507 bostium
1465 4443 1576 4508 classis
1598 4451 1631 4508 et

264 4539 495 4608 asincredibilis
516 4537 599 4621 apud
621 4537 786 4603 Tenedum
810 4558 914 4622 pugna
936 4537 992 4600 illa
1013 4537 1151 4612 navalis;
1179 4544 1286 4602 nostra
1308 4546 1382 4602 sunt
1402 4546 1549 4623 tropaea,
1572 4558 1631 4603 no·

367 4827 565 4891 LAtqchE:
584 4826 755 4887 AtquiALO
775 4853 800 4862 -
820 4826 981 4892 LemuriL
1002 4854 1028 4864 —
1048 4828 1297 4880 5.uolisom.P-
1318 4829 1553 4882 buticularii·
1572 4844 1631 4883 sus·

301 4902 376 4968 cmm]
393 4903 527 4952 secuudum
543 4903 562 4952 E
581 4929 608 4938 -
628 4901 650 4952 8.
671 4903 745 4953 Sacc
761 4907 836 4964 utque
851 4904 994 4953 solitudines
1009 4905 1064 4954 uoci
1074 4930 1112 4942 --
1123 4905 1258 4954 consuunt
1273 4903 1357 4954 habet
1373 4904 1547 4966 Quintilianus
1561 4908 1583 4958 1.
1599 4906 1628 4958 0.

253 5014 267 5029 .
300 4978 368 5038 Vlll,
388 4977 416 5039 3,
434 4978 475 5027 ts.
493 4977 540 5037 lli,
553 4976 581 5036 4,
594 4975 640 5037 ll,
658 4977 732 5028 sma
748 4983 824 5040 utque
839 4980 981 5030 solitudines
996 4981 1051 5030 coci
1066 4981 1214 5042 respondent
1230 4979 1302 5031 idem
1313 4981 1361 5041 xl,
1375 4981 1400 5043 l,
1412 4979 1453 5031 34.
1473 4979 1503 5042 3,
1516 4979 1558 5032 si.
1571 4982 1628 5034 tor.

302 5079 329 5089 -
347 5066 408 5103 uoce
424 5053 473 5102 GE
490 5053 552 5116 (uoci
568 5054 621 5102 lom
638 5055 666 5115 Α)
687 5081 714 5091 -
738 5054 778 5103 lli.
798 5054 850 5105 Chii
866 5060 895 5104 ut
910 5068 984 5104 suum
999 5056 1019 5105 L
1037 5081 1064 5089 -
1087 5056 1216 5106 uindicaui
1232 5055 1327 5106 GEA:
1353 5056 1487 5106 umescunt
1503 5068 1567 5107 cum
1583 5057 1628 5108 ed.

300 5130 401 5179 luutlna
414 5128 462 5178 LO
476 5155 502 5164 -
522 5130 562 5179 ll.
574 5129 745 5186 smimiiGE3
764 5128 906 5190 Smymiid
921 5156 947 5165 -
968 5131 1007 5180 ⁴2.
1021 5130 1116 5195 eiuslsi
1133 5133 1152 5182 L
1167 5159 1194 5168 -
1215 5131 1254 5183 44.
1268 5132 1312 5194 qui
1323 5129 1354 5196 et]
1372 5137 1396 5182 ct
1412 5132 1456 5195 qul
1472 5131 1581 5183 GEAL
1599 5159 1626 5169 -

301 5205 341 5254 45.
358 5202 543 5265 repudiabimus
560 5204 602 5254 ed.
621 5203 728 5254 Aldina:
746 5205 909 5266 repudiamus
924 5206 1042 5256 GBAO.
1067 5206 1105 5257 Cl.
1125 5206 1140 5270 S
1158 5207 1189 5256 47
1206 5207 1233 5256 et
1248 5206 1289 5257 22.
1310 5233 1337 5244 -
1364 5205 1405 5256 48.
1422 5207 1544 5257 iucundus
1559 5209 1579 5258 G
1599 5234 1627 5247 ·-

302 5279 341 5329 49.
360 5280 462 5342 quisque
478 5280 498 5330 Ε
517 5305 545 5316 -
567 5280 788 5342 repraesentem
808 5280 883 5343 focile
899 5293 960 5330 cum
978 5280 1021 5331 ed.
1041 5281 1140 5331 lunlinu
1157 5282 1177 5330 L
1196 5307 1222 5317 —
1249 5281 1290 5331 2⁴.
1309 5281 1375 5344 quod
1396 5282 1527 5345 emesam]
1542 5283 1631 5345 qualis

300 5354 416 5403 connisa
432 5353 498 5415 quood
514 5366 636 5404 woumu
651 5354 672 5405 E
686 5381 713 5391 -
732 5355 773 5404 33.
791 5356 870 5420 ossius]
887 5356 999 5405 cuiuisE
1013 5381 1040 5390 -·
1058 5356 1099 5406 23.
1112 5357 1212 5406 Malim
1226 5356 1267 5406 itis
1282 5357 1342 5406 44444
1352 5357 1385 5416 L;
1403 5356 1555 5409 4444444444
1565 5358 1628 5422 (om.
1651 5361 1653 5364 '

299 5429 365 5489 ileu)
378 5430 408 5487 Ρ;
431 5428 472 5477 ills
487 5429 551 5479 idem
568 5427 665 5492 (deleto
683 5429 797 5492 nomine)
815 5431 910 5482 Belius
928 5431 1008 5481 Sciol.
1026 5431 1148 5493 Hupomu.
1167 5431 1209 5482 lv.
1227 5445 1254 5497 p.
1274 5431 1321 5483 439
1339 5434 1366 5482 et
1382 5431 1440 5483 496.
1460 5432 1558 5496 (masur
1579 5447 1628 5499 pm
1690 5426 1693 5433 '

300 5503 398 5552 mosius
412 5502 440 5564 E)
468 5528 495 5538 -
521 5503 566 5552 illc
583 5504 638 5565 (sic)
660 5505 759 5554 Murius
780 5506 846 5554 idem
870 5507 978 5556 mutius
997 5506 1025 5556 L.
1045 5506 1155 5557 Clodium
1172 5507 1293 5557 dilsaits
1317 5532 1345 5543 -
1373 5507 1401 5558 L.
1418 5507 1579 5559 PlautisunL
1598 5536 1626 5546 -

299 5577 340 5628 93.
359 5579 427 5627 mari
444 5583 561 5638 terreque
577 5579 597 5628 G
616 5607 643 5615 -
665 5580 706 5631 48.
725 5580 896 5631 iuluuruuli}
916 5609 942 5618 —
961 5580 1049 5631 llalim
1066 5581 1094 5631 L.
1113 5582 1224 5632 Lucullo.
1249 5581 1288 5632 Ci.
1305 5594 1332 5632 v.
1352 5581 1393 5634 33.
1413 5608 1441 5619 -
1461 5581 1501 5635 39.
1520 5589 1630 5636 uatum

299 5653 401 5716 regions
417 5653 507 5714 GEP;
525 5658 622 5703 nutura
637 5659 661 5702 el
676 5655 777 5718 rupious
793 5657 997 5714 Mommsenins;
1016 5660 1111 5705 uatum
1126 5657 1224 5720 egregie
1239 5656 1361 5706 Benecke
1379 5655 1438 5708 coll.
1458 5657 1535 5710 Caes.
1553 5659 1583 5711 B.
1596 5661 1627 5712 G.

300 5727 336 5784 ll,
353 5727 394 5777 39.
415 5753 442 5764 -
461 5728 502 5778 30.
521 5727 708 5778 innumerabilis
724 5732 744 5780 G
763 5757 789 5766 -
814 5730 854 5781 34.
872 5731 1038 5780 cisicemrum
1054 5730 1132 5779 GEs
1152 5755 1179 5765 -
1201 5731 1241 5780 33.
1265 5735 1341 5792 atquc
1361 5731 1435 5782 laticis
1450 5733 1516 5803 Gli:
1541 5746 1572 5784 cc
1587 5737 1628 5784 to·

300 5801 358 5925 stup)
370 5802 448 5887 LLO
476 5828 503 5840 -
530 5801 571 5854 33.
589 5808 763 5856 scommatum
783 5818 845 5856 eum
863 5804 905 5856 ed.
923 5804 1073 5855 Victoriana
1090 5804 1110 5854 L
1132 5830 1159 5840 -
1184 5803 1224 5856 34.
1243 5805 1329 5855 classis
1343 5810 1391 5868 est,
1410 5805 1561 5861 mollitiis
1576 5809 1628 5860 us-

302 5887 330 5927 ca
360 5888 426 5929 orus.
