3800 7350
307 1192 391 1259 4430
700 1205 851 1270 onsrto
871 1205 950 1270 PRO
974 1206 1035 1270 CN.
1056 1204 1229 1270 nmero

306 1369 367 1431 erit
387 1373 540 1434 maximae
561 1373 700 1454 gloriae?
722 1396 833 1458 quem,
856 1384 890 1437 ut
911 1383 1002 1457 potes
1024 1395 1065 1436 ex
1080 1375 1186 1437 multis
1200 1374 1326 1447 audire,
1348 1375 1404 1458 qui
1426 1384 1492 1437 tum
1517 1373 1639 1436 adiue-

305 1470 395 1536 runt,
423 1472 545 1527 constat
573 1467 769 1531 invitissimis
795 1469 867 1531 viris
894 1469 987 1531 bonis
1015 1469 1167 1542 cessisse,
1194 1489 1252 1531 nee
1273 1468 1370 1531 luisse
1391 1469 1526 1530 dubium
1551 1465 1637 1550 quin

305 1556 509 1620 contentione
536 1566 569 1621 et
595 1561 691 1622 armis
718 1563 861 1643 superior
887 1570 996 1644 posset
1024 1584 1105 1625 esse.
1143 1564 1226 1644 Ergo
1247 1562 1302 1624 ille
1323 1582 1394 1624 cum
1416 1582 1530 1634 suum,
1564 1577 1636 1621 non

305 1666 376 1708 curn
406 1659 536 1714 senatus
567 1652 682 1717 lactum
716 1654 913 1729 detenderet,
946 1676 1017 1717 eum
1047 1656 1310 1737 perseverantiam
1338 1655 1517 1718 sententiae
1539 1671 1634 1725 suae,

280 1760 367 1807 snon
389 1741 523 1806 salutem
544 1747 592 1809 rei
612 1747 756 1830 publicae
777 1748 972 1823 retinuisset,
995 1758 1100 1812 tamen
1121 1750 1163 1812 ob
1186 1750 1271 1812 illam
1286 1769 1418 1821 msam,
1441 1748 1531 1833 quod
1546 1744 1634 1810 illud

305 1832 513 1900 voluntarium
535 1840 650 1903 vulnus
670 1841 806 1923 acecpit,
835 1842 1024 1906 iustissimos
1053 1844 1193 1905 omnium
1215 1843 1411 1906 bletellorum
1433 1851 1467 1904 et
1486 1839 1634 1904 clarissi-

305 1947 373 1989 mos
394 1929 569 2014 triumpbos
589 1934 690 2015 gloria
710 1943 744 1997 et
765 1934 857 1997 laude
878 1935 1054 2018 superarit,
1076 1936 1164 2020 quod
1180 1945 1213 2000 et
1233 1938 1305 2000 illos
1327 1938 1412 2020 ipsos
1430 1933 1632 2020 improbissi-

304 2041 374 2084 mos
395 2023 481 2087 cives
501 2024 632 2090 interfici
654 2027 757 2092 noluit
777 2036 810 2091 et
831 2050 872 2092 ne
893 2028 966 2111 quis
987 2030 1090 2093 bonus
1109 2032 1251 2094 interiret
1265 2031 1298 2093 in
1314 2030 1423 2093 eadem
1439 2027 1539 2092 caede
1553 2045 1632 2110 pro·

306 2115 398 2179 vidit:
422 2122 597 2202 epulantis
619 2122 768 2205 periculis
790 2124 962 2204 propositis
984 2143 1071 2197 cum,
1093 2124 1119 2186 si
1142 2125 1244 2188 victus
1267 2144 1386 2197 essem,
1408 2122 1557 2186 interitus
1581 2119 1630 2183 rei

268 2210 466 2294 republicae,
486 2214 515 2277 si
537 2216 696 2290 vicissem,
719 2213 840 2279 infinita
856 2216 1015 2280 dimicatio
1036 2226 1214 2300 pararetur,
1236 2219 1462 2281 committerem
1483 2224 1521 2277 ut
1541 2213 1629 2277 idem

305 2304 445 2385 perditor
467 2309 513 2370 rei
544 2308 689 2391 politicae
715 2310 912 2385 nominarer,
939 2312 995 2395 qui
1020 2318 1161 2373 servator
1184 2310 1338 2373 finissem?
1383 2307 1546 2373 xxxvii.
1575 2303 1629 2369 90.

305 2399 438 2461 blortem
466 2422 516 2464 me
537 2403 679 2467 timuisse
701 2404 788 2467 diois.
830 2406 994 2486 ligavero
1015 2425 1055 2467 ne
1078 2404 1340 2467 immortalitatem
1362 2404 1491 2487 quidem
1514 2409 1629 2465 eontra

204 2575 208 2586 .
304 2512 370 2554 rem
395 2493 550 2574 publicam
572 2498 787 2580 accipiendam
809 2508 970 2581 putarem,
998 2497 1113 2560 nedum
1136 2497 1233 2561 emori
1257 2517 1327 2560 cum
1349 2500 1489 2579 pernicie
1504 2499 1550 2561 rei
1566 2518 1629 2579 pu·

304 2585 406 2648 blicae
428 2588 551 2652 vellem.
584 2592 661 2653 Nam
684 2592 739 2676 qui
759 2613 817 2675 pro
839 2613 874 2655 re
904 2592 1029 2675 publica
1051 2592 1145 2654 ritum
1167 2590 1349 2663 ediderunt,
1372 2591 1446 2654 licet
1467 2612 1518 2654 me
1540 2591 1629 2654 desi·

269 2699 380 2763 opere
401 2680 529 2757 dicatis,
550 2705 721 2769 numquam
744 2686 943 2750 mehercule
965 2706 1021 2749 eos
1041 2692 1171 2748 mortem
1195 2684 1300 2766 potius
1322 2704 1417 2767 qoam
1438 2683 1629 2747 immortali-

305 2781 400 2837 tatem
428 2786 589 2841 assecutos
618 2782 735 2862 putavi.
778 2782 845 2863 Ego
871 2800 946 2843 vero
977 2781 1003 2842 si
1033 2788 1097 2841 turn
1129 2778 1255 2840 illorum
1285 2777 1451 2858 impiorum
1478 2777 1563 2840 lerro
1589 2797 1628 2839 ac

305 2888 398 2931 manu
426 2871 650 2944 concidissem,
679 2873 711 2934 in
742 2880 928 2956 perpetuum
955 2893 1007 2934 res
1034 2871 1160 2954 publica
1180 2870 1274 2932 civile
1294 2869 1488 2953 praesidium
1510 2870 1628 2934 salutis

305 2981 380 3025 suae
401 2964 607 3046 perdidisset3
631 2967 707 3049 quin
729 2968 822 3030 etiam
846 2966 872 3028 si
894 2986 943 3030 me
965 2966 1013 3028 vis
1033 2965 1141 3048 aliqua
1156 2964 1254 3027 morbi
1270 2970 1325 3025 aut
1339 2971 1451 3026 natura
1464 2965 1534 3048 ipsa
1548 2984 1628 3027 con·

305 3058 504 3139 sumpsisset,
526 3067 631 3123 tamen
653 3061 773 3124 auxilia
793 3060 987 3143 posteritatis
1001 3065 1108 3121 essent
1121 3058 1303 3130 imminuta,
1325 3058 1411 3140 quod
1426 3065 1627 3141 peremptum

267 3157 390 3213 coesset
411 3170 480 3215 mea
502 3162 602 3217 morte
624 3154 656 3216 id
679 3155 876 3238 exemplum,
898 3154 1001 3237 qualis
1021 3151 1146 3214 futurus
1168 3151 1202 3212 in
1224 3170 1274 3212 me
1302 3147 1489 3233 [retinendo]
1513 3150 1629 3215 luisset

305 3252 433 3308 senatus
455 3248 658 3332 populusque
679 3250 848 3313 Romanus.
878 3250 927 3310 An
950 3248 977 3309 si
999 3266 1146 3330 umquam
1162 3246 1244 3308 vitae
1259 3245 1416 3327 cupiditas
1434 3245 1468 3307 in
1483 3265 1532 3308 mo
1546 3244 1629 3307 luis-

305 3344 370 3410 set,
392 3356 451 3419 ego
473 3362 581 3405 mense
601 3342 768 3405 Decembri
789 3344 850 3406 mei
865 3340 1049 3404 consulatus
1064 3340 1204 3402 omnium
1223 3339 1447 3422 parricidarum
1463 3340 1526 3402 tela
1540 3358 1629 3401 com·

306 3434 463 3494 mossemt
492 3456 590 3517 quae,
619 3436 646 3499 si
669 3436 777 3517 viginti
799 3437 956 3518 quiessem
979 3434 1062 3507 dies,
1091 3436 1123 3497 in
1145 3434 1276 3496 abosum
1298 3432 1435 3514 vigiliam
1458 3430 1628 3495 consulum

305 3524 498 3589 recidissent.
541 3527 643 3603 Quam
674 3529 802 3592 obrem
832 3529 858 3592 si
880 3531 963 3592 vitae
985 3527 1139 3610 copiditas
1162 3535 1271 3590 contra
1298 3547 1365 3588 rem
1393 3526 1553 3609 publicam
1577 3533 1628 3588 est

266 3619 421 3702 ssturpis,
450 3628 535 3685 certe
563 3622 661 3686 multo
689 3622 800 3687 mortis
830 3621 986 3707 cupiditas
1014 3640 1085 3689 mea
1113 3622 1235 3704 turpior
1261 3620 1372 3684 luisset
1392 3639 1462 3683 crim
1484 3618 1627 3702 pernicie
1690 3624 1694 3631 '

305 3712 452 3777 civitatis.

388 3803 439 3870 94.
461 3812 539 3872 Nam
561 3810 645 3893 quod
668 3817 698 3874 te
721 3831 791 3874 esse
814 3811 847 3872 in
869 3829 903 3872 re
925 3809 1052 3894 publiea
1073 3810 1208 3872 liberum
1230 3828 1264 3871 es
1286 3808 1445 3890 gloriatus,
1468 3807 1500 3868 id
1518 3827 1579 3889 ego
1595 3815 1629 3869 et

305 3902 404 3966 lateor
431 3912 463 3966 et
487 3904 588 3967 laetor
615 3912 648 3968 ot
668 3905 725 3968 tibi
746 3904 841 3967 etiam
863 3905 896 3967 in
917 3904 979 3967 boc
1000 3903 1157 3985 gratulor:
1188 3900 1273 3986 quod
1296 3908 1471 3964 meantem
1495 3900 1627 3982 negasti,

305 3997 337 4059 iu
361 4018 398 4059 eo
419 4019 524 4081 neque
546 4008 575 4062 to
597 4020 701 4083 neque
724 4018 915 4083 quemquam
937 3997 1057 4059 diutius
1078 3998 1180 4078 patiar
1197 4015 1311 4058 errare.
1354 3993 1530 4056 xxxviii.
1545 3995 1625 4055 Nam

267 4093 332 4154 soci
354 4091 426 4174 quis
448 4092 564 4155 idcirco
586 4093 706 4176 aliquid
728 4092 767 4155 de
790 4093 934 4155 libertate
956 4111 1026 4153 mea
1048 4090 1242 4153 deminutum
1264 4095 1367 4171 putat,
1390 4086 1474 4168 quod
1497 4107 1562 4148 non
1584 4087 1626 4149 ab

306 4184 450 4247 omnibus
471 4187 605 4261 eisdem,
627 4207 645 4250 a
668 4187 783 4270 quibus
805 4193 897 4249 antea
919 4185 1030 4248 solitus
1047 4204 1115 4247 sum
1132 4183 1312 4254 dissentire,
1337 4180 1537 4253 dissentiam,
1561 4181 1627 4262 pri-

306 4298 407 4350 mum,
430 4279 456 4343 si
476 4279 559 4343 beno
581 4280 620 4342 de
643 4300 693 4343 me
714 4281 833 4343 meritis
854 4287 976 4362 gratum
1000 4298 1049 4339 me
1070 4277 1225 4360 praebeo,
1247 4295 1311 4337 non
1332 4275 1443 4336 desino
1465 4276 1627 4338 incurrere

306 4373 336 4434 in
366 4373 482 4437 crimen
511 4374 649 4437 bominis
679 4375 810 4438 nimium
838 4373 985 4436 memoris
1010 4374 1206 4454 nimiumque
1227 4368 1325 4452 grati:
1357 4369 1406 4430 sin
1435 4375 1539 4431 autem
1568 4369 1628 4431 ali·

305 4467 432 4548 quando
463 4467 531 4530 sine
565 4469 632 4531 ullo
662 4469 709 4531 rei
737 4468 880 4553 publicae
909 4466 1097 4529 detrimento
1126 4464 1260 4548 respicio
1282 4463 1378 4526 etiam
1399 4462 1532 4525 salntem
1553 4481 1626 4524 curn

266 4577 423 4634 ssmcam,
455 4569 521 4624 turn
556 4581 714 4636 meorum,
747 4570 830 4625 certe
861 4579 926 4623 non
948 4560 1042 4623 modo
1065 4579 1129 4621 non
1152 4578 1220 4621 sum
1242 4554 1537 4638 reprehendendus,
1569 4555 1627 4617 sed

306 4654 417 4727 etiam,
439 4656 465 4717 si
486 4675 577 4719 ruere
601 4655 730 4729 vellem,
752 4655 828 4718 boni
843 4654 902 4717 viri
924 4673 975 4715 me
996 4661 1031 4714 ut
1051 4653 1084 4713 id
1106 4671 1146 4714 no
1161 4649 1297 4713 lacerem
1310 4657 1466 4732 rogarent.
1497 4645 1549 4711 92.
1563 4650 1629 4712 llos

307 4768 381 4810 vero
403 4748 472 4829 ipsa
493 4749 637 4831 publica,
660 4749 688 4811 si
710 4747 797 4830 loqui
819 4756 943 4830 posset,
966 4753 1073 4829 ageret
1095 4766 1216 4808 mecum
1240 4752 1289 4819 ut,
1312 4743 1461 4826 quoniam
1479 4743 1539 4805 sibi
1561 4763 1628 4804 ser·

306 4840 419 4906 iissem
447 4863 589 4925 semper,
616 4862 787 4927 numquam
817 4840 910 4915 mibi,
937 4840 1058 4903 lruetus
1086 4848 1191 4902 autem
1213 4857 1253 4901 ex
1275 4857 1344 4900 sese
1366 4857 1447 4911 uon,
1475 4844 1510 4899 ut
1532 4857 1629 4918 opor·

305 4935 433 5010 tuisset,
462 4936 563 4999 laetos
592 4944 623 4999 et
650 4936 779 5010 uberes,
807 4934 862 4999 sed
885 4954 999 5017 magna
1020 4933 1192 4997 acerbitate
1211 4931 1383 5014 permixtos
1405 4931 1562 5005 tulissem,
1592 4938 1629 4992 ut

305 5113 436 5127 hun—u·—

371 5228 395 5276 t.
413 5225 588 5276 mccinuTE
609 5250 633 5261 -
654 5224 766 5286 quitum
782 5222 965 5285 ododsucrost
982 5224 1001 5271 Τ
1018 5250 1045 5259 -
1063 5223 1089 5271 2.
1106 5220 1273 5270 inuictisss'mis
1289 5221 1348 5270 T-
1367 5220 1392 5268 s.
1410 5219 1629 5270 tommotittom

304 5316 421 5363 causum,
439 5302 505 5364 quod
521 5298 651 5350 Klotztus:
669 5303 753 5350 tameo
770 5297 799 5348 ob
815 5297 885 5347 ittam
901 5299 968 5358 quod
984 5299 1048 5358 TE,
1067 5303 1151 5346 mmsis
1161 5308 1238 5357 quom
1249 5307 1310 5344 cum
1322 5295 1461 5343 Garatonto
1473 5296 1493 5344 0
1506 5321 1532 5330 -
1552 5295 1577 5344 6.
1589 5296 1629 5345 ia-

304 5379 420 5428 stiastmos
431 5376 606 5440 --srspsrooit
628 5374 710 5425 habet
725 5376 746 5425 Α
764 5398 791 5408 -
818 5374 843 5422 7.
861 5373 945 5437 qtorio
966 5378 990 5422 et
1008 5374 1083 5422 mods
1103 5372 1273 5420 Garatonius:
1299 5369 1395 5431 plurios
1410 5370 1484 5418 modo
1500 5370 1578 5418 ATE
1594 5398 1628 5406 —

304 5453 488 5516 improbissimos
509 5452 614 5502 cotorT
634 5477 660 5487 —
685 5449 709 5499 8.
727 5449 806 5498 uoluit
826 5449 846 5496 T
866 5474 893 5484 -
920 5450 977 5499 ordo
993 5450 1012 5499 T
1031 5475 1059 5484 -
1081 5449 1120 5496 ts.
1139 5447 1344 5495 inmortalitatem
1360 5445 1392 5505 Τ,
1411 5446 1474 5493 item
1491 5456 1517 5493 v.
1536 5445 1576 5493 lb.
1598 5470 1626 5480 ·-

306 5529 346 5578 to.
365 5529 491 5578 adsecutos
507 5528 527 5577 T
546 5553 571 5562 -
592 5527 632 5576 to.
650 5525 773 5575 inminuto
789 5524 809 5573 T
828 5549 855 5558 -
879 5524 920 5575 ²0.
938 5523 1065 5574 retinendo
1082 5520 1123 5571 vel
1140 5519 1283 5571 delendum
1301 5532 1360 5570 esse
1378 5517 1418 5568 vel
1436 5519 1461 5567 tn
1477 5519 1629 5568 rutitomdo

307 5603 464 5655 mutandum
479 5602 583 5654 censuit
594 5600 762 5660 Garatonius;
775 5599 852 5650 uncis
864 5597 969 5649 inclusit
981 5597 1140 5648 Wunderus.
1155 5622 1182 5631 -
1202 5597 1243 5645 st.
1256 5596 1324 5644 uitur
1340 5595 1463 5656 copiditas
1479 5593 1506 5641 in
1516 5607 1555 5643 mc
1565 5594 1626 5644 TE:

306 5681 333 5729 tn
348 5692 387 5728 uss
401 5679 467 5729 oitoc
482 5675 641 5740 copiditosO
661 5699 685 5710 -
710 5674 751 5723 22.
768 5675 954 5724 emunsouisscm
969 5675 989 5725 E
1007 5699 1034 5708 -
1062 5673 1103 5721 23.
1122 5672 1241 5733 quiessem
1257 5669 1315 5732 dics]
1333 5670 1431 5729 quidem
1447 5669 1498 5717 dics
1512 5673 1590 5717 essent
1607 5669 1628 5718 E

308 5779 335 5788 -
354 5754 395 5803 tt.
413 5765 464 5802 esse
479 5752 506 5802 is
521 5764 550 5802 rc
568 5763 601 5813 p.
619 5747 723 5799 liberum
738 5761 764 5798 es
778 5749 901 5812 ptortotua
916 5749 980 5799 TE:
998 5748 1026 5798 is
1042 5747 1184 5808 republica
1199 5746 1304 5797 domm
1320 5755 1369 5793 csso
1384 5744 1506 5806 otoriotos
1521 5757 1547 5792 cs
1562 5743 1583 5792 0
1597 5769 1624 5778 -

308 5827 347 5878 ³³.
366 5826 502 5888 aliquunde
518 5825 584 5876 TE:
603 5837 657 5875 om.
676 5824 696 5874 O
714 5851 741 5860 -
760 5822 800 5875 34.
819 5825 894 5876 disin
910 5825 974 5878 TE:
998 5825 1074 5876 odom
1089 5822 1226 5885 ntiquomo
1242 5821 1262 5871 0
1281 5844 1308 5854 -
1331 5831 1389 5868 um
1405 5818 1438 5867 T:
1460 5822 1513 5867 tran
1529 5817 1577 5867 EO
1597 5842 1624 5852 -

310 5902 350 5954 37.
367 5901 424 5966 ipsc
439 5913 493 5954 om.
511 5900 531 5954 T
551 5925 578 5935 -
596 5898 637 5952 ³9.
654 5897 742 5951 uteros
756 5899 786 5951 T.
