3800 7350
702 1184 774 1250 cn.
795 1183 960 1249 vr-vn
987 1179 1033 1268 ss
1056 1178 1200 1248 u-ro.
1525 1182 1607 1248 raes

293 1353 461 1419 Massiliam
493 1372 629 1438 eumque
656 1355 840 1437 cognovisse
868 1355 1066 1439 paratissimo
1099 1355 1222 1427 animo,
1253 1359 1290 1417 nt
1315 1374 1386 1418 cnm
1413 1354 1481 1418 suis
1508 1354 1608 1438 copiis

290 1449 353 1514 iret
380 1447 420 1512 ad
449 1447 619 1522 Mutinam,
649 1448 682 1512 ni
704 1456 864 1512 vereretur
888 1468 928 1511 ne
949 1456 1169 1512 veteranorum
1190 1447 1312 1512 animos
1334 1444 1517 1512 offenderet.
1551 1449 1609 1512 Est

292 1562 368 1607 vero
398 1541 467 1605 eius
497 1542 595 1625 patris
623 1542 724 1616 iiiius,
754 1542 808 1625 qni
838 1543 997 1625 sapienter
1024 1539 1157 1605 faciebat
1185 1561 1249 1606 non
1270 1542 1374 1605 minus
1393 1541 1491 1605 multa
1511 1560 1607 1625 quam

291 1634 424 1699 fortiter.
465 1631 576 1717 itaque'
605 1635 781 1718 intelligitis
811 1643 843 1698 et
870 1635 1008 1699 animum
1037 1636 1066 1698 ei
1098 1643 1222 1717 praesto
1243 1634 1340 1698 inisse
1361 1654 1419 1697 nec
1440 1634 1607 1699 consilium

292 1727 442 1792 defuisse.
478 1730 582 1811 Atque
613 1729 707 1792 etiam
735 1729 797 1792 boc
819 1730 860 1793 ii.
883 1728 1003 1812 Lepido
1025 1727 1341 1812 providendumest,
1362 1748 1402 1791 ne
1425 1727 1500 1812 quid
1522 1744 1630 1791 arro-o

291 1822 433 1906 gentius,
466 1840 561 1905 quam
591 1824 661 1886 eius
691 1843 794 1886 mores
821 1823 942 1896 ierunt,
974 1820 1077 1887 facere
1109 1822 1260 1885 videatur.
1303 1817 1353 1884 ti.
1381 1822 1415 1885 Si
1444 1822 1527 1885 enirn
1548 1840 1608 1883 nos

291 1915 432 1980 exercitu
456 1921 567 1989 terret,
589 1935 654 1979 non
676 1918 817 1980 meminit
838 1916 927 1979 iilum
950 1916 1122 1980 exercitum
1141 1924 1267 1979 senatus
1288 1916 1461 1999 populique
1475 1913 1608 1976 Romani

291 2016 387 2092 atque
415 2009 581 2072 universae
611 2010 657 2073 rei
686 2010 829 2093 publicae
860 2029 948 2083 esse,
977 2029 1041 2073 non
1069 2030 1169 2073 suurn.
1205 2010 1246 2072 st
1265 2010 1313 2072 uti
1334 2015 1439 2092 potest
1459 2028 1516 2091 pro
1538 2026 1607 2070 suo.

291 2102 375 2178 Quid
399 2107 487 2166 tumi
519 2103 664 2166 omniane
687 2103 779 2166 bonis
798 2105 891 2177 viris,
921 2123 1003 2186 quae
1031 2101 1135 2167 facere
1163 2111 1314 2186 possunt,
1342 2102 1486 2167 iacienda
1510 2102 1607 2164 eunti

290 2196 440 2270 etiamne,
469 2196 496 2260 si
525 2197 644 2280 turpia,
672 2197 700 2260 si
729 2198 904 2280 perniciosa
926 2199 1041 2260 erunt?
1073 2198 1100 2260 si
1121 2196 1224 2260 iacere
1246 2197 1375 2261 omnino
1396 2216 1460 2259 non
1480 2196 1645 2259 licebitrro

290 2287 376 2364 Quid
408 2297 510 2352 autem
542 2292 663 2373 turpius
692 2299 747 2353 ant
773 2289 898 2354 foedius
925 2299 980 2354 aut
1012 2290 1096 2374 qnod
1125 2292 1229 2354 minus
1251 2292 1362 2355 deceat
1383 2311 1479 2373 quam
1500 2296 1608 2353 contra

290 2391 449 2455 senatum,
472 2390 581 2447 contra
602 2384 704 2457 cives,
727 2392 835 2447 contra
855 2385 989 2468 patriam
1010 2384 1181 2448 exercitum
1204 2383 1339 2449 ducere?
1361 2383 1439 2469 quid
1453 2403 1527 2446 vcro
1543 2401 1608 2445 ma·

289 2476 336 2557 qis
358 2476 598 2558 vituperandum
621 2497 714 2560 quam
737 2478 769 2539 id
790 2477 908 2551 iacere,
931 2477 1016 2562 quod
1037 2498 1100 2541 non
1122 2479 1238 2542 liceat?
1260 2480 1347 2542 Licet
1367 2484 1471 2542 antem
1488 2476 1607 2539 nemini

289 2576 397 2632 contra
424 2575 556 2653 patriam
583 2570 700 2635 ducere
728 2572 914 2635 exercitum:
946 2572 973 2634 si
1000 2572 1126 2656 quidem
1158 2573 1253 2635 licere
1281 2571 1312 2635 id
1341 2571 1490 2646 dicimus,
1519 2569 1606 2654 quod

288 2661 426 2745 legibus,
448 2664 531 2748 quod
550 2684 636 2730 more
651 2666 801 2729 maiorum
818 2665 1032 2750 institutisque
1048 2665 1242 2729 conceditur.
1274 2668 1385 2750 Neque
1399 2665 1498 2740 enim,
1521 2663 1644 2748 quodie

292 2757 429 2841 quisquc
450 2764 573 2841 potest,
594 2758 627 2822 id
649 2759 680 2822 ei
701 2758 793 2833 licet,
814 2779 889 2832 nec,
919 2761 946 2822 si
967 2778 1032 2823 non
1054 2759 1211 2834 obstetur,
1232 2768 1402 2844 propterea
1421 2760 1514 2823 etiam
1535 2779 1607 2842 per·

289 2851 432 2916 mittitur.
468 2850 538 2914 Tibi
562 2852 644 2914 enim
666 2852 857 2927 exercitum,
879 2852 1013 2936 Lepide,
1035 2859 1098 2916 tam
1113 2872 1208 2936 quam
1229 2853 1401 2916 maioribus
1423 2854 1484 2917 tuis
1505 2852 1607 2936 patria

287 2963 345 3028 pro
367 2964 402 3008 se
425 2944 521 3009 dedii.
557 2943 626 3008 Hoc
648 2952 682 3009 tu
704 2946 825 3009 arcebis
844 2946 985 3019 bostem,
1006 2946 1087 3008 fines
1108 2946 1231 3029 imperii
1253 2947 1459 3030 propagabis:
1481 2946 1605 3010 senatui

288 3038 475 3123 populoque
505 3039 646 3102 Romano
676 3038 815 3124 parebis,
845 3041 872 3102 si
893 3058 987 3122 quarn
1008 3039 1047 3103 ad
1070 3039 1162 3103 aliam
1183 3060 1248 3104 rem
1270 3048 1300 3105 te
1321 3040 1402 3105 forte
1422 3039 1605 3104 traduxerit.

292 3132 357 3194 vii.
380 3126 430 3194 45.
453 3131 540 3195 Haec
561 3133 587 3195 si
610 3135 747 3216 cogitas,
769 3153 804 3196 es
825 3135 867 3202 bi.
889 3132 1042 3215 Lepidus,
1065 3132 1204 3217 pontifex
1225 3134 1459 3210 maximus,b1.
1482 3132 1643 3216 Lepidi,ro

287 3224 446 3309 pontificis
468 3225 616 3300 maximi,
637 3246 811 3311 pronepos:
833 3227 883 3289 sin
902 3226 1083 3290 bominibus
1099 3234 1218 3291 mnium
1238 3227 1332 3293 licere
1347 3228 1484 3302 iudicas,
1506 3247 1606 3310 quan·

288 3328 356 3382 tum
384 3327 535 3402 possunt,
562 3319 634 3383 vide
661 3341 701 3384 ne
730 3320 841 3384 aiienis
869 3320 1023 3402 exemplis
1053 3322 1156 3404 iisque
1183 3323 1361 3386 recentibus
1388 3322 1435 3385 uti
1457 3340 1551 3403 quam
1573 3328 1605 3384 et

288 3412 426 3496 antiquis
448 3420 480 3476 et
503 3412 682 3477 domesticis
710 3412 803 3476 malie
831 3413 969 3476 videare.
1016 3412 1107 3489 Quod
1136 3414 1162 3477 si
1192 3416 1407 3479 auctoritatem
1428 3415 1605 3496 interponis

287 3505 355 3569 sine
383 3505 494 3580 armis,
525 3506 622 3589 magis
649 3505 798 3590 equidem
822 3505 932 3580 laudo,
961 3505 1017 3569 sed
1038 3507 1109 3570 vide
1131 3527 1172 3571 ne
1193 3507 1254 3571 boc
1276 3509 1379 3591 ipsum
1400 3528 1465 3570 non
1487 3508 1528 3571 sit
1549 3527 1605 3570 ne-

287 3620 384 3664 cesse.
422 3600 621 3683 Quamquam
642 3601 726 3664 enim
750 3607 797 3663 est
819 3607 905 3663 tanta
926 3601 959 3662 in
983 3607 1013 3663 te
1031 3601 1220 3675 auctoritas,
1242 3610 1360 3687 quanta
1381 3602 1475 3666 debet
1493 3602 1526 3663 in
1546 3600 1641 3666 lio-ao

287 3695 370 3758 mine
400 3695 614 3769 nobilissimo,
642 3703 746 3758 tamen
772 3702 899 3758 senatus
921 3716 955 3758 se
976 3696 1044 3779 ipse
1065 3714 1129 3757 non
1151 3698 1341 3772 contemnit,
1369 3716 1427 3761 nec
1449 3717 1523 3760 vero
1544 3695 1605 3758 init

287 3811 436 3874 nmquam
458 3789 600 3872 gravior,
622 3789 833 3861 constantior,
854 3789 973 3853 fortior.
1007 3789 1132 3852 Incensi
1155 3809 1264 3853 omnes
1289 3792 1428 3874 rapimur
1448 3790 1488 3854 ad
1509 3790 1603 3852 iiber·

288 3890 384 3946 tatem
406 3881 671 3964 recuperandam:
699 3902 761 3946 non
782 3890 886 3965 potest
907 3883 1001 3945 ullius
1022 3883 1206 3947 auctoritate
1229 3890 1334 3946 tantus
1355 3891 1482 3947 senatus
1502 3902 1603 3967 popu·

285 3975 373 4058 lique
402 3976 533 4038 Romani
561 3976 655 4039 ardor
683 3976 859 4057 exstingui:
890 3976 1028 4050 odimus,
1057 3977 1128 4038 irati
1158 3996 1350 4060 pugnamus,
1380 3977 1602 4061 extorquetis

286 4069 429 4133 manibus
458 4088 544 4132 arma
569 4088 635 4133 non
663 4077 811 4153 possunt:
839 4070 978 4153 receptui
1005 4069 1129 4152 signum
1150 4077 1207 4132 aut
1226 4071 1456 4134 revocationem
1477 4089 1496 4132 a
1516 4068 1639 4132 belloao

286 4163 394 4226 audire
416 4182 480 4225 non
506 4184 691 4246 possumus:
720 4182 882 4246 speramns
904 4163 1039 4246 optima,
1066 4163 1130 4246 pati
1160 4163 1212 4227 vel
1240 4163 1426 4228 difficillima
1447 4162 1601 4227 malumus

287 4277 380 4342 quam
409 4257 535 4320 servire.
579 4251 630 4319 io.
659 4257 772 4320 Caesar
800 4255 936 4320 coniecit
964 4256 1113 4320 invictum
1136 4257 1325 4321 exercitum:
1354 4258 1417 4320 duo
1437 4256 1600 4322 fortissimi

290 4456 451 4468 *-

351 4597 374 4645 t.
391 4607 448 4644 mm
464 4594 473 4643 i
491 4618 515 4628 -
543 4603 669 4642 crimem.
688 4594 724 4656 gt
746 4619 773 4630 -
793 4591 818 4642 Ξ.
836 4592 871 4657 oi]
894 4604 928 4642 cs
950 4593 974 4652 i:
996 4592 1282 4644 nicaenorum.
1300 4592 1318 4643 b
1337 4620 1365 4631 -
1382 4597 1602 4659 senensem

229 4728 232 4732 ,
285 4671 377 4735 agii:
401 4670 522 4733 offendere
543 4667 603 4718 edd.
622 4669 798 4728 recentiores,
822 4667 871 4719 sed
892 4669 918 4718 in
939 4668 1143 4732 antiquissimis,
1166 4670 1196 4718 ut
1214 4668 1282 4720 ven.
1301 4668 1380 4731 4444,
1396 4672 1506 4722 ascens.
1525 4671 1599 4731 44444,

283 4747 350 4796 luni.
369 4746 410 4794 esi
431 4757 495 4794 vera
514 4740 605 4804 lectio,
629 4755 683 4792 non
704 4744 768 4793 item
790 4742 816 4792 in
835 4742 905 4793 Crat.
924 4756 948 4793 a.
968 4743 1041 4795 tots.
1060 4742 1090 4806 (b
1107 4756 1229 4808 quoque,
1254 4756 1340 4808 equo
1356 4758 1388 4795 se
1402 4744 1494 4807 abest,
1519 4744 1602 4795 habet

283 4819 428 4883 offenderet,
451 4817 499 4869 sed
516 4822 526 4868 4
547 4818 679 4882 punctata)
699 4845 727 4855 -
751 4816 775 4869 i.
795 4821 880 4880 itaque
903 4830 957 4868 om.
975 4817 993 4867 b
1012 4844 1039 4855 -
1062 4819 1200 4882 isuitipetis
1215 4831 1232 4883 g
1248 4832 1281 4870 ex
1297 4821 1447 4884 4444οῶ94444,
1469 4823 1499 4871 ut
1515 4822 1556 4871 cst
1572 4821 1599 4871 in

284 4897 319 4945 et
337 4919 364 4931 -
381 4898 481 4957 praesto
497 4905 551 4944 our.
567 4895 578 4941 t
596 4917 622 4928 -
641 4892 778 4957 consiliaro]
794 4892 873 4943 :oium
890 4896 901 4943 i
918 4919 944 4930 —
964 4894 989 4943 6.
1001 4893 1117 4944 rideam
1130 4893 1216 4957 {scm
1232 4896 1242 4943 i
1260 4919 1287 4930 -
1306 4895 1327 4944 si
1343 4895 1417 4958 agi:
1435 4894 1487 4944 :ise
1504 4898 1530 4955 t:
1548 4895 1601 4945 riae

282 4968 315 5031 b,
334 4967 384 5019 sed
399 4981 431 5018 se
446 4968 535 5032 punct.
556 4992 583 5005 -
601 4980 647 5017 sor
663 4979 680 5030 g
695 4993 728 5005 -
744 4967 768 5016 4.
787 4971 847 5017 terei
863 4966 881 5017 b
899 4993 927 5004 -
945 4974 1045 5018 motu:
1060 4982 1114 5019 om.
1132 4982 1147 5019 a
1165 4994 1193 5004 -
1209 4969 1350 5032 populique]
1369 4983 1404 5033 p.
1422 4969 1440 5020 b
1458 4972 1514 5036 ipro
1527 4972 1599 5033 pc.)

281 5045 583 5106 &siqooetssaeomt
602 5068 630 5078 -
646 5041 826 5092 oisbiabti
844 5068 870 5079 -
889 5044 1023 5106 equitus
1039 5045 1066 5103 4;
1084 5043 1144 5106 quid
1160 5056 1217 5093 cras
1233 5057 1250 5106 g
1267 5069 1295 5080 -
1312 5045 1459 5095 wadonis
1475 5047 1599 5096 Ocontrn

282 5132 401 5170 meos·
420 5119 547 5169 idatium
564 5119 584 5167 si
600 5117 650 5166 i-
670 5117 861 5183 ii.quom]qui
879 5120 927 5167 i-
947 5118 1208 5180 tnmaquomi-
1228 5117 1372 5168 titiant?
1387 5119 1541 5170 iicsotai-
1556 5119 1597 5171 ii.

281 5194 349 5245 tices-i
365 5195 391 5244 id
406 5192 423 5244 b
438 5219 465 5231 -
484 5195 523 5244 45.
543 5193 621 5255 more]
636 5192 731 5242 moion
747 5195 798 5242 t-
815 5192 944 5242 enimom.
958 5192 967 5242 i
980 5218 1007 5229 -
1026 5192 1066 5241 46.
1085 5191 1111 5240 id
1126 5191 1149 5241 ei
1164 5192 1313 5242 conceditur.
1327 5192 1382 5244 iicet
1398 5207 1413 5243 a
1431 5220 1459 5230 -
1478 5194 1517 5243 44.
1531 5198 1599 5242 tom-

282 5266 504 5331 assuescere
521 5268 546 5317 vi
563 5264 749 5332 particulorum
765 5279 791 5316 v.
809 5266 929 5329 Madvigii
946 5266 1042 5330 opusc.
1061 5265 1088 5327 Ι,
1105 5278 1131 5329 p.
1144 5261 1203 5315 tsi.
1218 5291 1246 5302 -
1265 5265 1304 5315 48.
1322 5266 1448 5317 medab
1467 5293 1494 5304 —
1511 5267 1597 5331 pairh

284 5370 311 5381 -
331 5341 513 5404 tepsnooh
534 5340 943 5403 -sortetet-20.boci-
969 5337 1598 5407 copitoscrabtcoqitnssesgii—M.om.g

283 5443 311 5453 -
330 5418 485 5479 ισρίάωῠι
504 5417 616 5478 Lapidei
634 5442 660 5451 —
680 5417 809 5466 bimae.
827 5415 1064 5479 βιαίερνοηφοεί
1083 5440 1109 5448 -
1128 5414 1166 5463 rio
1183 5414 1254 5465 mei:
1271 5416 1293 5464 si
1309 5428 1399 5468 errore
1417 5419 1520 5482 typogr.
1534 5419 1554 5469 0
1568 5446 1595 5454 -

280 5492 321 5541 22.
339 5503 370 5540 ne
386 5502 439 5540 om.
453 5492 503 5539 i-
520 5491 599 5553 iisque
614 5493 665 5540 ei:
683 5490 767 5552 bisque
783 5489 843 5555 bgi
861 5518 889 5528 -
907 5503 984 5552 quom
1000 5490 1109 5552 antiquis
1124 5489 1131 5537 i
1150 5514 1177 5524 -
1196 5488 1361 5553 ibeqoidem
1377 5492 1413 5542 D:
1432 5491 1529 5553 quidem
1546 5493 1594 5540 i-

280 5565 322 5614 sed
338 5577 391 5614 om:
404 5567 454 5612 t-
472 5577 517 5614 osc
532 5565 577 5614 boc
594 5577 650 5614 e-
668 5564 708 5615 26.
722 5578 747 5614 sc
763 5565 814 5628 ipso
830 5566 867 5616 D:
886 5567 937 5628 ipsc
952 5579 978 5615 se
993 5565 1030 5615 i0
1044 5589 1070 5601 -
1089 5564 1130 5614 27.
1149 5577 1268 5626 nmquam
1280 5578 1334 5615 om.
1347 5564 1375 5615 b¹
1388 5592 1416 5603 -
1433 5567 1595 5628 fortiorem.

281 5641 317 5702 gt
334 5664 360 5674 -
379 5639 413 5687 od
428 5638 564 5690 ibsrmum
579 5640 695 5702 rapimur
711 5638 729 5689 b
743 5666 770 5676 -
789 5641 829 5691 29.
843 5641 955 5704 ectiaqoi
972 5640 1040 5700 mei:
1058 5639 1177 5701 reumqui
1193 5638 1364 5703 probabiiiier
1375 5641 1480 5692 Ursinus
1493 5667 1520 5677 -
1540 5643 1596 5691 odi-

280 5727 335 5764 mur
345 5726 399 5763 om.
410 5711 451 5773 b¹;
470 5716 608 5778 usurpavit
624 5715 677 5766 Cic.
691 5714 771 5768 verba
789 5715 893 5777 Luciiii,
911 5728 980 5779 quae
997 5716 1054 5780 ipse
1071 5712 1155 5763 attulit
1172 5714 1198 5764 in
1209 5713 1315 5764 Tuscui.
1328 5714 1370 5772 iv,
1383 5714 1398 5777 3
1409 5713 1481 5764 48.-
1500 5727 1514 5764 e
1530 5728 1594 5766 nos:

281 5801 334 5839 om.
353 5789 409 5848 Di:
427 5790 456 5838 de
472 5789 507 5850 0,
525 5792 555 5839 ui
571 5793 612 5840 esi
629 5790 654 5840 in
672 5789 715 5840 ed.
733 5789 798 5840 Van.
818 5789 890 5841 iiii.
906 5815 934 5827 -
954 5789 994 5841 30.
1012 5793 1124 5852 receptus
1139 5786 1249 5853 (rmpt')
1265 5790 1277 5839 t
1294 5813 1321 5825 -
1340 5788 1381 5839 34.
1396 5801 1522 5852 pomus
1538 5791 1549 5840 t
1566 5815 1593 5826 -

280 5862 321 5914 32.
339 5863 441 5928 coniecit
455 5863 481 5913 i:
499 5866 595 5929 coelici
610 5865 642 5914 D.
697 5874 702 5883 ·
