3800 7350
396 1204 461 1255 vm

399 1354 524 1421 tissime
545 1353 689 1438 scriptus
710 1351 844 1436 saeptus
864 1350 998 1415 meliora
1018 1347 1118 1416 babet
1138 1366 1233 1433 quam
1254 1346 1388 1415 codices
1403 1347 1563 1433 vulgares
1580 1347 1698 1414 Italici.

400 1476 582 1542 Praeterea
601 1473 645 1540 ed
665 1492 780 1539 manus
801 1474 896 1539 erani
917 1472 1078 1539 lectlones
1098 1488 1118 1536 a
1138 1468 1317 1538 Niebubrio
1337 1487 1380 1536 cx
1401 1471 1564 1555 apparatu
1581 1467 1698 1557 laage-

399 1596 597 1663 urarsiniano
625 1599 819 1679 excerptae,
847 1596 885 1659 ui
912 1594 976 1660 iam
997 1592 1040 1659 ad
1060 1591 1146 1659 bane
1167 1609 1296 1678 quoque
1317 1591 1495 1657 oratlonem
1516 1608 1697 1657 recensen-

401 1717 492 1802 dam,
513 1734 598 1803 quae
618 1718 729 1782 multis
742 1716 834 1783 vittis
853 1716 974 1783 effecta
994 1712 1038 1779 ad
1058 1733 1120 1779 nos
1141 1714 1310 1799 pervenit,
1331 1712 1474 1778 certiora
1486 1712 1699 1780 fundamenta

401 1841 488 1907 lacia
508 1838 585 1904 sini.

483 2079 589 2164 Quam
620 2083 705 2149 mele
736 2081 848 2148 bebltu
881 2082 1015 2147 oratio
1046 2076 1219 2148 Sullana
1249 2080 1283 2144 in
1311 2077 1480 2147 codicibus
1505 2080 1701 2169 vulgaribus

401 2173 538 2271 Italicae
559 2204 697 2291 originis
717 2203 902 2292 legeretur,
931 2222 975 2269 ex
996 2203 1111 2287 paucis
1132 2201 1197 2266 illis
1217 2201 1429 2287 lectionibus,
1455 2220 1538 2288 quae
1559 2202 1702 2269 saccuIIs

400 2324 486 2392 XVI
513 2328 547 2390 11
573 2322 676 2391 XVII
703 2342 746 2390 ex
774 2325 846 2390 cod.
875 2324 1065 2390 Erfuriensl
1086 2324 1142 2387 illo
1164 2327 1312 2409 tempore
1333 2322 1475 2389 nondum
1497 2325 1645 2389 mutilato
1668 2326 1703 2389 11

402 2466 445 2514 ex
465 2446 618 2513 Palatino
641 2464 728 2510 nono
750 2446 938 2531 exscriptae
959 2450 1054 2531 suni,
1081 2449 1197 2512 nostra
1217 2449 1325 2511 sutem
1347 2448 1457 2511 aetate
1480 2462 1522 2510 ex
1543 2444 1702 2510 lemmatis

401 2567 601 2637 schoilastae
622 2567 814 2655 Bobiensis,
835 2586 877 2634 ex
899 2568 1097 2636 lectiontbus
1116 2566 1323 2633 ErfuriensIs
1344 2565 1553 2634 eWundcro
1574 2565 1702 2634 111111-
1744 2640 1750 2652 ,

402 2695 535 2759 tremam
557 2689 717 2756 oratlonis
737 2693 863 2775 partem
884 2684 922 2769 (1
942 2687 1102 2775 etseq.)
1122 2690 1314 2776 publicatis,
1335 2708 1377 2755 ex
1399 2708 1463 2755 una
1486 2688 1625 2776 dentque
1645 2688 1702 2755 in-

401 2815 487 2901 signi
510 2811 752 2900 emendatione,
774 2830 869 2897 quam
887 2809 1050 2879 Garatoni
1070 2813 1104 2876 in
1121 2805 1223 2878 01111
1236 2811 1395 2879 accendis
1408 2811 1457 2877 od
1469 2810 1703 2878 Plancianum

401 2952 478 3024 pag.
499 2931 534 2999 X
555 2931 608 2999 ed·
629 2932 715 2997 Bon.
736 2950 779 2998 cx
806 2932 921 2999 codice
951 2932 1194 3023 'Iegernseensl
1217 2933 1415 3016 protulerat,
1440 2935 1524 3000 satis
1543 2933 1703 3023 cognosci

403 3056 520 3142 potuit.
563 3052 733 3121 Puriorem
754 3055 879 3120 iontem
900 3056 1025 3140 primus
1045 3053 1243 3122 NIebubrIus
1263 3054 1413 3138 reclusit,
1434 3058 1489 3141 qul
1501 3055 1628 3122 Romae
1641 3072 1703 3124 co-

402 3176 505 3244 dicem
527 3176 767 3243 Palatinum
789 3195 935 3242 nonum
956 3175 1107 3260 Gruteri,
1129 3197 1220 3263 quern
1245 3197 1408 3265 quaerens
1432 3183 1551 3247 multos
1574 3181 1703 3248 Palati-

402 3319 465 3365 nos
492 3298 618 3363 irusira
646 3299 839 3382 evolverat,
867 3300 1016 3385 repperit
1043 3300 1265 3385 lecitonesque
1293 3319 1313 3367 1
1339 3319 1377 3367 11
1404 3306 1438 3367 11
1459 3302 1555 3369 alir.
1575 3304 1703 3371 Illumlo

403 3423 589 3506 exscriptus
611 3437 682 3486 cum
704 3418 861 3486 Eduardo
878 3419 1056 3486 Wundero
1078 3423 1343 3509 communicavit,
1365 3423 1505 3509 quicum
1526 3425 1599 3510 ipse
1618 3443 1703 3492 con-

402 3544 507 3611 sillum
529 3543 600 3608 elus
621 3540 770 3608 edendae
791 3542 983 3627 ablecissei,
1005 3541 1248 3628 perhumaniter
1269 3546 1317 3609 ets
1338 3546 1468 3611 llalmlo
1488 3549 1599 3615 cessit.
1632 3544 1703 3615 Sed

403 3687 474 3736 cum
496 3684 538 3733 ne
559 3665 593 3731 ln
614 3663 678 3733 boe
700 3662 827 3750 quidem
849 3663 965 3733 codice
987 3666 1092 3732 oruiio
1112 3666 1245 3756 integra
1263 3670 1389 3752 exstet,
1409 3665 1469 3734 sed
1490 3670 1615 3734 tentum
1638 3689 1702 3756 pa-

402 3780 561 3880 ragraphi
582 3785 635 3855 43
657 3789 803 3874 priores,
824 3787 866 3853 ad
889 3789 1006 3854 bonam
1022 3791 1179 3854 orationis
1193 3791 1319 3874 partem
1333 3784 1393 3869 (11
1408 3787 1703 3862 «111-11111111

401 3912 543 3977 familiae
565 3929 632 3975 uon
653 3910 873 3992 interpolatae
895 3907 1160 3996 desiderabatur,
1182 3930 1224 3977 ex
1239 3907 1391 3996 qua'sola
1405 3910 1579 3977 remedIum
1594 3915 1704 3979 multis

402 4033 569 4117 corruptis
598 4031 681 4097 locis
708 4035 896 4116 exspectari
925 4036 1050 4116 posset.
1090 4028 1278 4100 Subsidium
1301 4034 1355 4099 diu
1376 4033 1502 4099 frustra
1523 4038 1703 4120 quaesitum

403 4153 533 4222 tandem
555 4154 692 4219 invenio
713 4151 828 4221 codice
850 4154 1155 4245 'Iegernseensi
1184 4158 1271 4223 nacii
1294 4175 1422 4240 sumus,
1448 4158 1620 4240 postquam
1641 4158 1703 4224 iam

402 4293 432 4342 1.
460 4272 560 4342 ieet
587 4276 765 4341 orationem
798 4294 841 4341 cx
871 4278 1069 4344 lectionibus
1096 4277 1191 4343 buius
1218 4277 1342 4345 codicis
1368 4295 1390 4344 a
1415 4276 1633 4345 Mommsenio
1661 4298 1704 4345 ex

403 4396 535 4465 schedis
555 4395 791 4465 Garatontanis
812 4397 987 4484 descriptis
1009 4399 1130 4484 passim
1151 4399 1403 4466 emendavlmus.
1440 4399 1620 4467 Praeterea
1640 4399 1704 4467 ad-

403 4517 563 4587 hibuimus
585 4516 730 4585 codicem
752 4518 1072 4586 Bruxellensem
1093 4539 1178 4585 num.
1192 4516 1310 4606 9⁷63,
1331 4521 1502 4589 admodum
1523 4523 1610 4589 illum
1628 4523 1702 4609 qul-

405 4640 477 4707 dcm
497 4640 747 4726 lnicrpolatum,
768 4641 824 4726 qul
844 4644 954 4706 tamen
974 4639 1038 4708 boc
1059 4641 1184 4727 proprii
1205 4639 1320 4727 babet,
1342 4642 1428 4729 quod
1447 4662 1487 4710 eo
1508 4642 1596 4710 baud
1618 4661 1703 4728 pau-

404 4779 464 4830 cae
495 4763 656 4828 lectiones
692 4763 836 4828 mellaris
870 4762 1030 4847 familiae,
1063 4780 1196 4850 querum
1229 4764 1349 4830 nullum
1381 4770 1433 4831 cst
1465 4768 1640 4856 vestigium
1669 4766 1703 4830 in

403 4884 597 4973 vulgaribus
617 4883 758 4965 Italicis,
779 4887 934 4950 servatae
957 4888 1042 4949 suni.

485 5126 542 5193 Ad
564 5127 795 5192 cretionem
815 5126 1068 5195 Arcbienam
1089 5127 1287 5195 Niebubrius
1306 5133 1498 5214 apparatum
1523 5130 1705 5198 criticuma

402 5249 651 5338 Lagomarslnio
682 5268 725 5316 ex
754 5250 880 5318 duobus
906 5253 940 5316 ei
970 5252 1090 5341 viginti
1111 5251 1279 5320 codicibus
1300 5255 1494 5342 congestum
1516 5257 1620 5318 ictum
1642 5251 1705 5320 de-

402 5372 552 5457 scripsit,
581 5370 640 5438 sed
669 5390 689 5438 a
718 5373 814 5439 noble
843 5374 914 5439 iere
942 5376 1046 5439 omnis
1073 5374 1274 5442 abiiciendus
1305 5378 1395 5459 eret,
1426 5392 1499 5441 cum
1528 5377 1706 5460 appareret

402 5491 534 5559 codices
569 5495 705 5561 Italicos
736 5496 838 5560 multo
874 5494 1056 5561 deterIores
1096 5514 1293 5583 essequam
1329 5496 1635 5563 lbriurtcnsem
1672 5498 1706 5560 et

401 5612 723 5684 bruxellensem
737 5617 837 5691 (num.
851 5614 975 5689 113112)
996 5618 1082 5690 illius
1104 5621 1306 5713 similimum,
1327 5640 1391 5712 quo
1412 5638 1475 5685 nos
1496 5621 1631 5711 primum
1653 5620 1704 5686 111

399 5754 523 5808 sumus.
