<?xml version="1.0" encoding="UTF-8"?>
<!DOCTYPE html PUBLIC "-//W3C//DTD XHTML 1.0 Transitional//EN"
    "http://www.w3.org/TR/xhtml1/DTD/xhtml1-transitional.dtd">
<html xmlns="http://www.w3.org/1999/xhtml" xml:lang="en" lang="en">
 <head>
  <title>
</title>
<meta http-equiv="Content-Type" content="text/html;charset=utf-8" />
  <meta name='ocr-system' content='tesseract 3.04.00' />
  <meta name='ocr-capabilities' content='ocr_page ocr_carea ocr_par ocr_line ocrx_word'/>
</head>
<body>
  <div class='ocr_page' id='page_1' title='image "./operaquaesupers08halmgoog/operaquaesupers08halmgoog_0719.png"; bbox 0 0 3800 7350; ppageno 0'>
   <div class='ocr_carea' id='block_1_1' title="bbox 656 1170 1581 1261">
    <p class='ocr_par' dir='ltr' id='par_1_1' title="bbox 656 1170 1581 1261">
     <span class='ocr_line' id='line_1_1' title="bbox 656 1170 1581 1261; baseline -0.01 0"><span class='ocrx_word' id='word_1_1' title='bbox 656 1194 848 1261; x_wconf 79' lang='lat' dir='ltr'><strong>nonnum</strong></span> <span class='ocrx_word' id='word_1_2' title='bbox 868 1194 920 1258; x_wconf 83' lang='lat' dir='ltr'><strong>nr</strong></span> <span class='ocrx_word' id='word_1_3' title='bbox 943 1191 1212 1258; x_wconf 81' lang='grc'><strong>4444444444.</strong></span> <span class='ocrx_word' id='word_1_4' title='bbox 1504 1170 1581 1253; x_wconf 84' lang='grc'><strong>4444</strong></span> 
     </span>
    </p>
   </div>
   <div class='ocr_carea' id='block_1_2' title="bbox 233 1357 1593 4708">
    <p class='ocr_par' dir='ltr' id='par_1_2' title="bbox 278 1357 1588 1598">
     <span class='ocr_line' id='line_1_2' title="bbox 342 1357 1588 1430; baseline -0.005 -15"><span class='ocrx_word' id='word_1_5' title='bbox 342 1363 405 1428; x_wconf 76' lang='lat'><strong>537</strong></span> <span class='ocrx_word' id='word_1_6' title='bbox 421 1377 447 1430; x_wconf 90' lang='lat' dir='ltr'><strong>p.</strong></span> <span class='ocrx_word' id='word_1_7' title='bbox 466 1365 527 1425; x_wconf 88' lang='grc'><strong>444,</strong></span> <span class='ocrx_word' id='word_1_8' title='bbox 547 1364 578 1415; x_wconf 92' lang='grc'><strong>40</strong></span> <span class='ocrx_word' id='word_1_9' title='bbox 602 1364 653 1427; x_wconf 88' lang='grc'><strong>4444</strong></span> <span class='ocrx_word' id='word_1_10' title='bbox 675 1364 808 1428; x_wconf 80' lang='grc'><strong>4444444444</strong></span> <span class='ocrx_word' id='word_1_11' title='bbox 830 1364 890 1429; x_wconf 85' lang='grc'><strong>4444</strong></span> <span class='ocrx_word' id='word_1_12' title='bbox 909 1361 1013 1413; x_wconf 78' lang='lat' dir='ltr'><strong>Auillius</strong></span> <span class='ocrx_word' id='word_1_13' title='bbox 1035 1362 1062 1413; x_wconf 91' lang='lat' dir='ltr'><strong>in</strong></span> <span class='ocrx_word' id='word_1_14' title='bbox 1085 1360 1181 1412; x_wconf 90' lang='lat' dir='ltr'><strong>eodem</strong></span> <span class='ocrx_word' id='word_1_15' title='bbox 1202 1370 1282 1411; x_wconf 87' lang='lat' dir='ltr'><strong>versu</strong></span> <span class='ocrx_word' id='word_1_16' title='bbox 1306 1357 1466 1423; x_wconf 78' lang='lat' dir='ltr'><strong>transponit3</strong></span> <span class='ocrx_word' id='word_1_17' title='bbox 1493 1357 1588 1409; x_wconf 86' lang='lat' dir='ltr'><strong>deinde</strong></span> 
     </span>
     <span class='ocr_line' id='line_1_3' title="bbox 278 1442 1588 1511; baseline -0.006 -12"><span class='ocrx_word' id='word_1_18' title='bbox 278 1447 370 1499; x_wconf 75' lang='lat' dir='ltr'>scribit</span> <span class='ocrx_word' id='word_1_19' title='bbox 385 1461 410 1499; x_wconf 96' lang='grc'><strong>4.</strong></span> <span class='ocrx_word' id='word_1_20' title='bbox 425 1449 468 1498; x_wconf 89' lang='lat' dir='ltr'><strong>tt:</strong></span> <span class='ocrx_word' id='word_1_21' title='bbox 487 1449 636 1511; x_wconf 81' lang='grc'><strong>4444444,</strong></span> <span class='ocrx_word' id='word_1_22' title='bbox 655 1449 745 1511; x_wconf 81' lang='lat' dir='ltr'><strong>quari</strong></span> <span class='ocrx_word' id='word_1_23' title='bbox 761 1450 791 1497; x_wconf 89' lang='lat' dir='ltr'><strong>in</strong></span> <span class='ocrx_word' id='word_1_24' title='bbox 806 1447 916 1497; x_wconf 84' lang='grc'><strong>44444444</strong></span> <span class='ocrx_word' id='word_1_25' title='bbox 931 1448 991 1508; x_wconf 89' lang='lat' dir='ltr'><strong>iret,</strong></span> <span class='ocrx_word' id='word_1_26' title='bbox 1009 1446 1035 1495; x_wconf 90' lang='lat' dir='ltr'><strong>in</strong></span> <span class='ocrx_word' id='word_1_27' title='bbox 1051 1460 1092 1496; x_wconf 89' lang='lat' dir='ltr'><strong>ar.</strong></span> <span class='ocrx_word' id='word_1_28' title='bbox 1104 1458 1129 1507; x_wconf 81' lang='lat' dir='ltr'><strong>p.</strong></span> <span class='ocrx_word' id='word_1_29' title='bbox 1144 1458 1165 1496; x_wconf 92' lang='grc'><strong>4.</strong></span> <span class='ocrx_word' id='word_1_30' title='bbox 1180 1458 1208 1509; x_wconf 90' lang='lat' dir='ltr'>p.</span> <span class='ocrx_word' id='word_1_31' title='bbox 1220 1445 1252 1495; x_wconf 82' lang='lat' dir='ltr'><strong>it.</strong></span> <span class='ocrx_word' id='word_1_32' title='bbox 1268 1444 1448 1507; x_wconf 83' lang='lat' dir='ltr'><strong>perductum</strong></span> <span class='ocrx_word' id='word_1_33' title='bbox 1463 1442 1588 1494; x_wconf 89' lang='lat' dir='ltr'><strong>accidit.</strong></span> 
     </span>
     <span class='ocr_line' id='line_1_4' title="bbox 342 1527 1503 1598; baseline -0.003 -15"><span class='ocrx_word' id='word_1_34' title='bbox 342 1532 357 1596; x_wconf 99' lang='lat'>5</span> <span class='ocrx_word' id='word_1_35' title='bbox 374 1531 405 1583; x_wconf 94' lang='grc'><strong>40</strong></span> <span class='ocrx_word' id='word_1_36' title='bbox 422 1546 448 1598; x_wconf 90' lang='lat' dir='ltr'><strong>p.</strong></span> <span class='ocrx_word' id='word_1_37' title='bbox 467 1533 524 1594; x_wconf 86' lang='grc'><strong>443,</strong></span> <span class='ocrx_word' id='word_1_38' title='bbox 544 1532 559 1583; x_wconf 89' lang='grc'><strong>6</strong></span> <span class='ocrx_word' id='word_1_39' title='bbox 575 1533 800 1594; x_wconf 69' lang='lat' dir='ltr'><strong>circumforaneum</strong></span> <span class='ocrx_word' id='word_1_40' title='bbox 817 1533 934 1594; x_wconf 80' lang='lat' dir='ltr'><strong>Kaysero</strong></span> <span class='ocrx_word' id='word_1_41' title='bbox 951 1530 1082 1595; x_wconf 80' lang='lat' dir='ltr'><strong>glossema</strong></span> <span class='ocrx_word' id='word_1_42' title='bbox 1098 1529 1204 1581; x_wconf 84' lang='lat' dir='ltr'><strong>videtur</strong></span> <span class='ocrx_word' id='word_1_43' title='bbox 1220 1542 1252 1579; x_wconf 87' lang='lat' dir='ltr'><strong>en</strong></span> <span class='ocrx_word' id='word_1_44' title='bbox 1268 1541 1294 1579; x_wconf 87' lang='grc'><strong>4.</strong></span> <span class='ocrx_word' id='word_1_45' title='bbox 1312 1528 1328 1579; x_wconf 90' lang='lat'>8</span> <span class='ocrx_word' id='word_1_46' title='bbox 1345 1527 1503 1579; x_wconf 86' lang='lat' dir='ltr'><strong>coniectum.</strong></span> 
     </span>
    </p>

    <p class='ocr_par' dir='ltr' id='par_1_3' title="bbox 341 1611 1590 1682">
     <span class='ocr_line' id='line_1_5' title="bbox 341 1611 1590 1682; baseline -0.005 -14"><span class='ocrx_word' id='word_1_47' title='bbox 341 1615 356 1680; x_wconf 88' lang='lat'>5</span> <span class='ocrx_word' id='word_1_48' title='bbox 374 1615 405 1667; x_wconf 89' lang='grc'><strong>44</strong></span> <span class='ocrx_word' id='word_1_49' title='bbox 422 1630 448 1682; x_wconf 87' lang='lat' dir='ltr'><strong>p.</strong></span> <span class='ocrx_word' id='word_1_50' title='bbox 467 1618 524 1677; x_wconf 83' lang='grc'><strong>444,</strong></span> <span class='ocrx_word' id='word_1_51' title='bbox 542 1618 559 1667; x_wconf 86' lang='grc'><strong>4</strong></span> <span class='ocrx_word' id='word_1_52' title='bbox 574 1618 667 1667; x_wconf 85' lang='lat' dir='ltr'><strong>medica</strong></span> <span class='ocrx_word' id='word_1_53' title='bbox 684 1631 744 1666; x_wconf 89' lang='lat' dir='ltr'><strong>non</strong></span> <span class='ocrx_word' id='word_1_54' title='bbox 760 1616 895 1680; x_wconf 73' lang='lat' dir='ltr'><strong>ignobili</strong></span> <span class='ocrx_word' id='word_1_55' title='bbox 912 1620 935 1666; x_wconf 93' lang='lat' dir='ltr'><strong>et</strong></span> <span class='ocrx_word' id='word_1_56' title='bbox 950 1619 1058 1678; x_wconf 85' lang='grc'><strong>44444444</strong></span> <span class='ocrx_word' id='word_1_57' title='bbox 1072 1615 1128 1664; x_wconf 85' lang='lat' dir='ltr'><strong>ciro</strong></span> <span class='ocrx_word' id='word_1_58' title='bbox 1140 1612 1265 1665; x_wconf 86' lang='lat' dir='ltr'><strong>emendet</strong></span> <span class='ocrx_word' id='word_1_59' title='bbox 1281 1611 1362 1673; x_wconf 85' lang='lat' dir='ltr'><strong>idem,</strong></span> <span class='ocrx_word' id='word_1_60' title='bbox 1380 1611 1527 1663; x_wconf 87' lang='lat' dir='ltr'><strong>secundum</strong></span> <span class='ocrx_word' id='word_1_61' title='bbox 1539 1613 1590 1663; x_wconf 90' lang='lat' dir='ltr'><strong>ST.</strong></span> 
     </span>
    </p>

    <p class='ocr_par' dir='ltr' id='par_1_4' title="bbox 273 1695 1592 1935">
     <span class='ocr_line' id='line_1_6' title="bbox 344 1695 1591 1767; baseline -0.003 -16"><span class='ocrx_word' id='word_1_62' title='bbox 344 1699 359 1764; x_wconf 91' lang='lat'>5</span> <span class='ocrx_word' id='word_1_63' title='bbox 377 1702 408 1751; x_wconf 90' lang='grc'><strong>44</strong></span> <span class='ocrx_word' id='word_1_64' title='bbox 426 1714 452 1767; x_wconf 93' lang='lat' dir='ltr'><strong>p.</strong></span> <span class='ocrx_word' id='word_1_65' title='bbox 471 1700 529 1762; x_wconf 89' lang='grc'><strong>446,</strong></span> <span class='ocrx_word' id='word_1_66' title='bbox 548 1699 588 1752; x_wconf 88' lang='grc'><strong>44.</strong></span> <span class='ocrx_word' id='word_1_67' title='bbox 607 1700 711 1764; x_wconf 80' lang='lat' dir='ltr'><strong>puicpue</strong></span> <span class='ocrx_word' id='word_1_68' title='bbox 731 1702 811 1751; x_wconf 89' lang='lat' dir='ltr'><strong>etiam</strong></span> <span class='ocrx_word' id='word_1_69' title='bbox 832 1700 984 1751; x_wconf 75' lang='lat' dir='ltr'><strong>Torrentius</strong></span> <span class='ocrx_word' id='word_1_70' title='bbox 1007 1697 1147 1762; x_wconf 75' lang='lat' dir='ltr'><strong>adscripsit</strong></span> <span class='ocrx_word' id='word_1_71' title='bbox 1165 1698 1275 1763; x_wconf 88' lang='lat' dir='ltr'><strong>margini</strong></span> <span class='ocrx_word' id='word_1_72' title='bbox 1292 1696 1449 1763; x_wconf 83' lang='lat' dir='ltr'><strong>exemplaris</strong></span> <span class='ocrx_word' id='word_1_73' title='bbox 1464 1695 1549 1748; x_wconf 83' lang='lat' dir='ltr'><strong>Aldini</strong></span> <span class='ocrx_word' id='word_1_74' title='bbox 1565 1708 1591 1747; x_wconf 92' lang='grc'><strong>4.</strong></span> 
     </span>
     <span class='ocr_line' id='line_1_7' title="bbox 275 1782 1592 1848; baseline -0.005 -9"><span class='ocrx_word' id='word_1_75' title='bbox 275 1786 347 1839; x_wconf 76' lang='lat' dir='ltr'><strong>titt.</strong></span> <span class='ocrx_word' id='word_1_76' title='bbox 368 1813 394 1824; x_wconf 96' lang='lat'>-</span> <span class='ocrx_word' id='word_1_77' title='bbox 414 1784 455 1836; x_wconf 95' lang='grc'><strong>46.</strong></span> <span class='ocrx_word' id='word_1_78' title='bbox 474 1786 502 1835; x_wconf 86' lang='lat' dir='ltr'><strong>Si</strong></span> <span class='ocrx_word' id='word_1_79' title='bbox 519 1785 703 1848; x_wconf 83' lang='grc'><strong>444444444444,</strong></span> <span class='ocrx_word' id='word_1_80' title='bbox 728 1798 793 1847; x_wconf 83' lang='lat' dir='ltr'><strong>puae</strong></span> <span class='ocrx_word' id='word_1_81' title='bbox 808 1785 954 1835; x_wconf 89' lang='lat' dir='ltr'><strong>inimicitiae</strong></span> <span class='ocrx_word' id='word_1_82' title='bbox 976 1784 1003 1834; x_wconf 86' lang='lat' dir='ltr'><strong>S.</strong></span> <span class='ocrx_word' id='word_1_83' title='bbox 1021 1797 1078 1834; x_wconf 79' lang='lat' dir='ltr'><strong>mem</strong></span> <span class='ocrx_word' id='word_1_84' title='bbox 1093 1784 1182 1833; x_wconf 81' lang='lat' dir='ltr'><strong>Habito</strong></span> <span class='ocrx_word' id='word_1_85' title='bbox 1201 1783 1347 1847; x_wconf 76' lang='grc'><strong>44444444,</strong></span> <span class='ocrx_word' id='word_1_86' title='bbox 1367 1782 1494 1846; x_wconf 68' lang='lat' dir='ltr'><strong>tautum</strong></span> <span class='ocrx_word' id='word_1_87' title='bbox 1508 1782 1592 1833; x_wconf 83' lang='grc'><strong>444444</strong></span> 
     </span>
     <span class='ocr_line' id='line_1_8' title="bbox 273 1868 1298 1935; baseline -0.006 -13"><span class='ocrx_word' id='word_1_88' title='bbox 273 1873 362 1935; x_wconf 70' lang='lat' dir='ltr'><strong>subse,</strong></span> <span class='ocrx_word' id='word_1_89' title='bbox 380 1870 422 1921; x_wconf 86' lang='grc'><strong>446</strong></span> <span class='ocrx_word' id='word_1_90' title='bbox 438 1869 617 1932; x_wconf 75' lang='lat' dir='ltr'><strong>Oppianicum,</strong></span> <span class='ocrx_word' id='word_1_91' title='bbox 637 1869 708 1919; x_wconf 84' lang='lat' dir='ltr'><strong>cuiue</strong></span> <span class='ocrx_word' id='word_1_92' title='bbox 722 1870 764 1919; x_wconf 90' lang='lat' dir='ltr'><strong>itte</strong></span> <span class='ocrx_word' id='word_1_93' title='bbox 778 1869 891 1919; x_wconf 75' lang='lat' dir='ltr'><strong>minister</strong></span> <span class='ocrx_word' id='word_1_94' title='bbox 906 1873 982 1919; x_wconf 83' lang='lat' dir='ltr'><strong>esset</strong></span> <span class='ocrx_word' id='word_1_95' title='bbox 1001 1871 1052 1919; x_wconf 91' lang='lat' dir='ltr'><strong>cet.</strong></span> <span class='ocrx_word' id='word_1_96' title='bbox 1071 1868 1139 1919; x_wconf 87' lang='lat' dir='ltr'><strong>coni.</strong></span> <span class='ocrx_word' id='word_1_97' title='bbox 1157 1868 1298 1930; x_wconf 76' lang='grc'><strong>4444444444.</strong></span> 
     </span>
    </p>

    <p class='ocr_par' dir='ltr' id='par_1_5' title="bbox 274 1950 1592 2105">
     <span class='ocr_line' id='line_1_9' title="bbox 339 1950 1592 2018; baseline -0.002 -14"><span class='ocrx_word' id='word_1_98' title='bbox 339 1954 354 2018; x_wconf 90' lang='lat'>5</span> <span class='ocrx_word' id='word_1_99' title='bbox 372 1956 404 2005; x_wconf 84' lang='grc'><strong>64</strong></span> <span class='ocrx_word' id='word_1_100' title='bbox 420 1966 446 2018; x_wconf 95' lang='lat' dir='ltr'><strong>p.</strong></span> <span class='ocrx_word' id='word_1_101' title='bbox 465 1954 522 2014; x_wconf 85' lang='grc'><strong>660,</strong></span> <span class='ocrx_word' id='word_1_102' title='bbox 539 1954 574 2004; x_wconf 88' lang='grc'><strong>44</strong></span> <span class='ocrx_word' id='word_1_103' title='bbox 593 1953 675 2004; x_wconf 77' lang='lat' dir='ltr'><strong>verbe</strong></span> <span class='ocrx_word' id='word_1_104' title='bbox 698 1954 764 2017; x_wconf 84' lang='lat' dir='ltr'><strong>pund</strong></span> <span class='ocrx_word' id='word_1_105' title='bbox 783 1953 885 2017; x_wconf 78' lang='grc'><strong>44444444</strong></span> <span class='ocrx_word' id='word_1_106' title='bbox 906 1953 963 2003; x_wconf 74' lang='lat' dir='ltr'><strong>ertia</strong></span> <span class='ocrx_word' id='word_1_107' title='bbox 978 1953 1094 2015; x_wconf 79' lang='lat' dir='ltr'><strong>Kaysero</strong></span> <span class='ocrx_word' id='word_1_108' title='bbox 1117 1953 1162 2002; x_wconf 87' lang='lat' dir='ltr'><strong>eut</strong></span> <span class='ocrx_word' id='word_1_109' title='bbox 1182 1950 1357 2002; x_wconf 81' lang='lat' dir='ltr'><strong>delenda&#39;aut</strong></span> <span class='ocrx_word' id='word_1_110' title='bbox 1378 1953 1439 2016; x_wconf 91' lang='lat' dir='ltr'><strong>post</strong></span> <span class='ocrx_word' id='word_1_111' title='bbox 1459 1950 1592 2001; x_wconf 79' lang='grc'><strong>4444444444</strong></span> 
     </span>
     <span class='ocr_line' id='line_1_10' title="bbox 274 2037 619 2105; baseline -0.009 -15"><span class='ocrx_word' id='word_1_112' title='bbox 274 2037 470 2105; x_wconf 89' lang='lat' dir='ltr'><strong>transponenda</strong></span> <span class='ocrx_word' id='word_1_113' title='bbox 487 2038 619 2089; x_wconf 84' lang='lat' dir='ltr'><strong>videntur.</strong></span> 
     </span>
    </p>

    <p class='ocr_par' dir='ltr' id='par_1_6' title="bbox 233 2120 1592 2355">
     <span class='ocr_line' id='line_1_11' title="bbox 233 2120 1591 2188; baseline -0.002 -15"><span class='ocrx_word' id='word_1_114' title='bbox 233 2137 237 2147; x_wconf 95' lang='lat'>·</span> <span class='ocrx_word' id='word_1_115' title='bbox 339 2124 354 2188; x_wconf 99' lang='lat'>5</span> <span class='ocrx_word' id='word_1_116' title='bbox 372 2123 402 2173; x_wconf 87' lang='grc'><strong>64</strong></span> <span class='ocrx_word' id='word_1_117' title='bbox 421 2137 446 2187; x_wconf 93' lang='lat' dir='ltr'><strong>p.</strong></span> <span class='ocrx_word' id='word_1_118' title='bbox 464 2123 521 2183; x_wconf 89' lang='grc'><strong>464,</strong></span> <span class='ocrx_word' id='word_1_119' title='bbox 540 2123 564 2173; x_wconf 86' lang='grc'><strong>4.</strong></span> <span class='ocrx_word' id='word_1_120' title='bbox 584 2121 702 2173; x_wconf 86' lang='lat' dir='ltr'><strong>Eandem</strong></span> <span class='ocrx_word' id='word_1_121' title='bbox 719 2120 873 2182; x_wconf 88' lang='lat' dir='ltr'><strong>lectionem,</strong></span> <span class='ocrx_word' id='word_1_122' title='bbox 892 2132 973 2185; x_wconf 90' lang='lat' dir='ltr'><strong>quam</strong></span> <span class='ocrx_word' id='word_1_123' title='bbox 991 2122 1145 2171; x_wconf 85' lang='lat' dir='ltr'><strong>Garatonius</strong></span> <span class='ocrx_word' id='word_1_124' title='bbox 1162 2132 1178 2170; x_wconf 88' lang='grc'><strong>4</strong></span> <span class='ocrx_word' id='word_1_125' title='bbox 1195 2132 1243 2170; x_wconf 91' lang='lat' dir='ltr'><strong>suo</strong></span> <span class='ocrx_word' id='word_1_126' title='bbox 1260 2120 1369 2182; x_wconf 89' lang='lat' dir='ltr'><strong>codice,</strong></span> <span class='ocrx_word' id='word_1_127' title='bbox 1387 2120 1467 2171; x_wconf 87' lang='lat' dir='ltr'><strong>etiem</strong></span> <span class='ocrx_word' id='word_1_128' title='bbox 1481 2120 1591 2170; x_wconf 88' lang='lat' dir='ltr'><strong>Torren-</strong></span> 
     </span>
     <span class='ocr_line' id='line_1_12' title="bbox 273 2202 1592 2270; baseline -0.004 -11"><span class='ocrx_word' id='word_1_129' title='bbox 273 2210 326 2259; x_wconf 90' lang='lat' dir='ltr'><strong>tius</strong></span> <span class='ocrx_word' id='word_1_130' title='bbox 342 2208 432 2258; x_wconf 92' lang='lat' dir='ltr'><strong>nescio</strong></span> <span class='ocrx_word' id='word_1_131' title='bbox 450 2205 521 2257; x_wconf 91' lang='lat' dir='ltr'><strong>unde</strong></span> <span class='ocrx_word' id='word_1_132' title='bbox 538 2207 667 2267; x_wconf 86' lang='grc'><strong>44444444;</strong></span> <span class='ocrx_word' id='word_1_133' title='bbox 686 2207 775 2270; x_wconf 88' lang='lat' dir='ltr'><strong>itaque</strong></span> <span class='ocrx_word' id='word_1_134' title='bbox 793 2205 876 2256; x_wconf 83' lang='lat' dir='ltr'><strong>uerba</strong></span> <span class='ocrx_word' id='word_1_135' title='bbox 892 2206 1013 2255; x_wconf 79' lang='grc'><strong>4444444444</strong></span> <span class='ocrx_word' id='word_1_136' title='bbox 1028 2204 1153 2255; x_wconf 81' lang='grc'><strong>4444444444</strong></span> <span class='ocrx_word' id='word_1_137' title='bbox 1167 2203 1210 2255; x_wconf 85' lang='lat' dir='ltr'><strong>vel</strong></span> <span class='ocrx_word' id='word_1_138' title='bbox 1226 2203 1339 2256; x_wconf 84' lang='lat' dir='ltr'><strong>delenda</strong></span> <span class='ocrx_word' id='word_1_139' title='bbox 1356 2203 1398 2255; x_wconf 84' lang='lat' dir='ltr'><strong>uel</strong></span> <span class='ocrx_word' id='word_1_140' title='bbox 1416 2204 1490 2256; x_wconf 88' lang='lat' dir='ltr'><strong>uncis</strong></span> <span class='ocrx_word' id='word_1_141' title='bbox 1506 2202 1592 2255; x_wconf 90' lang='lat' dir='ltr'><strong>inclu-</strong></span> 
     </span>
     <span class='ocr_line' id='line_1_13' title="bbox 276 2291 581 2355; baseline -0.007 -13"><span class='ocrx_word' id='word_1_142' title='bbox 276 2292 363 2344; x_wconf 86' lang='lat' dir='ltr'><strong>denda</strong></span> <span class='ocrx_word' id='word_1_143' title='bbox 381 2291 513 2342; x_wconf 82' lang='lat' dir='ltr'><strong>uidentur.</strong></span> <span class='ocrx_word' id='word_1_144' title='bbox 535 2292 581 2355; x_wconf 83' lang='grc' dir='ltr'><strong>(Β.)</strong></span> 
     </span>
    </p>

    <p class='ocr_par' dir='ltr' id='par_1_7' title="bbox 339 2374 966 2442">
     <span class='ocr_line' id='line_1_14' title="bbox 339 2374 966 2442; baseline -0.003 -16"><span class='ocrx_word' id='word_1_145' title='bbox 339 2375 354 2440; x_wconf 88' lang='lat'>5</span> <span class='ocrx_word' id='word_1_146' title='bbox 372 2376 403 2426; x_wconf 90' lang='lat' dir='ltr'><strong>TT</strong></span> <span class='ocrx_word' id='word_1_147' title='bbox 420 2389 447 2442; x_wconf 92' lang='lat' dir='ltr'><strong>p.</strong></span> <span class='ocrx_word' id='word_1_148' title='bbox 465 2375 527 2438; x_wconf 87' lang='grc'><strong>464,</strong></span> <span class='ocrx_word' id='word_1_149' title='bbox 545 2375 716 2425; x_wconf 74' lang='lat' dir='ltr'><strong>illuminem</strong></span> <span class='ocrx_word' id='word_1_150' title='bbox 733 2386 785 2424; x_wconf 92' lang='lat' dir='ltr'><strong>om.</strong></span> <span class='ocrx_word' id='word_1_151' title='bbox 804 2374 966 2424; x_wconf 82' lang='lat' dir='ltr'><strong>Torrentius.</strong></span> 
     </span>
    </p>

    <p class='ocr_par' dir='ltr' id='par_1_8' title="bbox 273 2456 1591 2605">
     <span class='ocr_line' id='line_1_15' title="bbox 339 2456 1591 2525; baseline -0.003 -14"><span class='ocrx_word' id='word_1_152' title='bbox 339 2459 354 2523; x_wconf 86' lang='lat'>5</span> <span class='ocrx_word' id='word_1_153' title='bbox 371 2461 403 2511; x_wconf 88' lang='grc'><strong>49</strong></span> <span class='ocrx_word' id='word_1_154' title='bbox 420 2473 447 2525; x_wconf 94' lang='lat' dir='ltr'><strong>p.</strong></span> <span class='ocrx_word' id='word_1_155' title='bbox 465 2460 523 2521; x_wconf 84' lang='grc'><strong>466,</strong></span> <span class='ocrx_word' id='word_1_156' title='bbox 541 2461 557 2510; x_wconf 88' lang='grc'><strong>4</strong></span> <span class='ocrx_word' id='word_1_157' title='bbox 573 2462 721 2525; x_wconf 75' lang='lat' dir='ltr'><strong>conticium,</strong></span> <span class='ocrx_word' id='word_1_158' title='bbox 739 2463 814 2521; x_wconf 75' lang='lat' dir='ltr'><strong>atque</strong></span> <span class='ocrx_word' id='word_1_159' title='bbox 834 2457 861 2507; x_wconf 89' lang='grc'><strong>44</strong></span> <span class='ocrx_word' id='word_1_160' title='bbox 876 2457 941 2508; x_wconf 84' lang='lat' dir='ltr'><strong>iane</strong></span> <span class='ocrx_word' id='word_1_161' title='bbox 955 2459 1086 2522; x_wconf 82' lang='grc'><strong>4444444444</strong></span> <span class='ocrx_word' id='word_1_162' title='bbox 1101 2462 1222 2509; x_wconf 84' lang='lat' dir='ltr'><strong>recentem</strong></span> <span class='ocrx_word' id='word_1_163' title='bbox 1238 2462 1291 2508; x_wconf 78' lang='lat' dir='ltr'><strong>tren</strong></span> <span class='ocrx_word' id='word_1_164' title='bbox 1306 2456 1334 2508; x_wconf 81' lang='lat' dir='ltr'>C.</span> <span class='ocrx_word' id='word_1_165' title='bbox 1351 2457 1451 2507; x_wconf 84' lang='grc'><strong>1444444444</strong></span> <span class='ocrx_word' id='word_1_166' title='bbox 1465 2457 1591 2519; x_wconf 73' lang='lat' dir='ltr'><strong>iniectum,</strong></span> 
     </span>
     <span class='ocr_line' id='line_1_16' title="bbox 273 2543 1244 2605; baseline -0.005 -9"><span class='ocrx_word' id='word_1_167' title='bbox 273 2545 396 2595; x_wconf 81' lang='lat' dir='ltr'><strong>bominem</strong></span> <span class='ocrx_word' id='word_1_168' title='bbox 413 2544 553 2595; x_wconf 77' lang='grc'><strong>4444444444</strong></span> <span class='ocrx_word' id='word_1_169' title='bbox 568 2549 592 2594; x_wconf 88' lang='grc'><strong>44</strong></span> <span class='ocrx_word' id='word_1_170' title='bbox 607 2543 660 2593; x_wconf 85' lang='lat' dir='ltr'><strong>iam</strong></span> <span class='ocrx_word' id='word_1_171' title='bbox 677 2544 729 2593; x_wconf 89' lang='lat' dir='ltr'><strong>cet.</strong></span> <span class='ocrx_word' id='word_1_172' title='bbox 747 2543 815 2593; x_wconf 90' lang='lat' dir='ltr'><strong>coni.</strong></span> <span class='ocrx_word' id='word_1_173' title='bbox 834 2543 977 2605; x_wconf 78' lang='lat' dir='ltr'><strong>Kayserus.</strong></span> <span class='ocrx_word' id='word_1_174' title='bbox 1238 2580 1244 2591; x_wconf 97' lang='lat'><strong>.</strong></span> 
     </span>
    </p>

    <p class='ocr_par' dir='ltr' id='par_1_9' title="bbox 339 2625 1336 2692">
     <span class='ocr_line' id='line_1_17' title="bbox 339 2625 1336 2692; baseline -0.004 -13"><span class='ocrx_word' id='word_1_175' title='bbox 339 2627 354 2692; x_wconf 88' lang='lat'>5</span> <span class='ocrx_word' id='word_1_176' title='bbox 372 2627 404 2679; x_wconf 89' lang='grc'><strong>84</strong></span> <span class='ocrx_word' id='word_1_177' title='bbox 420 2640 447 2692; x_wconf 93' lang='lat' dir='ltr'><strong>p.</strong></span> <span class='ocrx_word' id='word_1_178' title='bbox 465 2628 522 2688; x_wconf 89' lang='grc'><strong>466,</strong></span> <span class='ocrx_word' id='word_1_179' title='bbox 541 2626 574 2679; x_wconf 89' lang='grc'><strong>44</strong></span> <span class='ocrx_word' id='word_1_180' title='bbox 590 2626 671 2678; x_wconf 83' lang='lat' dir='ltr'><strong>scrib.</strong></span> <span class='ocrx_word' id='word_1_181' title='bbox 689 2626 739 2677; x_wconf 84' lang='grc'><strong>4444</strong></span> <span class='ocrx_word' id='word_1_182' title='bbox 757 2652 784 2663; x_wconf 94' lang='grc'>-</span> <span class='ocrx_word' id='word_1_183' title='bbox 804 2625 844 2676; x_wconf 87' lang='grc'><strong>34.</strong></span> <span class='ocrx_word' id='word_1_184' title='bbox 863 2626 1005 2677; x_wconf 68' lang='lat' dir='ltr'><strong>monitus</strong></span> <span class='ocrx_word' id='word_1_185' title='bbox 1020 2632 1056 2677; x_wconf 85' lang='grc'><strong>444</strong></span> <span class='ocrx_word' id='word_1_186' title='bbox 1072 2625 1178 2690; x_wconf 79' lang='lat' dir='ltr'><strong>corrigit</strong></span> <span class='ocrx_word' id='word_1_187' title='bbox 1193 2626 1336 2688; x_wconf 79' lang='lat' dir='ltr'><strong>Kayserus.</strong></span> 
     </span>
    </p>

    <p class='ocr_par' dir='ltr' id='par_1_10' title="bbox 272 2710 1592 2861">
     <span class='ocr_line' id='line_1_18' title="bbox 341 2710 1592 2777; baseline 0 -14"><span class='ocrx_word' id='word_1_188' title='bbox 341 2711 404 2775; x_wconf 86' lang='lat'><strong>588</strong></span> <span class='ocrx_word' id='word_1_189' title='bbox 421 2725 447 2777; x_wconf 90' lang='lat' dir='ltr'><strong>p.</strong></span> <span class='ocrx_word' id='word_1_190' title='bbox 464 2712 522 2772; x_wconf 85' lang='grc'><strong>464,</strong></span> <span class='ocrx_word' id='word_1_191' title='bbox 540 2711 572 2762; x_wconf 89' lang='grc'><strong>49</strong></span> <span class='ocrx_word' id='word_1_192' title='bbox 589 2712 626 2762; x_wconf 87' lang='lat' dir='ltr'><strong>ita</strong></span> <span class='ocrx_word' id='word_1_193' title='bbox 640 2712 746 2762; x_wconf 77' lang='lat' dir='ltr'><strong>mutum</strong></span> <span class='ocrx_word' id='word_1_194' title='bbox 762 2711 873 2775; x_wconf 73' lang='lat' dir='ltr'><strong>agitata,</strong></span> <span class='ocrx_word' id='word_1_195' title='bbox 899 2712 937 2761; x_wconf 89' lang='lat' dir='ltr'><strong>ita</strong></span> <span class='ocrx_word' id='word_1_196' title='bbox 954 2711 998 2761; x_wconf 88' lang='lat' dir='ltr'><strong>diu</strong></span> <span class='ocrx_word' id='word_1_197' title='bbox 1012 2712 1109 2761; x_wconf 88' lang='lat' dir='ltr'><strong>iactata</strong></span> <span class='ocrx_word' id='word_1_198' title='bbox 1125 2715 1170 2770; x_wconf 82' lang='grc'><strong>444,</strong></span> <span class='ocrx_word' id='word_1_199' title='bbox 1191 2716 1220 2761; x_wconf 88' lang='lat' dir='ltr'><strong>at</strong></span> <span class='ocrx_word' id='word_1_200' title='bbox 1235 2710 1353 2761; x_wconf 77' lang='grc'><strong>44444444</strong></span> <span class='ocrx_word' id='word_1_201' title='bbox 1369 2710 1409 2762; x_wconf 85' lang='lat' dir='ltr'><strong>die</strong></span> <span class='ocrx_word' id='word_1_202' title='bbox 1421 2710 1532 2774; x_wconf 82' lang='grc'><strong>44444444</strong></span> <span class='ocrx_word' id='word_1_203' title='bbox 1547 2710 1592 2763; x_wconf 88' lang='lat' dir='ltr'><strong>de·</strong></span> 
     </span>
     <span class='ocr_line' id='line_1_19' title="bbox 272 2795 578 2861; baseline -0.003 -14"><span class='ocrx_word' id='word_1_204' title='bbox 272 2797 344 2861; x_wconf 80' lang='grc'><strong>44444</strong></span> <span class='ocrx_word' id='word_1_205' title='bbox 361 2798 394 2846; x_wconf 85' lang='grc'><strong>444</strong></span> <span class='ocrx_word' id='word_1_206' title='bbox 410 2798 479 2847; x_wconf 87' lang='grc'><strong>4444.</strong></span> <span class='ocrx_word' id='word_1_207' title='bbox 497 2795 578 2847; x_wconf 90' lang='lat' dir='ltr'><strong>idem.</strong></span> 
     </span>
    </p>

    <p class='ocr_par' dir='ltr' id='par_1_11' title="bbox 340 2878 1334 2946">
     <span class='ocr_line' id='line_1_20' title="bbox 340 2878 1334 2946; baseline -0.001 -15"><span class='ocrx_word' id='word_1_208' title='bbox 340 2880 355 2944; x_wconf 89' lang='lat'>5</span> <span class='ocrx_word' id='word_1_209' title='bbox 372 2881 403 2931; x_wconf 93' lang='grc'><strong>94</strong></span> <span class='ocrx_word' id='word_1_210' title='bbox 420 2893 447 2946; x_wconf 90' lang='grc'><strong>4.</strong></span> <span class='ocrx_word' id='word_1_211' title='bbox 465 2881 522 2940; x_wconf 89' lang='grc'><strong>440,</strong></span> <span class='ocrx_word' id='word_1_212' title='bbox 542 2880 557 2931; x_wconf 88' lang='grc'><strong>9</strong></span> <span class='ocrx_word' id='word_1_213' title='bbox 573 2884 596 2931; x_wconf 88' lang='lat' dir='ltr'><strong>et</strong></span> <span class='ocrx_word' id='word_1_214' title='bbox 612 2892 677 2942; x_wconf 80' lang='lat' dir='ltr'><strong>puae</strong></span> <span class='ocrx_word' id='word_1_215' title='bbox 691 2878 739 2944; x_wconf 83' lang='grc'><strong>444]</strong></span> <span class='ocrx_word' id='word_1_216' title='bbox 757 2891 809 2940; x_wconf 82' lang='grc'><strong>444</strong></span> <span class='ocrx_word' id='word_1_217' title='bbox 826 2879 869 2941; x_wconf 89' lang='grc'><strong>[44</strong></span> <span class='ocrx_word' id='word_1_218' title='bbox 885 2891 918 2929; x_wconf 80' lang='lat' dir='ltr'><strong>ec</strong></span> <span class='ocrx_word' id='word_1_219' title='bbox 934 2878 1013 2943; x_wconf 82' lang='grc'><strong>4444]</strong></span> <span class='ocrx_word' id='word_1_220' title='bbox 1030 2892 1089 2929; x_wconf 83' lang='lat' dir='ltr'><strong>reru</strong></span> <span class='ocrx_word' id='word_1_221' title='bbox 1103 2880 1173 2930; x_wconf 91' lang='lat' dir='ltr'><strong>coni.</strong></span> <span class='ocrx_word' id='word_1_222' title='bbox 1191 2880 1334 2943; x_wconf 80' lang='lat' dir='ltr'><strong>Kayserus.</strong></span> 
     </span>
    </p>

    <p class='ocr_par' dir='ltr' id='par_1_12' title="bbox 271 2960 1593 3446">
     <span class='ocr_line' id='line_1_21' title="bbox 340 2960 1592 3030; baseline 0 -16"><span class='ocrx_word' id='word_1_223' title='bbox 340 2963 355 3027; x_wconf 90' lang='lat'>5</span> <span class='ocrx_word' id='word_1_224' title='bbox 373 2963 420 3014; x_wconf 85' lang='grc'><strong>403</strong></span> <span class='ocrx_word' id='word_1_225' title='bbox 436 2977 464 3029; x_wconf 93' lang='lat' dir='ltr'><strong>p.</strong></span> <span class='ocrx_word' id='word_1_226' title='bbox 481 2964 538 3025; x_wconf 87' lang='grc'><strong>444,</strong></span> <span class='ocrx_word' id='word_1_227' title='bbox 557 2964 599 3015; x_wconf 90' lang='grc'><strong>36.</strong></span> <span class='ocrx_word' id='word_1_228' title='bbox 625 2965 742 3028; x_wconf 80' lang='lat' dir='ltr'><strong>Kaysero</strong></span> <span class='ocrx_word' id='word_1_229' title='bbox 763 2964 790 3013; x_wconf 93' lang='lat' dir='ltr'><strong>iu</strong></span> <span class='ocrx_word' id='word_1_230' title='bbox 812 2960 904 3013; x_wconf 76' lang='lat' dir='ltr'><strong>Annei.</strong></span> <span class='ocrx_word' id='word_1_231' title='bbox 925 2961 1095 3027; x_wconf 79' lang='lat' dir='ltr'><strong>Heidelberg.</strong></span> <span class='ocrx_word' id='word_1_232' title='bbox 1114 2964 1174 3015; x_wconf 86' lang='grc'><strong>4864</strong></span> <span class='ocrx_word' id='word_1_233' title='bbox 1202 2977 1229 3030; x_wconf 92' lang='lat' dir='ltr'><strong>p.</strong></span> <span class='ocrx_word' id='word_1_234' title='bbox 1248 2964 1295 3015; x_wconf 84' lang='grc'><strong>684</strong></span> <span class='ocrx_word' id='word_1_235' title='bbox 1318 2961 1392 3014; x_wconf 89' lang='lat' dir='ltr'><strong>locus</strong></span> <span class='ocrx_word' id='word_1_236' title='bbox 1411 2963 1450 3015; x_wconf 87' lang='lat' dir='ltr'><strong>stc</strong></span> <span class='ocrx_word' id='word_1_237' title='bbox 1466 2960 1592 3029; x_wconf 87' lang='lat' dir='ltr'><strong>supplen-</strong></span> 
     </span>
     <span class='ocr_line' id='line_1_22' title="bbox 275 3047 1592 3111; baseline 0 -12"><span class='ocrx_word' id='word_1_238' title='bbox 275 3047 325 3099; x_wconf 92' lang='lat' dir='ltr'><strong>dus</strong></span> <span class='ocrx_word' id='word_1_239' title='bbox 341 3049 459 3100; x_wconf 85' lang='lat' dir='ltr'><strong>videtur:</strong></span> <span class='ocrx_word' id='word_1_240' title='bbox 481 3049 539 3098; x_wconf 85' lang='lat' dir='ltr'><strong>Non</strong></span> <span class='ocrx_word' id='word_1_241' title='bbox 554 3062 657 3099; x_wconf 84' lang='lat' dir='ltr'><strong>neenero</strong></span> <span class='ocrx_word' id='word_1_242' title='bbox 673 3048 737 3098; x_wconf 78' lang='lat' dir='ltr'><strong>banc</strong></span> <span class='ocrx_word' id='word_1_243' title='bbox 753 3047 945 3106; x_wconf 66' lang='lat' dir='ltr'><strong>absolutionem</strong></span> <span class='ocrx_word' id='word_1_244' title='bbox 967 3047 1044 3098; x_wconf 84' lang='grc'><strong>444444</strong></span> <span class='ocrx_word' id='word_1_245' title='bbox 1059 3049 1142 3098; x_wconf 83' lang='grc'><strong>444444</strong></span> <span class='ocrx_word' id='word_1_246' title='bbox 1156 3048 1222 3098; x_wconf 84' lang='lat' dir='ltr'><strong>anien</strong></span> <span class='ocrx_word' id='word_1_247' title='bbox 1240 3052 1334 3111; x_wconf 84' lang='grc'><strong>444444,</strong></span> <span class='ocrx_word' id='word_1_248' title='bbox 1356 3052 1385 3097; x_wconf 88' lang='lat' dir='ltr'><strong>ut</strong></span> <span class='ocrx_word' id='word_1_249' title='bbox 1400 3047 1471 3099; x_wconf 84' lang='lat' dir='ltr'><strong>illane</strong></span> <span class='ocrx_word' id='word_1_250' title='bbox 1485 3048 1592 3099; x_wconf 77' lang='grc'><strong>4444444444</strong></span> 
     </span>
     <span class='ocr_line' id='line_1_23' title="bbox 273 3130 1593 3196; baseline -0.001 -11"><span class='ocrx_word' id='word_1_251' title='bbox 273 3148 324 3185; x_wconf 91' lang='lat' dir='ltr'><strong>non</strong></span> <span class='ocrx_word' id='word_1_252' title='bbox 339 3133 488 3184; x_wconf 78' lang='lat' dir='ltr'><strong>commiserit</strong></span> <span class='ocrx_word' id='word_1_253' title='bbox 504 3130 568 3195; x_wconf 80' lang='lat' dir='ltr'><strong>(scil.</strong></span> <span class='ocrx_word' id='word_1_254' title='bbox 582 3131 654 3196; x_wconf 92' lang='lat' dir='ltr'><strong>quod</strong></span> <span class='ocrx_word' id='word_1_255' title='bbox 672 3146 723 3182; x_wconf 93' lang='lat' dir='ltr'><strong>non</strong></span> <span class='ocrx_word' id='word_1_256' title='bbox 741 3144 805 3183; x_wconf 82' lang='lat' dir='ltr'><strong>suae</strong></span> <span class='ocrx_word' id='word_1_257' title='bbox 823 3130 948 3181; x_wconf 85' lang='lat' dir='ltr'><strong>decuriae</strong></span> <span class='ocrx_word' id='word_1_258' title='bbox 966 3143 1076 3183; x_wconf 92' lang='lat' dir='ltr'><strong>munere</strong></span> <span class='ocrx_word' id='word_1_259' title='bbox 1094 3144 1182 3195; x_wconf 84' lang='lat' dir='ltr'><strong>neque</strong></span> <span class='ocrx_word' id='word_1_260' title='bbox 1199 3145 1231 3183; x_wconf 84' lang='lat' dir='ltr'><strong>er</strong></span> <span class='ocrx_word' id='word_1_261' title='bbox 1248 3130 1306 3195; x_wconf 89' lang='lat' dir='ltr'><strong>lege</strong></span> <span class='ocrx_word' id='word_1_262' title='bbox 1317 3130 1453 3195; x_wconf 79' lang='grc'><strong>44444444),</strong></span> <span class='ocrx_word' id='word_1_263' title='bbox 1470 3134 1593 3195; x_wconf 72' lang='lat' dir='ltr'><strong>accepisse</strong></span> 
     </span>
     <span class='ocr_line' id='line_1_24' title="bbox 274 3214 1592 3279; baseline 0.001 -13"><span class='ocrx_word' id='word_1_264' title='bbox 274 3220 358 3266; x_wconf 86' lang='lat' dir='ltr'><strong>tomen</strong></span> <span class='ocrx_word' id='word_1_265' title='bbox 373 3214 403 3265; x_wconf 87' lang='grc'><strong>46</strong></span> <span class='ocrx_word' id='word_1_266' title='bbox 418 3228 472 3264; x_wconf 89' lang='lat' dir='ltr'><strong>rem</strong></span> <span class='ocrx_word' id='word_1_267' title='bbox 487 3214 649 3264; x_wconf 86' lang='lat' dir='ltr'><strong>iudicandam</strong></span> <span class='ocrx_word' id='word_1_268' title='bbox 663 3215 808 3277; x_wconf 88' lang='lat' dir='ltr'><strong>pecuniam,</strong></span> <span class='ocrx_word' id='word_1_269' title='bbox 828 3220 856 3265; x_wconf 89' lang='lat' dir='ltr'><strong>ut</strong></span> <span class='ocrx_word' id='word_1_270' title='bbox 872 3215 1001 3276; x_wconf 76' lang='lat' dir='ltr'><strong>Staienus,</strong></span> <span class='ocrx_word' id='word_1_271' title='bbox 1019 3217 1062 3278; x_wconf 82' lang='lat' dir='ltr'><strong>put</strong></span> <span class='ocrx_word' id='word_1_272' title='bbox 1077 3216 1213 3267; x_wconf 81' lang='grc'><strong>4444444444</strong></span> <span class='ocrx_word' id='word_1_273' title='bbox 1228 3220 1264 3267; x_wconf 85' lang='lat' dir='ltr'><strong>ert</strong></span> <span class='ocrx_word' id='word_1_274' title='bbox 1279 3216 1424 3279; x_wconf 66' lang='lat' dir='ltr'><strong>dannatus,</strong></span> <span class='ocrx_word' id='word_1_275' title='bbox 1442 3230 1499 3267; x_wconf 82' lang='grc'><strong>4444</strong></span> <span class='ocrx_word' id='word_1_276' title='bbox 1514 3217 1592 3268; x_wconf 78' lang='lat' dir='ltr'><strong>iudea</strong></span> 
     </span>
     <span class='ocr_line' id='line_1_25' title="bbox 271 3299 1593 3365; baseline 0.002 -15"><span class='ocrx_word' id='word_1_277' title='bbox 271 3300 404 3362; x_wconf 87' lang='lat' dir='ltr'><strong>pecuniam</strong></span> <span class='ocrx_word' id='word_1_278' title='bbox 420 3299 564 3361; x_wconf 76' lang='lat' dir='ltr'><strong>accepisset,</strong></span> <span class='ocrx_word' id='word_1_279' title='bbox 582 3310 685 3349; x_wconf 83' lang='lat' dir='ltr'><strong>caueam</strong></span> <span class='ocrx_word' id='word_1_280' title='bbox 701 3303 784 3349; x_wconf 91' lang='lat' dir='ltr'><strong>tamen</strong></span> <span class='ocrx_word' id='word_1_281' title='bbox 799 3311 924 3362; x_wconf 79' lang='lat' dir='ltr'><strong>nusquam</strong></span> <span class='ocrx_word' id='word_1_282' title='bbox 939 3312 971 3349; x_wconf 88' lang='lat' dir='ltr'><strong>ea</strong></span> <span class='ocrx_word' id='word_1_283' title='bbox 987 3300 1085 3363; x_wconf 79' lang='lat' dir='ltr'><strong>quidem</strong></span> <span class='ocrx_word' id='word_1_284' title='bbox 1100 3300 1152 3365; x_wconf 85' lang='grc'><strong>4444</strong></span> <span class='ocrx_word' id='word_1_285' title='bbox 1168 3300 1249 3351; x_wconf 74' lang='lat' dir='ltr'><strong>diat:</strong></span> <span class='ocrx_word' id='word_1_286' title='bbox 1271 3300 1406 3364; x_wconf 82' lang='grc'><strong>4444444444</strong></span> <span class='ocrx_word' id='word_1_287' title='bbox 1420 3300 1515 3352; x_wconf 78' lang='lat' dir='ltr'><strong>aimei</strong></span> <span class='ocrx_word' id='word_1_288' title='bbox 1529 3300 1593 3352; x_wconf 85' lang='grc'><strong>4444444</strong></span> 
     </span>
     <span class='ocr_line' id='line_1_26' title="bbox 274 3382 983 3446; baseline -0.001 -13"><span class='ocrx_word' id='word_1_289' title='bbox 274 3382 424 3446; x_wconf 76' lang='lat' dir='ltr'><strong>quaestionis</strong></span> <span class='ocrx_word' id='word_1_290' title='bbox 439 3383 491 3433; x_wconf 80' lang='lat' dir='ltr'><strong>eiua</strong></span> <span class='ocrx_word' id='word_1_291' title='bbox 507 3396 558 3433; x_wconf 91' lang='lat' dir='ltr'><strong>non</strong></span> <span class='ocrx_word' id='word_1_292' title='bbox 573 3382 629 3445; x_wconf 72' lang='lat' dir='ltr'><strong>tuit.</strong></span> <span class='ocrx_word' id='word_1_293' title='bbox 981 3393 983 3395; x_wconf 85' lang='lat'>·</span> 
     </span>
    </p>

    <p class='ocr_par' dir='ltr' id='par_1_13' title="bbox 338 3464 895 3531">
     <span class='ocr_line' id='line_1_27' title="bbox 338 3464 895 3531; baseline 0.002 -15"><span class='ocrx_word' id='word_1_294' title='bbox 338 3468 356 3531; x_wconf 79' lang='lat'>5</span> <span class='ocrx_word' id='word_1_295' title='bbox 373 3468 419 3517; x_wconf 88' lang='grc'><strong>404</strong></span> <span class='ocrx_word' id='word_1_296' title='bbox 437 3479 464 3531; x_wconf 93' lang='lat' dir='ltr'>p.</span> <span class='ocrx_word' id='word_1_297' title='bbox 482 3467 543 3529; x_wconf 87' lang='grc'><strong>444,</strong></span> <span class='ocrx_word' id='word_1_298' title='bbox 562 3465 593 3516; x_wconf 87' lang='grc'><strong>34</strong></span> <span class='ocrx_word' id='word_1_299' title='bbox 611 3464 655 3530; x_wconf 90' lang='grc'><strong>444]</strong></span> <span class='ocrx_word' id='word_1_300' title='bbox 673 3466 718 3515; x_wconf 88' lang='lat' dir='ltr'><strong>iliu</strong></span> <span class='ocrx_word' id='word_1_301' title='bbox 734 3467 895 3518; x_wconf 73' lang='lat' dir='ltr'><strong>Torrentius.</strong></span> 
     </span>
    </p>

    <p class='ocr_par' dir='ltr' id='par_1_14' title="bbox 272 3549 1592 3788">
     <span class='ocr_line' id='line_1_28' title="bbox 340 3549 1592 3617; baseline 0.001 -16"><span class='ocrx_word' id='word_1_302' title='bbox 340 3550 354 3615; x_wconf 84' lang='lat'>5</span> <span class='ocrx_word' id='word_1_303' title='bbox 373 3552 417 3601; x_wconf 90' lang='grc'><strong>444</strong></span> <span class='ocrx_word' id='word_1_304' title='bbox 437 3564 464 3617; x_wconf 92' lang='lat' dir='ltr'>p.</span> <span class='ocrx_word' id='word_1_305' title='bbox 483 3549 546 3611; x_wconf 86' lang='grc'><strong>444,</strong></span> <span class='ocrx_word' id='word_1_306' title='bbox 565 3549 580 3600; x_wconf 88' lang='grc'><strong>4</strong></span> <span class='ocrx_word' id='word_1_307' title='bbox 597 3551 672 3600; x_wconf 86' lang='lat' dir='ltr'><strong>etiam</strong></span> <span class='ocrx_word' id='word_1_308' title='bbox 688 3549 771 3600; x_wconf 89' lang='lat' dir='ltr'><strong>habet</strong></span> <span class='ocrx_word' id='word_1_309' title='bbox 788 3551 940 3601; x_wconf 85' lang='lat' dir='ltr'><strong>Torrentius</strong></span> <span class='ocrx_word' id='word_1_310' title='bbox 958 3562 1073 3614; x_wconf 91' lang='lat' dir='ltr'><strong>quoque.</strong></span> <span class='ocrx_word' id='word_1_311' title='bbox 1093 3576 1121 3588; x_wconf 92' lang='lat'><em>—</em></span> <span class='ocrx_word' id='word_1_312' title='bbox 1144 3552 1185 3602; x_wconf 89' lang='grc'><strong>44.</strong></span> <span class='ocrx_word' id='word_1_313' title='bbox 1202 3551 1257 3601; x_wconf 84' lang='lat' dir='ltr'><strong>iam</strong></span> <span class='ocrx_word' id='word_1_314' title='bbox 1274 3551 1443 3615; x_wconf 85' lang='grc'><strong>4444444444·</strong></span> <span class='ocrx_word' id='word_1_315' title='bbox 1462 3552 1541 3614; x_wconf 80' lang='grc'><strong>444444</strong></span> <span class='ocrx_word' id='word_1_316' title='bbox 1559 3551 1592 3603; x_wconf 88' lang='grc'><strong>44</strong></span> 
     </span>
     <span class='ocr_line' id='line_1_29' title="bbox 273 3633 1592 3702; baseline 0 -14"><span class='ocrx_word' id='word_1_317' title='bbox 273 3636 344 3688; x_wconf 85' lang='lat' dir='ltr'><strong>initio</strong></span> <span class='ocrx_word' id='word_1_318' title='bbox 360 3650 410 3687; x_wconf 87' lang='lat' dir='ltr'><strong>non</strong></span> <span class='ocrx_word' id='word_1_319' title='bbox 425 3635 513 3688; x_wconf 82' lang='grc'><strong>44444444</strong></span> <span class='ocrx_word' id='word_1_320' title='bbox 529 3634 599 3686; x_wconf 88' lang='lat' dir='ltr'><strong>coni.</strong></span> <span class='ocrx_word' id='word_1_321' title='bbox 612 3635 745 3698; x_wconf 78' lang='lat' dir='ltr'><strong>Kaysems</strong></span> <span class='ocrx_word' id='word_1_322' title='bbox 762 3633 904 3698; x_wconf 87' lang='lat' dir='ltr'><strong>eidemque</strong></span> <span class='ocrx_word' id='word_1_323' title='bbox 917 3648 943 3686; x_wconf 89' lang='grc'><strong>4.</strong></span> <span class='ocrx_word' id='word_1_324' title='bbox 956 3635 984 3685; x_wconf 88' lang='grc'><strong>44</strong></span> <span class='ocrx_word' id='word_1_325' title='bbox 1005 3646 1048 3684; x_wconf 86' lang='grc'><strong>44.</strong></span> <span class='ocrx_word' id='word_1_326' title='bbox 1066 3634 1159 3698; x_wconf 73' lang='lat' dir='ltr'><strong>atiena</strong></span> <span class='ocrx_word' id='word_1_327' title='bbox 1169 3635 1335 3699; x_wconf 79' lang='lat' dir='ltr'><strong>Oppianimrm</strong></span> <span class='ocrx_word' id='word_1_328' title='bbox 1349 3638 1432 3702; x_wconf 79' lang='grc'><strong>444444</strong></span> <span class='ocrx_word' id='word_1_329' title='bbox 1442 3637 1592 3688; x_wconf 80' lang='grc'><strong>444444444-</strong></span> 
     </span>
     <span class='ocr_line' id='line_1_30' title="bbox 272 3717 1590 3788; baseline 0.001 -16"><span class='ocrx_word' id='word_1_330' title='bbox 272 3723 309 3772; x_wconf 91' lang='grc'><strong>444</strong></span> <span class='ocrx_word' id='word_1_331' title='bbox 324 3720 402 3788; x_wconf 87' lang='lat' dir='ltr'><strong>plene</strong></span> <span class='ocrx_word' id='word_1_332' title='bbox 419 3732 616 3786; x_wconf 81' lang='lat' dir='ltr'><strong>supervacanea</strong></span> <span class='ocrx_word' id='word_1_333' title='bbox 631 3718 763 3769; x_wconf 81' lang='lat' dir='ltr'><strong>videntur.</strong></span> <span class='ocrx_word' id='word_1_334' title='bbox 782 3717 861 3769; x_wconf 81' lang='lat' dir='ltr'><strong>Paulo</strong></span> <span class='ocrx_word' id='word_1_335' title='bbox 876 3721 936 3785; x_wconf 89' lang='lat' dir='ltr'><strong>post</strong></span> <span class='ocrx_word' id='word_1_336' title='bbox 946 3733 972 3768; x_wconf 86' lang='grc'><strong>4.</strong></span> <span class='ocrx_word' id='word_1_337' title='bbox 985 3719 1017 3769; x_wconf 89' lang='grc'><strong>46</strong></span> <span class='ocrx_word' id='word_1_338' title='bbox 1030 3721 1160 3782; x_wconf 85' lang='lat' dir='ltr'><strong>proiciam</strong></span> <span class='ocrx_word' id='word_1_339' title='bbox 1175 3733 1225 3785; x_wconf 91' lang='lat' dir='ltr'><strong>pro</strong></span> <span class='ocrx_word' id='word_1_340' title='bbox 1241 3719 1362 3772; x_wconf 79' lang='grc'><strong>4444444444</strong></span> <span class='ocrx_word' id='word_1_341' title='bbox 1376 3719 1465 3785; x_wconf 88' lang='lat' dir='ltr'><strong>legere</strong></span> <span class='ocrx_word' id='word_1_342' title='bbox 1482 3720 1590 3773; x_wconf 85' lang='lat' dir='ltr'><strong>mavult.</strong></span> 
     </span>
    </p>

    <p class='ocr_par' dir='ltr' id='par_1_15' title="bbox 339 3800 1047 3869">
     <span class='ocr_line' id='line_1_31' title="bbox 339 3800 1047 3869; baseline -0.001 -14"><span class='ocrx_word' id='word_1_343' title='bbox 339 3805 354 3869; x_wconf 99' lang='lat'>5</span> <span class='ocrx_word' id='word_1_344' title='bbox 372 3805 414 3855; x_wconf 86' lang='grc'><strong>444</strong></span> <span class='ocrx_word' id='word_1_345' title='bbox 436 3817 462 3869; x_wconf 95' lang='lat' dir='ltr'>p.</span> <span class='ocrx_word' id='word_1_346' title='bbox 480 3804 537 3863; x_wconf 85' lang='grc'><strong>446,</strong></span> <span class='ocrx_word' id='word_1_347' title='bbox 556 3803 587 3854; x_wconf 86' lang='grc'><strong>34</strong></span> <span class='ocrx_word' id='word_1_348' title='bbox 604 3803 676 3854; x_wconf 87' lang='grc'><strong>444444</strong></span> <span class='ocrx_word' id='word_1_349' title='bbox 691 3800 773 3852; x_wconf 84' lang='lat' dir='ltr'><strong>babet</strong></span> <span class='ocrx_word' id='word_1_350' title='bbox 789 3805 870 3854; x_wconf 90' lang='lat' dir='ltr'><strong>etiam</strong></span> <span class='ocrx_word' id='word_1_351' title='bbox 886 3803 1047 3854; x_wconf 88' lang='lat' dir='ltr'><strong>Torrentius.</strong></span> 
     </span>
    </p>

    <p class='ocr_par' dir='ltr' id='par_1_16' title="bbox 340 3887 1407 3953">
     <span class='ocr_line' id='line_1_32' title="bbox 340 3887 1407 3953; baseline 0.002 -15"><span class='ocrx_word' id='word_1_352' title='bbox 340 3889 355 3953; x_wconf 86' lang='lat'>5</span> <span class='ocrx_word' id='word_1_353' title='bbox 373 3888 421 3939; x_wconf 82' lang='grc'><strong>444</strong></span> <span class='ocrx_word' id='word_1_354' title='bbox 437 3900 464 3952; x_wconf 94' lang='lat' dir='ltr'>p.</span> <span class='ocrx_word' id='word_1_355' title='bbox 482 3888 545 3949; x_wconf 89' lang='grc'><strong>488,</strong></span> <span class='ocrx_word' id='word_1_356' title='bbox 564 3888 592 3938; x_wconf 87' lang='grc'><strong>44</strong></span> <span class='ocrx_word' id='word_1_357' title='bbox 612 3890 672 3952; x_wconf 88' lang='lat' dir='ltr'><strong>post</strong></span> <span class='ocrx_word' id='word_1_358' title='bbox 688 3888 861 3952; x_wconf 79' lang='lat' dir='ltr'><strong>adstriapatur</strong></span> <span class='ocrx_word' id='word_1_359' title='bbox 877 3889 995 3952; x_wconf 83' lang='lat' dir='ltr'><strong>Kaysero</strong></span> <span class='ocrx_word' id='word_1_360' title='bbox 1012 3887 1145 3951; x_wconf 87' lang='lat' dir='ltr'><strong>quaedam</strong></span> <span class='ocrx_word' id='word_1_361' title='bbox 1162 3887 1258 3941; x_wconf 87' lang='lat' dir='ltr'><strong>deesse</strong></span> <span class='ocrx_word' id='word_1_362' title='bbox 1274 3888 1407 3940; x_wconf 85' lang='lat' dir='ltr'><strong>videntur.</strong></span> 
     </span>
    </p>

    <p class='ocr_par' dir='ltr' id='par_1_17' title="bbox 339 3970 1033 4036">
     <span class='ocr_line' id='line_1_33' title="bbox 339 3970 1033 4036; baseline 0.001 -15"><span class='ocrx_word' id='word_1_363' title='bbox 339 3972 355 4036; x_wconf 87' lang='lat'>5</span> <span class='ocrx_word' id='word_1_364' title='bbox 373 3971 422 4021; x_wconf 90' lang='grc'><strong>448</strong></span> <span class='ocrx_word' id='word_1_365' title='bbox 438 3984 466 4035; x_wconf 91' lang='lat' dir='ltr'>p.</span> <span class='ocrx_word' id='word_1_366' title='bbox 484 3971 543 4032; x_wconf 90' lang='grc'><strong>494,</strong></span> <span class='ocrx_word' id='word_1_367' title='bbox 561 3971 601 4020; x_wconf 89' lang='grc'><strong>44.</strong></span> <span class='ocrx_word' id='word_1_368' title='bbox 619 3971 750 4034; x_wconf 83' lang='lat' dir='ltr'><strong>Perspicite</strong></span> <span class='ocrx_word' id='word_1_369' title='bbox 765 3976 849 4022; x_wconf 84' lang='lat' dir='ltr'><strong>cetera</strong></span> <span class='ocrx_word' id='word_1_370' title='bbox 865 3970 936 4022; x_wconf 88' lang='lat' dir='ltr'><strong>delet</strong></span> <span class='ocrx_word' id='word_1_371' title='bbox 952 3970 1033 4022; x_wconf 90' lang='lat' dir='ltr'><strong>idem.</strong></span> 
     </span>
    </p>

    <p class='ocr_par' dir='ltr' id='par_1_18' title="bbox 272 4052 1593 4625">
     <span class='ocr_line' id='line_1_34' title="bbox 340 4052 1591 4119; baseline 0.002 -15"><span class='ocrx_word' id='word_1_372' title='bbox 340 4054 356 4118; x_wconf 86' lang='lat'>5</span> <span class='ocrx_word' id='word_1_373' title='bbox 374 4054 420 4105; x_wconf 83' lang='grc'><strong>494</strong></span> <span class='ocrx_word' id='word_1_374' title='bbox 438 4066 464 4118; x_wconf 94' lang='lat' dir='ltr'>p.</span> <span class='ocrx_word' id='word_1_375' title='bbox 482 4054 544 4115; x_wconf 92' lang='grc'><strong>498,</strong></span> <span class='ocrx_word' id='word_1_376' title='bbox 563 4052 603 4104; x_wconf 86' lang='grc'><strong>34.</strong></span> <span class='ocrx_word' id='word_1_377' title='bbox 621 4054 969 4117; x_wconf 79' lang='lat' dir='ltr'><strong>Prmirittudbactmrpore&#39;</strong></span> <span class='ocrx_word' id='word_1_378' title='bbox 984 4054 1591 4119; x_wconf 80' lang='lat' dir='ltr'><strong>etmuiieritueoppidumreitateessetraditem</strong></span> 
     </span>
     <span class='ocr_line' id='line_1_35' title="bbox 274 4137 1592 4203; baseline 0.002 -15"><span class='ocrx_word' id='word_1_379' title='bbox 274 4139 348 4201; x_wconf 79' lang='lat' dir='ltr'><strong>idque</strong></span> <span class='ocrx_word' id='word_1_380' title='bbox 363 4139 391 4188; x_wconf 89' lang='lat' dir='ltr'><strong>tn</strong></span> <span class='ocrx_word' id='word_1_381' title='bbox 404 4137 550 4202; x_wconf 82' lang='lat' dir='ltr'><strong>praesentia</strong></span> <span class='ocrx_word' id='word_1_382' title='bbox 565 4139 689 4188; x_wconf 79' lang='grc'><strong>4444444444</strong></span> <span class='ocrx_word' id='word_1_383' title='bbox 708 4138 797 4188; x_wconf 86' lang='lat' dir='ltr'><strong>ltaliae</strong></span> <span class='ocrx_word' id='word_1_384' title='bbox 813 4151 878 4203; x_wconf 91' lang='lat' dir='ltr'><strong>pace</strong></span> <span class='ocrx_word' id='word_1_385' title='bbox 897 4141 923 4188; x_wconf 90' lang='lat' dir='ltr'><strong>tn</strong></span> <span class='ocrx_word' id='word_1_386' title='bbox 944 4139 1082 4189; x_wconf 79' lang='grc'><strong>(4444444444</strong></span> <span class='ocrx_word' id='word_1_387' title='bbox 1100 4140 1177 4202; x_wconf 82' lang='lat' dir='ltr'><strong>copiis</strong></span> <span class='ocrx_word' id='word_1_388' title='bbox 1191 4153 1242 4191; x_wconf 82' lang='lat' dir='ltr'><strong>erse</strong></span> <span class='ocrx_word' id='word_1_389' title='bbox 1256 4144 1345 4190; x_wconf 83' lang='grc'><strong>4444444.</strong></span> <span class='ocrx_word' id='word_1_390' title='bbox 1370 4138 1438 4190; x_wconf 83' lang='lat' dir='ltr'><strong>Nihil</strong></span> <span class='ocrx_word' id='word_1_391' title='bbox 1454 4141 1496 4190; x_wconf 88' lang='lat' dir='ltr'><strong>est</strong></span> <span class='ocrx_word' id='word_1_392' title='bbox 1511 4145 1592 4191; x_wconf 83' lang='lat' dir='ltr'><strong>tutum</strong></span> 
     </span>
     <span class='ocr_line' id='line_1_36' title="bbox 275 4221 1593 4288; baseline 0.002 -14"><span class='ocrx_word' id='word_1_393' title='bbox 275 4235 325 4274; x_wconf 83' lang='lat' dir='ltr'><strong>esse</strong></span> <span class='ocrx_word' id='word_1_394' title='bbox 339 4223 367 4273; x_wconf 90' lang='grc'><strong>44</strong></span> <span class='ocrx_word' id='word_1_395' title='bbox 384 4222 519 4273; x_wconf 69' lang='lat' dir='ltr'><strong>amatote</strong></span> <span class='ocrx_word' id='word_1_396' title='bbox 534 4222 612 4285; x_wconf 87' lang='lat' dir='ltr'><strong>copiis</strong></span> <span class='ocrx_word' id='word_1_397' title='bbox 628 4235 678 4273; x_wconf 88' lang='lat' dir='ltr'><strong>nec</strong></span> <span class='ocrx_word' id='word_1_398' title='bbox 694 4223 759 4273; x_wconf 87' lang='lat' dir='ltr'><strong>setis</strong></span> <span class='ocrx_word' id='word_1_399' title='bbox 776 4221 817 4285; x_wconf 91' lang='lat' dir='ltr'><strong>id,</strong></span> <span class='ocrx_word' id='word_1_400' title='bbox 835 4222 907 4287; x_wconf 86' lang='lat' dir='ltr'><strong>quod</strong></span> <span class='ocrx_word' id='word_1_401' title='bbox 924 4221 976 4273; x_wconf 92' lang='lat' dir='ltr'><strong>dici</strong></span> <span class='ocrx_word' id='word_1_402' title='bbox 993 4221 1089 4285; x_wconf 88' lang='lat' dir='ltr'><strong>debet,</strong></span> <span class='ocrx_word' id='word_1_403' title='bbox 1107 4224 1264 4288; x_wconf 85' lang='lat' dir='ltr'><strong>exprimitur</strong></span> <span class='ocrx_word' id='word_1_404' title='bbox 1279 4221 1343 4274; x_wconf 85' lang='lat' dir='ltr'><strong>iilis:</strong></span> <span class='ocrx_word' id='word_1_405' title='bbox 1363 4224 1488 4274; x_wconf 75' lang='lat' dir='ltr'><strong>commatri</strong></span> <span class='ocrx_word' id='word_1_406' title='bbox 1503 4224 1593 4276; x_wconf 85' lang='lat' dir='ltr'><strong>ltaliae</strong></span> 
     </span>
     <span class='ocr_line' id='line_1_37' title="bbox 272 4305 1592 4372; baseline 0.002 -15"><span class='ocrx_word' id='word_1_407' title='bbox 272 4319 336 4369; x_wconf 88' lang='grc'><strong>4444</strong></span> <span class='ocrx_word' id='word_1_408' title='bbox 350 4319 401 4357; x_wconf 85' lang='grc'><strong>4444</strong></span> <span class='ocrx_word' id='word_1_409' title='bbox 420 4311 515 4367; x_wconf 82' lang='lat' dir='ltr'><strong>tutum;</strong></span> <span class='ocrx_word' id='word_1_410' title='bbox 539 4306 591 4357; x_wconf 90' lang='lat' dir='ltr'><strong>dici</strong></span> <span class='ocrx_word' id='word_1_411' title='bbox 611 4307 682 4358; x_wconf 92' lang='lat' dir='ltr'><strong>enim</strong></span> <span class='ocrx_word' id='word_1_412' title='bbox 699 4305 828 4369; x_wconf 86' lang='lat' dir='ltr'><strong>debebat,</strong></span> <span class='ocrx_word' id='word_1_413' title='bbox 851 4319 904 4370; x_wconf 90' lang='lat' dir='ltr'><strong>quo</strong></span> <span class='ocrx_word' id='word_1_414' title='bbox 925 4307 1034 4372; x_wconf 86' lang='lat' dir='ltr'><strong>proprio</strong></span> <span class='ocrx_word' id='word_1_415' title='bbox 1050 4307 1183 4371; x_wconf 87' lang='lat' dir='ltr'><strong>praesidio</strong></span> <span class='ocrx_word' id='word_1_416' title='bbox 1199 4309 1317 4368; x_wconf 86' lang='lat' dir='ltr'><strong>careret,</strong></span> <span class='ocrx_word' id='word_1_417' title='bbox 1340 4305 1447 4358; x_wconf 89' lang='lat' dir='ltr'><strong>utillud</strong></span> <span class='ocrx_word' id='word_1_418' title='bbox 1464 4320 1547 4359; x_wconf 90' lang='lat' dir='ltr'><strong>unum</strong></span> <span class='ocrx_word' id='word_1_419' title='bbox 1564 4311 1592 4360; x_wconf 90' lang='lat' dir='ltr'><strong>in</strong></span> 
     </span>
     <span class='ocr_line' id='line_1_38' title="bbox 275 4390 1593 4457; baseline 0.002 -16"><span class='ocrx_word' id='word_1_420' title='bbox 275 4392 411 4441; x_wconf 88' lang='lat' dir='ltr'><strong>communi</strong></span> <span class='ocrx_word' id='word_1_421' title='bbox 427 4403 493 4455; x_wconf 86' lang='lat' dir='ltr'><strong>pace</strong></span> <span class='ocrx_word' id='word_1_422' title='bbox 511 4392 627 4456; x_wconf 87' lang='lat' dir='ltr'><strong>positum</strong></span> <span class='ocrx_word' id='word_1_423' title='bbox 644 4393 804 4457; x_wconf 87' lang='lat' dir='ltr'><strong>superesset.</strong></span> <span class='ocrx_word' id='word_1_424' title='bbox 831 4391 979 4455; x_wconf 86' lang='lat' dir='ltr'><strong>scripserat</strong></span> <span class='ocrx_word' id='word_1_425' title='bbox 996 4390 1104 4442; x_wconf 85' lang='lat' dir='ltr'><strong>cicero:</strong></span> <span class='ocrx_word' id='word_1_426' title='bbox 1124 4392 1248 4442; x_wconf 79' lang='grc'><strong>4444444444</strong></span> <span class='ocrx_word' id='word_1_427' title='bbox 1267 4390 1356 4441; x_wconf 83' lang='lat' dir='ltr'><strong>ltaliae</strong></span> <span class='ocrx_word' id='word_1_428' title='bbox 1369 4404 1446 4453; x_wconf 88' lang='lat' dir='ltr'><strong>pace,</strong></span> <span class='ocrx_word' id='word_1_429' title='bbox 1470 4406 1531 4442; x_wconf 85' lang='grc'><strong>4444</strong></span> <span class='ocrx_word' id='word_1_430' title='bbox 1546 4392 1593 4444; x_wconf 89' lang='lat' dir='ltr'><strong>do-</strong></span> 
     </span>
     <span class='ocr_line' id='line_1_39' title="bbox 274 4473 1591 4541; baseline 0.003 -17"><span class='ocrx_word' id='word_1_431' title='bbox 274 4474 380 4524; x_wconf 80' lang='lat' dir='ltr'><strong>mesticis</strong></span> <span class='ocrx_word' id='word_1_432' title='bbox 401 4475 479 4537; x_wconf 83' lang='grc'><strong>444444</strong></span> <span class='ocrx_word' id='word_1_433' title='bbox 499 4488 550 4526; x_wconf 83' lang='lat' dir='ltr'><strong>eree</strong></span> <span class='ocrx_word' id='word_1_434' title='bbox 568 4481 657 4526; x_wconf 85' lang='lat' dir='ltr'><strong>tutren.</strong></span> <span class='ocrx_word' id='word_1_435' title='bbox 684 4476 771 4536; x_wconf 82' lang='lat' dir='ltr'><strong>Quum</strong></span> <span class='ocrx_word' id='word_1_436' title='bbox 788 4487 882 4526; x_wconf 88' lang='lat' dir='ltr'><strong>omnes</strong></span> <span class='ocrx_word' id='word_1_437' title='bbox 897 4476 947 4525; x_wconf 85' lang='lat' dir='ltr'><strong>viri</strong></span> <span class='ocrx_word' id='word_1_438' title='bbox 969 4476 1103 4526; x_wconf 80' lang='lat' dir='ltr'><strong>Larinates</strong></span> <span class='ocrx_word' id='word_1_439' title='bbox 1120 4477 1231 4526; x_wconf 78' lang='lat' dir='ltr'><strong>Romam</strong></span> <span class='ocrx_word' id='word_1_440' title='bbox 1252 4474 1362 4541; x_wconf 87' lang='lat' dir='ltr'><strong>proiecti</strong></span> <span class='ocrx_word' id='word_1_441' title='bbox 1379 4479 1483 4541; x_wconf 87' lang='lat' dir='ltr'><strong>essent,</strong></span> <span class='ocrx_word' id='word_1_442' title='bbox 1504 4473 1591 4530; x_wconf 82' lang='lat' dir='ltr'><strong>nullae</strong></span> 
     </span>
     <span class='ocr_line' id='line_1_40' title="bbox 275 4558 1194 4625; baseline 0.002 -17"><span class='ocrx_word' id='word_1_443' title='bbox 275 4560 362 4621; x_wconf 88' lang='lat' dir='ltr'><strong>erant,</strong></span> <span class='ocrx_word' id='word_1_444' title='bbox 381 4571 450 4623; x_wconf 86' lang='lat' dir='ltr'><strong>quae</strong></span> <span class='ocrx_word' id='word_1_445' title='bbox 466 4558 595 4624; x_wconf 93' lang='lat' dir='ltr'><strong>oppidum</strong></span> <span class='ocrx_word' id='word_1_446' title='bbox 612 4561 765 4621; x_wconf 89' lang='lat' dir='ltr'><strong>tuerentur,</strong></span> <span class='ocrx_word' id='word_1_447' title='bbox 783 4559 947 4610; x_wconf 79' lang='lat' dir='ltr'><strong>domesticae</strong></span> <span class='ocrx_word' id='word_1_448' title='bbox 966 4560 1067 4625; x_wconf 89' lang='lat' dir='ltr'><strong>copiae.</strong></span> <span class='ocrx_word' id='word_1_449' title='bbox 1085 4560 1194 4611; x_wconf 79' lang='grc'><strong>4444444.</strong></span> 
     </span>
    </p>

    <p class='ocr_par' dir='ltr' id='par_1_19' title="bbox 339 4640 918 4708">
     <span class='ocr_line' id='line_1_41' title="bbox 339 4640 918 4708; baseline 0.002 -16"><span class='ocrx_word' id='word_1_450' title='bbox 339 4640 355 4706; x_wconf 89' lang='lat'>5</span> <span class='ocrx_word' id='word_1_451' title='bbox 373 4642 420 4693; x_wconf 81' lang='grc'><strong>489</strong></span> <span class='ocrx_word' id='word_1_452' title='bbox 436 4656 462 4708; x_wconf 96' lang='lat' dir='ltr'>p.</span> <span class='ocrx_word' id='word_1_453' title='bbox 481 4643 539 4706; x_wconf 90' lang='grc'><strong>499,</strong></span> <span class='ocrx_word' id='word_1_454' title='bbox 557 4643 589 4695; x_wconf 86' lang='grc'><strong>33</strong></span> <span class='ocrx_word' id='word_1_455' title='bbox 605 4656 675 4695; x_wconf 89' lang='lat' dir='ltr'><strong>corr.</strong></span> <span class='ocrx_word' id='word_1_456' title='bbox 692 4644 724 4694; x_wconf 78' lang='lat' dir='ltr'><strong>at</strong></span> <span class='ocrx_word' id='word_1_457' title='bbox 739 4654 804 4706; x_wconf 83' lang='lat' dir='ltr'><strong>puae</strong></span> <span class='ocrx_word' id='word_1_458' title='bbox 819 4647 918 4695; x_wconf 85' lang='lat' dir='ltr'><strong>mater!</strong></span> 
     </span>
    </p>
   </div>
   <div class='ocr_carea' id='block_1_3' title="bbox 274 4743 1593 4894">
    <p class='ocr_par' dir='ltr' id='par_1_20' title="bbox 274 4743 1593 4894">
     <span class='ocr_line' id='line_1_42' title="bbox 338 4743 1592 4812; baseline 0.002 -17"><span class='ocrx_word' id='word_1_459' title='bbox 338 4743 379 4796; x_wconf 80' lang='lat' dir='ltr'><strong>Ad</strong></span> <span class='ocrx_word' id='word_1_460' title='bbox 398 4752 538 4800; x_wconf 72' lang='grc'><strong>44444444·</strong></span> <span class='ocrx_word' id='word_1_461' title='bbox 557 4754 586 4800; x_wconf 87' lang='lat' dir='ltr'><strong>ln</strong></span> <span class='ocrx_word' id='word_1_462' title='bbox 605 4753 713 4801; x_wconf 80' lang='grc'><strong>44444444</strong></span> <span class='ocrx_word' id='word_1_463' title='bbox 727 4753 762 4800; x_wconf 83' lang='grc'><strong>444</strong></span> <span class='ocrx_word' id='word_1_464' title='bbox 778 4755 839 4812; x_wconf 70' lang='lat' dir='ltr'><strong>tege</strong></span> <span class='ocrx_word' id='word_1_465' title='bbox 857 4754 970 4812; x_wconf 68' lang='grc'><strong>4444444</strong></span> <span class='ocrx_word' id='word_1_466' title='bbox 990 4747 1212 4799; x_wconf 89' lang='lat' dir='ltr'><strong>commentarium</strong></span> <span class='ocrx_word' id='word_1_467' title='bbox 1227 4746 1347 4797; x_wconf 74' lang='lat' dir='ltr'><strong>anticum</strong></span> <span class='ocrx_word' id='word_1_468' title='bbox 1364 4744 1519 4812; x_wconf 88' lang='lat' dir='ltr'><strong>supplemus</strong></span> <span class='ocrx_word' id='word_1_469' title='bbox 1535 4744 1592 4799; x_wconf 88' lang='lat' dir='ltr'><strong>col-</strong></span> 
     </span>
     <span class='ocr_line' id='line_1_43' title="bbox 274 4826 1593 4894; baseline 0.003 -15"><span class='ocrx_word' id='word_1_470' title='bbox 274 4826 369 4880; x_wconf 86' lang='lat' dir='ltr'><strong>latione</strong></span> <span class='ocrx_word' id='word_1_471' title='bbox 387 4829 447 4880; x_wconf 89' lang='lat' dir='ltr'><strong>cod.</strong></span> <span class='ocrx_word' id='word_1_472' title='bbox 465 4828 670 4894; x_wconf 87' lang='lat' dir='ltr'><strong>salisburgensis</strong></span> <span class='ocrx_word' id='word_1_473' title='bbox 689 4831 722 4894; x_wconf 81' lang='lat' dir='ltr'><strong>is)</strong></span> <span class='ocrx_word' id='word_1_474' title='bbox 737 4828 828 4893; x_wconf 86' lang='lat' dir='ltr'><strong>aulici,</strong></span> <span class='ocrx_word' id='word_1_475' title='bbox 847 4842 918 4882; x_wconf 94' lang='lat' dir='ltr'><strong>nunc</strong></span> <span class='ocrx_word' id='word_1_476' title='bbox 934 4832 1101 4883; x_wconf 84' lang='lat' dir='ltr'><strong>ilaueceueis</strong></span> <span class='ocrx_word' id='word_1_477' title='bbox 1118 4829 1178 4882; x_wconf 90' lang='lat' dir='ltr'><strong>cod.</strong></span> <span class='ocrx_word' id='word_1_478' title='bbox 1196 4830 1253 4881; x_wconf 85' lang='lat' dir='ltr'><strong>Lat.</strong></span> <span class='ocrx_word' id='word_1_479' title='bbox 1272 4829 1365 4892; x_wconf 84' lang='grc'><strong>44484,</strong></span> <span class='ocrx_word' id='word_1_480' title='bbox 1383 4843 1464 4894; x_wconf 89' lang='lat' dir='ltr'><strong>quem</strong></span> <span class='ocrx_word' id='word_1_481' title='bbox 1482 4831 1512 4882; x_wconf 89' lang='lat' dir='ltr'><strong>C.</strong></span> <span class='ocrx_word' id='word_1_482' title='bbox 1530 4830 1593 4883; x_wconf 87' lang='grc'><strong>4444-</strong></span> 
     </span>
    </p>
   </div>
   <div class='ocr_carea' id='block_1_4' title="bbox 274 4912 1508 4982">
    <p class='ocr_par' dir='ltr' id='par_1_21' title="bbox 274 4912 1508 4982">
     <span class='ocr_line' id='line_1_44' title="bbox 274 4912 1508 4982; baseline 0.001 -18"><span class='ocrx_word' id='word_1_483' title='bbox 274 4913 343 4965; x_wconf 85' lang='lat' dir='ltr'><strong>miue</strong></span> <span class='ocrx_word' id='word_1_484' title='bbox 361 4915 492 4978; x_wconf 86' lang='lat' dir='ltr'><strong>excussit,</strong></span> <span class='ocrx_word' id='word_1_485' title='bbox 511 4917 538 4966; x_wconf 91' lang='lat' dir='ltr'><strong>et</strong></span> <span class='ocrx_word' id='word_1_486' title='bbox 554 4913 613 4966; x_wconf 89' lang='lat' dir='ltr'><strong>eod.</strong></span> <span class='ocrx_word' id='word_1_487' title='bbox 632 4913 799 4966; x_wconf 71' lang='lat' dir='ltr'><strong>ambrosiani</strong></span> <span class='ocrx_word' id='word_1_488' title='bbox 817 4915 857 4979; x_wconf 80' lang='lat' dir='ltr'><strong>(tt)</strong></span> <span class='ocrx_word' id='word_1_489' title='bbox 875 4917 945 4968; x_wconf 86' lang='lat' dir='ltr'><strong>Part.</strong></span> <span class='ocrx_word' id='word_1_490' title='bbox 964 4929 1023 4982; x_wconf 93' lang='lat' dir='ltr'><strong>sup.</strong></span> <span class='ocrx_word' id='word_1_491' title='bbox 1042 4916 1072 4967; x_wconf 89' lang='lat' dir='ltr'><strong>C.</strong></span> <span class='ocrx_word' id='word_1_492' title='bbox 1090 4916 1136 4977; x_wconf 91' lang='grc'><strong>94,</strong></span> <span class='ocrx_word' id='word_1_493' title='bbox 1158 4927 1174 4965; x_wconf 91' lang='grc'><strong>4</strong></span> <span class='ocrx_word' id='word_1_494' title='bbox 1189 4914 1294 4965; x_wconf 82' lang='lat' dir='ltr'><strong>Baitero</strong></span> <span class='ocrx_word' id='word_1_495' title='bbox 1310 4924 1397 4978; x_wconf 88' lang='lat' dir='ltr'><strong>nuper</strong></span> <span class='ocrx_word' id='word_1_496' title='bbox 1412 4912 1508 4966; x_wconf 80' lang='lat' dir='ltr'><strong>collati</strong></span> 
     </span>
    </p>
   </div>
   <div class='ocr_carea' id='block_1_5' title="bbox 270 5007 1592 5833">
    <p class='ocr_par' dir='ltr' id='par_1_22' title="bbox 270 5007 1592 5663">
     <span class='ocr_line' id='line_1_45' title="bbox 338 5007 1592 5073; baseline 0.001 -14"><span class='ocrx_word' id='word_1_497' title='bbox 338 5020 399 5073; x_wconf 90' lang='lat' dir='ltr'><strong>pag.</strong></span> <span class='ocrx_word' id='word_1_498' title='bbox 418 5008 478 5068; x_wconf 87' lang='grc'><strong>604,</strong></span> <span class='ocrx_word' id='word_1_499' title='bbox 497 5007 521 5058; x_wconf 86' lang='grc'><strong>3.</strong></span> <span class='ocrx_word' id='word_1_500' title='bbox 552 5009 588 5060; x_wconf 84' lang='grc'><strong>44.</strong></span> <span class='ocrx_word' id='word_1_501' title='bbox 608 5009 787 5060; x_wconf 70' lang='lat' dir='ltr'><strong>Terrenorum</strong></span> <span class='ocrx_word' id='word_1_502' title='bbox 807 5020 842 5060; x_wconf 86' lang='lat' dir='ltr'><strong>os</strong></span> <span class='ocrx_word' id='word_1_503' title='bbox 861 5021 927 5060; x_wconf 83' lang='grc'><strong>44444</strong></span> <span class='ocrx_word' id='word_1_504' title='bbox 947 5021 1051 5060; x_wconf 72' lang='lat' dir='ltr'><strong>namara</strong></span> <span class='ocrx_word' id='word_1_505' title='bbox 1072 5021 1145 5060; x_wconf 83' lang='grc'><strong>44444</strong></span> <span class='ocrx_word' id='word_1_506' title='bbox 1166 5019 1258 5059; x_wconf 79' lang='lat' dir='ltr'><strong>enim</strong></span> <span class='ocrx_word' id='word_1_507' title='bbox 1274 5008 1304 5066; x_wconf 70' lang='grc' dir='ltr'><strong>ὃς</strong></span> <span class='ocrx_word' id='word_1_508' title='bbox 1328 5007 1365 5058; x_wconf 88' lang='lat' dir='ltr'><strong>lt.</strong></span> <span class='ocrx_word' id='word_1_509' title='bbox 1386 5007 1469 5059; x_wconf 73' lang='lat' dir='ltr'><strong>tum</strong></span> <span class='ocrx_word' id='word_1_510' title='bbox 1485 5008 1592 5060; x_wconf 83' lang='grc'><strong>044444·</strong></span> 
     </span>
     <span class='ocr_line' id='line_1_46' title="bbox 271 5092 1592 5156; baseline -0.002 -12"><span class='ocrx_word' id='word_1_511' title='bbox 271 5104 314 5144; x_wconf 83' lang='grc'><strong>444</strong></span> <span class='ocrx_word' id='word_1_512' title='bbox 329 5104 365 5142; x_wconf 84' lang='lat' dir='ltr'><strong>nn</strong></span> <span class='ocrx_word' id='word_1_513' title='bbox 381 5104 447 5143; x_wconf 79' lang='lat' dir='ltr'><strong>usos</strong></span> <span class='ocrx_word' id='word_1_514' title='bbox 462 5105 564 5143; x_wconf 83' lang='grc'><strong>444444</strong></span> <span class='ocrx_word' id='word_1_515' title='bbox 583 5105 676 5144; x_wconf 75' lang='lat' dir='ltr'><strong>correi</strong></span> <span class='ocrx_word' id='word_1_516' title='bbox 691 5094 718 5144; x_wconf 86' lang='grc' dir='ltr'><strong>Ρ.</strong></span> <span class='ocrx_word' id='word_1_517' title='bbox 736 5093 1038 5144; x_wconf 72' lang='lat' dir='ltr'><strong>sensumsensurn.</strong></span> <span class='ocrx_word' id='word_1_518' title='bbox 1055 5107 1095 5144; x_wconf 83' lang='lat' dir='ltr'><strong>rs.</strong></span> <span class='ocrx_word' id='word_1_519' title='bbox 1113 5093 1148 5145; x_wconf 85' lang='lat' dir='ltr'><strong>ll.</strong></span> <span class='ocrx_word' id='word_1_520' title='bbox 1180 5093 1209 5143; x_wconf 92' lang='lat' dir='ltr'><strong>ln</strong></span> <span class='ocrx_word' id='word_1_521' title='bbox 1226 5092 1345 5156; x_wconf 87' lang='lat' dir='ltr'><strong>margine</strong></span> <span class='ocrx_word' id='word_1_522' title='bbox 1362 5093 1417 5143; x_wconf 87' lang='lat' dir='ltr'><strong>est:</strong></span> <span class='ocrx_word' id='word_1_523' title='bbox 1437 5092 1467 5143; x_wconf 88' lang='lat' dir='ltr'><strong>ln</strong></span> <span class='ocrx_word' id='word_1_524' title='bbox 1483 5094 1592 5155; x_wconf 79' lang='grc'><strong>4444444</strong></span> 
     </span>
     <span class='ocr_line' id='line_1_47' title="bbox 272 5172 1590 5242; baseline 0.001 -15"><span class='ocrx_word' id='word_1_525' title='bbox 272 5176 376 5241; x_wconf 78' lang='lat' dir='ltr'><strong>antipae</strong></span> <span class='ocrx_word' id='word_1_526' title='bbox 390 5176 516 5228; x_wconf 85' lang='grc'><strong>4444444444</strong></span> <span class='ocrx_word' id='word_1_527' title='bbox 531 5177 647 5242; x_wconf 70' lang='lat' dir='ltr'><strong>delicium</strong></span> <span class='ocrx_word' id='word_1_528' title='bbox 663 5178 711 5229; x_wconf 86' lang='lat' dir='ltr'><strong>due</strong></span> <span class='ocrx_word' id='word_1_529' title='bbox 725 5177 811 5229; x_wconf 84' lang='grc'><strong>444444</strong></span> <span class='ocrx_word' id='word_1_530' title='bbox 826 5178 853 5228; x_wconf 88' lang='grc'><strong>44</strong></span> <span class='ocrx_word' id='word_1_531' title='bbox 869 5178 996 5241; x_wconf 79' lang='lat' dir='ltr'><strong>principio</strong></span> <span class='ocrx_word' id='word_1_532' title='bbox 1012 5177 1105 5242; x_wconf 83' lang='grc'><strong>(444444</strong></span> <span class='ocrx_word' id='word_1_533' title='bbox 1120 5177 1206 5228; x_wconf 73' lang='lat' dir='ltr'><strong>denua</strong></span> <span class='ocrx_word' id='word_1_534' title='bbox 1221 5176 1249 5226; x_wconf 89' lang='lat' dir='ltr'><strong>in</strong></span> <span class='ocrx_word' id='word_1_535' title='bbox 1261 5172 1387 5240; x_wconf 79' lang='lat' dir='ltr'><strong>principia</strong></span> <span class='ocrx_word' id='word_1_536' title='bbox 1404 5176 1453 5226; x_wconf 83' lang='grc'><strong>444</strong></span> <span class='ocrx_word' id='word_1_537' title='bbox 1468 5177 1531 5241; x_wconf 75' lang='lat' dir='ltr'><strong>tatia</strong></span> <span class='ocrx_word' id='word_1_538' title='bbox 1546 5177 1590 5241; x_wconf 82' lang='grc'><strong>44).</strong></span> 
     </span>
     <span class='ocr_line' id='line_1_48' title="bbox 274 5258 1591 5326; baseline 0 -13"><span class='ocrx_word' id='word_1_539' title='bbox 274 5274 353 5325; x_wconf 76' lang='lat' dir='ltr'><strong>paone</strong></span> <span class='ocrx_word' id='word_1_540' title='bbox 368 5262 413 5313; x_wconf 84' lang='lat' dir='ltr'><strong>icc</strong></span> <span class='ocrx_word' id='word_1_541' title='bbox 428 5275 479 5313; x_wconf 87' lang='lat' dir='ltr'><strong>non</strong></span> <span class='ocrx_word' id='word_1_542' title='bbox 494 5266 529 5314; x_wconf 84' lang='lat' dir='ltr'><strong>eet</strong></span> <span class='ocrx_word' id='word_1_543' title='bbox 546 5261 699 5326; x_wconf 79' lang='lat' dir='ltr'><strong>principium</strong></span> <span class='ocrx_word' id='word_1_544' title='bbox 715 5262 836 5314; x_wconf 78' lang='lat' dir='ltr'><strong>matianis</strong></span> <span class='ocrx_word' id='word_1_545' title='bbox 851 5263 903 5314; x_wconf 81' lang='lat' dir='ltr'><strong>stit</strong></span> <span class='ocrx_word' id='word_1_546' title='bbox 922 5289 949 5299; x_wconf 94' lang='lat'>-</span> <span class='ocrx_word' id='word_1_547' title='bbox 970 5263 987 5326; x_wconf 82' lang='lat'>5</span> <span class='ocrx_word' id='word_1_548' title='bbox 1006 5263 1029 5312; x_wconf 92' lang='grc'><strong>4.</strong></span> <span class='ocrx_word' id='word_1_549' title='bbox 1047 5261 1140 5313; x_wconf 83' lang='grc'><strong>4444444</strong></span> <span class='ocrx_word' id='word_1_550' title='bbox 1160 5273 1209 5326; x_wconf 90' lang='lat' dir='ltr'><strong>pra</strong></span> <span class='ocrx_word' id='word_1_551' title='bbox 1226 5258 1386 5326; x_wconf 86' lang='lat' dir='ltr'><strong>glossemate</strong></span> <span class='ocrx_word' id='word_1_552' title='bbox 1402 5259 1484 5312; x_wconf 87' lang='lat' dir='ltr'><strong>babet</strong></span> <span class='ocrx_word' id='word_1_553' title='bbox 1500 5261 1591 5313; x_wconf 82' lang='lat' dir='ltr'><strong>auhn-</strong></span> 
     </span>
     <span class='ocr_line' id='line_1_49' title="bbox 271 5344 1591 5411; baseline -0.001 -15"><span class='ocrx_word' id='word_1_554' title='bbox 271 5344 365 5398; x_wconf 86' lang='lat' dir='ltr'><strong>lrenius</strong></span> <span class='ocrx_word' id='word_1_555' title='bbox 389 5371 416 5383; x_wconf 93' lang='lat'><em>—</em></span> <span class='ocrx_word' id='word_1_556' title='bbox 440 5346 465 5398; x_wconf 85' lang='grc'><strong>4.</strong></span> <span class='ocrx_word' id='word_1_557' title='bbox 482 5346 757 5411; x_wconf 77' lang='lat' dir='ltr'><strong>repupaantitues-</strong></span> <span class='ocrx_word' id='word_1_558' title='bbox 781 5347 806 5398; x_wconf 88' lang='lat'><strong>8.</strong></span> <span class='ocrx_word' id='word_1_559' title='bbox 823 5346 1008 5397; x_wconf 75' lang='lat' dir='ltr'><strong>emulationem</strong></span> <span class='ocrx_word' id='word_1_560' title='bbox 1024 5346 1076 5398; x_wconf 85' lang='lat' dir='ltr'><strong>Sbl</strong></span> <span class='ocrx_word' id='word_1_561' title='bbox 1092 5372 1119 5382; x_wconf 95' lang='lat'>-</span> <span class='ocrx_word' id='word_1_562' title='bbox 1138 5346 1163 5397; x_wconf 94' lang='grc'><strong>9.</strong></span> <span class='ocrx_word' id='word_1_563' title='bbox 1181 5346 1321 5409; x_wconf 79' lang='lat' dir='ltr'><strong>rapientem</strong></span> <span class='ocrx_word' id='word_1_564' title='bbox 1337 5344 1387 5395; x_wconf 80' lang='lat' dir='ltr'><strong>Sil</strong></span> <span class='ocrx_word' id='word_1_565' title='bbox 1405 5369 1432 5381; x_wconf 94' lang='lat'><em>—</em></span> <span class='ocrx_word' id='word_1_566' title='bbox 1452 5344 1492 5395; x_wconf 85' lang='grc'><strong>40.</strong></span> <span class='ocrx_word' id='word_1_567' title='bbox 1511 5345 1591 5396; x_wconf 79' lang='grc'><strong>444444</strong></span> 
     </span>
     <span class='ocr_line' id='line_1_50' title="bbox 273 5427 1588 5494; baseline 0.001 -14"><span class='ocrx_word' id='word_1_568' title='bbox 273 5430 324 5482; x_wconf 78' lang='lat' dir='ltr'><strong>snt</strong></span> <span class='ocrx_word' id='word_1_569' title='bbox 340 5431 414 5482; x_wconf 86' lang='lat' dir='ltr'><strong>recte</strong></span> <span class='ocrx_word' id='word_1_570' title='bbox 434 5455 461 5467; x_wconf 91' lang='lat'>—</span> <span class='ocrx_word' id='word_1_571' title='bbox 490 5430 622 5494; x_wconf 71' lang='lat' dir='ltr'><strong>inerepas</strong></span> <span class='ocrx_word' id='word_1_572' title='bbox 644 5429 745 5481; x_wconf 86' lang='lat' dir='ltr'><strong>habent</strong></span> <span class='ocrx_word' id='word_1_573' title='bbox 765 5431 817 5483; x_wconf 83' lang='lat' dir='ltr'><strong>Sbl</strong></span> <span class='ocrx_word' id='word_1_574' title='bbox 839 5456 866 5467; x_wconf 91' lang='lat'><em>-</em></span> <span class='ocrx_word' id='word_1_575' title='bbox 893 5429 934 5482; x_wconf 84' lang='grc'><strong>48.</strong></span> <span class='ocrx_word' id='word_1_576' title='bbox 949 5430 1081 5494; x_wconf 75' lang='grc'><strong>4444444044</strong></span> <span class='ocrx_word' id='word_1_577' title='bbox 1099 5430 1151 5481; x_wconf 82' lang='lat' dir='ltr'><strong>Sll</strong></span> <span class='ocrx_word' id='word_1_578' title='bbox 1178 5457 1205 5467; x_wconf 94' lang='lat'>-</span> <span class='ocrx_word' id='word_1_579' title='bbox 1233 5430 1274 5481; x_wconf 87' lang='grc'><strong>49.</strong></span> <span class='ocrx_word' id='word_1_580' title='bbox 1293 5435 1326 5480; x_wconf 80' lang='lat' dir='ltr'><strong>tr.</strong></span> <span class='ocrx_word' id='word_1_581' title='bbox 1342 5429 1379 5493; x_wconf 93' lang='lat' dir='ltr'><strong>pi.</strong></span> <span class='ocrx_word' id='word_1_582' title='bbox 1397 5427 1496 5494; x_wconf 89' lang='lat' dir='ltr'><strong>ubique</strong></span> <span class='ocrx_word' id='word_1_583' title='bbox 1516 5428 1543 5481; x_wconf 75' lang='lat' dir='ltr'><strong>ll</strong></span> <span class='ocrx_word' id='word_1_584' title='bbox 1560 5453 1588 5466; x_wconf 96' lang='lat'><em>-</em></span> 
     </span>
     <span class='ocr_line' id='line_1_51' title="bbox 272 5512 1591 5578; baseline -0.001 -13"><span class='ocrx_word' id='word_1_585' title='bbox 272 5513 313 5565; x_wconf 82' lang='lat'><strong>20.</strong></span> <span class='ocrx_word' id='word_1_586' title='bbox 331 5515 417 5565; x_wconf 88' lang='lat' dir='ltr'><strong>ueniat</strong></span> <span class='ocrx_word' id='word_1_587' title='bbox 437 5515 488 5566; x_wconf 85' lang='lat' dir='ltr'><strong>sil</strong></span> <span class='ocrx_word' id='word_1_588' title='bbox 512 5541 540 5552; x_wconf 91' lang='lat'>-</span> <span class='ocrx_word' id='word_1_589' title='bbox 563 5516 666 5567; x_wconf 76' lang='grc'><strong>44444.</strong></span> <span class='ocrx_word' id='word_1_590' title='bbox 691 5520 774 5567; x_wconf 86' lang='lat' dir='ltr'><strong>tamea</strong></span> <span class='ocrx_word' id='word_1_591' title='bbox 794 5513 1419 5578; x_wconf 82' lang='lat' dir='ltr'><strong>cmnnnseane.pucniameommadrmettsbl</strong></span> <span class='ocrx_word' id='word_1_592' title='bbox 1438 5512 1591 5577; x_wconf 79' lang='grc'><strong>-4444-</strong></span> 
     </span>
     <span class='ocr_line' id='line_1_52' title="bbox 270 5597 1297 5663; baseline -0.002 -13"><span class='ocrx_word' id='word_1_593' title='bbox 270 5599 451 5663; x_wconf 82' lang='grc'><strong>4444444444</strong></span> <span class='ocrx_word' id='word_1_594' title='bbox 467 5597 567 5650; x_wconf 86' lang='lat' dir='ltr'><strong>babent</strong></span> <span class='ocrx_word' id='word_1_595' title='bbox 583 5600 635 5651; x_wconf 83' lang='lat' dir='ltr'><strong>stt</strong></span> <span class='ocrx_word' id='word_1_596' title='bbox 653 5625 680 5635; x_wconf 96' lang='lat'>-</span> <span class='ocrx_word' id='word_1_597' title='bbox 699 5599 741 5650; x_wconf 90' lang='grc'><strong>46.</strong></span> <span class='ocrx_word' id='word_1_598' title='bbox 761 5599 872 5650; x_wconf 84' lang='lat' dir='ltr'><strong>Tiruero</strong></span> <span class='ocrx_word' id='word_1_599' title='bbox 888 5600 914 5651; x_wconf 83' lang='lat' dir='ltr'><strong>tn</strong></span> <span class='ocrx_word' id='word_1_600' title='bbox 935 5626 963 5638; x_wconf 93' lang='lat'><em>-</em></span> <span class='ocrx_word' id='word_1_601' title='bbox 985 5599 1027 5652; x_wconf 88' lang='grc'><strong>48.</strong></span> <span class='ocrx_word' id='word_1_602' title='bbox 1045 5597 1252 5650; x_wconf 77' lang='lat' dir='ltr'><strong>cmnriibueom.</strong></span> <span class='ocrx_word' id='word_1_603' title='bbox 1271 5598 1297 5648; x_wconf 86' lang='lat' dir='ltr'>S.</span> 
     </span>
    </p>

    <p class='ocr_par' dir='ltr' id='par_1_23' title="bbox 273 5681 1592 5833">
     <span class='ocr_line' id='line_1_53' title="bbox 337 5681 1589 5748; baseline -0.001 -13"><span class='ocrx_word' id='word_1_604' title='bbox 337 5695 398 5748; x_wconf 88' lang='lat' dir='ltr'><strong>pag.</strong></span> <span class='ocrx_word' id='word_1_605' title='bbox 416 5682 478 5746; x_wconf 84' lang='grc'><strong>606,</strong></span> <span class='ocrx_word' id='word_1_606' title='bbox 501 5683 795 5737; x_wconf 72' lang='lat' dir='ltr'><strong>ammonemur-1</strong></span> <span class='ocrx_word' id='word_1_607' title='bbox 818 5682 1027 5747; x_wconf 76' lang='grc'><strong>4444444444</strong></span> <span class='ocrx_word' id='word_1_608' title='bbox 1046 5682 1312 5748; x_wconf 68' lang='grc'><strong>4444444481-</strong></span> <span class='ocrx_word' id='word_1_609' title='bbox 1332 5681 1400 5731; x_wconf 68' lang='lat' dir='ltr'><strong>tl).</strong></span> <span class='ocrx_word' id='word_1_610' title='bbox 1418 5692 1473 5732; x_wconf 93' lang='lat' dir='ltr'><strong>om.</strong></span> <span class='ocrx_word' id='word_1_611' title='bbox 1491 5681 1589 5734; x_wconf 75' lang='lat' dir='ltr'><strong>stl-</strong></span> 
     </span>
     <span class='ocr_line' id='line_1_54' title="bbox 273 5763 1592 5833; baseline 0 -15"><span class='ocrx_word' id='word_1_612' title='bbox 273 5767 499 5819; x_wconf 70' lang='lat' dir='ltr'><strong>olonnenses</strong></span> <span class='ocrx_word' id='word_1_613' title='bbox 514 5794 548 5807; x_wconf 91' lang='grc'><strong>-</strong></span> <span class='ocrx_word' id='word_1_614' title='bbox 563 5769 634 5820; x_wconf 81' lang='lat' dir='ltr'><strong>Pauli</strong></span> <span class='ocrx_word' id='word_1_615' title='bbox 650 5769 702 5821; x_wconf 82' lang='lat' dir='ltr'><strong>sbi</strong></span> <span class='ocrx_word' id='word_1_616' title='bbox 715 5795 743 5806; x_wconf 93' lang='lat'>-</span> <span class='ocrx_word' id='word_1_617' title='bbox 762 5769 802 5822; x_wconf 90' lang='grc'><strong>44.</strong></span> <span class='ocrx_word' id='word_1_618' title='bbox 819 5768 990 5833; x_wconf 80' lang='lat' dir='ltr'><strong>cariiapinem</strong></span> <span class='ocrx_word' id='word_1_619' title='bbox 1007 5769 1058 5820; x_wconf 83' lang='lat' dir='ltr'><strong>stt</strong></span> <span class='ocrx_word' id='word_1_620' title='bbox 1074 5769 1102 5819; x_wconf 91' lang='lat' dir='ltr'><strong>et</strong></span> <span class='ocrx_word' id='word_1_621' title='bbox 1118 5767 1157 5818; x_wconf 84' lang='lat' dir='ltr'><strong>sic</strong></span> <span class='ocrx_word' id='word_1_622' title='bbox 1173 5778 1282 5832; x_wconf 86' lang='lat' dir='ltr'><strong>eemper</strong></span> <span class='ocrx_word' id='word_1_623' title='bbox 1297 5791 1325 5804; x_wconf 92' lang='lat'>-</span> <span class='ocrx_word' id='word_1_624' title='bbox 1344 5764 1384 5817; x_wconf 85' lang='grc'><strong>44.</strong></span> <span class='ocrx_word' id='word_1_625' title='bbox 1396 5777 1456 5817; x_wconf 87' lang='lat' dir='ltr'><strong>aero</strong></span> <span class='ocrx_word' id='word_1_626' title='bbox 1472 5776 1526 5816; x_wconf 87' lang='lat' dir='ltr'><strong>om.</strong></span> <span class='ocrx_word' id='word_1_627' title='bbox 1539 5763 1592 5818; x_wconf 71' lang='grc'><strong>81</strong></span> 
     </span>
    </p>
   </div>
   <div class='ocr_carea' id='block_1_6' title="bbox 276 5849 1591 6017">
    <p class='ocr_par' dir='ltr' id='par_1_24' title="bbox 276 5849 1591 6017">
     <span class='ocr_line' id='line_1_55' title="bbox 276 5849 1591 5919; baseline -0.002 -16"><span class='ocrx_word' id='word_1_628' title='bbox 276 5851 625 5919; x_wconf 72' lang='grc'><strong>-44.4444]4444-</strong></span> <span class='ocrx_word' id='word_1_629' title='bbox 646 5850 1294 5919; x_wconf 71' lang='grc'><strong>44.4444444444444-44.44]4444;</strong></span> <span class='ocrx_word' id='word_1_630' title='bbox 1316 5849 1455 5917; x_wconf 76' lang='grc'><strong>444444</strong></span> <span class='ocrx_word' id='word_1_631' title='bbox 1471 5849 1591 5916; x_wconf 76' lang='lat' dir='ltr'><strong>narpo-</strong></span> 
     </span>
     <span class='ocr_line' id='line_1_56' title="bbox 315 5949 1329 6017; baseline 0 -15"><span class='ocrx_word' id='word_1_632' title='bbox 315 5950 481 6002; x_wconf 77' lang='lat' dir='ltr'><strong>umens</strong></span> <span class='ocrx_word' id='word_1_633' title='bbox 1292 5949 1329 6017; x_wconf 82' lang='grc'><strong>94</strong></span> 
     </span>
    </p>
   </div>
   <div class='ocr_carea' id='block_1_7' title="bbox 0 0 1904 7348">
    <p class='ocr_par' dir='ltr' id='par_1_25' title="bbox 0 0 1904 7348">
     <span class='ocr_line' id='line_1_57' title="bbox 0 0 1904 7348; baseline 0 0"><span class='ocrx_word' id='word_1_634' title='bbox 0 0 1904 7348; x_wconf 95' lang='lat' dir='ltr'><strong> </strong></span> 
     </span>
    </p>
   </div>
  </div>
 </body>
</html>
