3800 7350
312 1193 393 1262 tait
658 1179 660 1186 '
741 1201 893 1304 omno
906 1202 1138 1294 ‚rauserias
1158 1204 1198 1265 11.

310 1367 396 1450 quod
419 1368 545 1450 proprie
565 1388 668 1430 meum
685 1377 747 1443 est,
769 1370 920 1446 laudasti,
944 1372 1029 1454 quod
1044 1379 1142 1435 totum
1158 1378 1207 1435 est
1221 1381 1359 1447 senatus,
1380 1373 1633 1456 reprehendisti:

308 1481 380 1524 nam
403 1460 642 1543 comprehensio
666 1463 802 1527 sontium
816 1484 900 1539 mea,
922 1467 1153 1530 animadversio
1169 1475 1297 1531 senatus
1311 1467 1379 1530 fuit.
1411 1468 1514 1529 Homo
1530 1468 1635 1529 diser·

307 1563 358 1619 tus
380 1575 444 1618 non
466 1554 617 1638 intelligit
638 1575 727 1630 eum,
750 1578 843 1640 quem
868 1567 977 1623 contra
999 1559 1091 1635 dicit,
1113 1561 1234 1625 laudari
1250 1582 1268 1623 a
1284 1581 1334 1636 se,
1357 1582 1422 1636 eos,
1443 1560 1528 1642 apud
1547 1577 1634 1643 quos

308 1648 399 1722 dicit,
427 1650 608 1730 vituperari.
652 1643 702 1711 tt.
724 1650 789 1712 Iam
819 1651 896 1714 illud
923 1655 1012 1716 cuius
1036 1662 1099 1727 est,
1128 1675 1193 1716 non
1214 1655 1284 1718 dico
1306 1656 1520 1717 audaciae-
1543 1653 1635 1735 cupit

283 1742 392 1805 eenim
423 1762 456 1803 se
483 1740 634 1804 audacem
661 1776 719 1817 -,
754 1745 826 1818 sed,
861 1746 945 1829 quod
976 1747 1103 1809 minime
1134 1747 1215 1820 vult,
1249 1748 1416 1821 stultitiae,
1449 1767 1511 1831 qua
1533 1747 1636 1809 vincit

306 1854 431 1909 omnes,
455 1834 525 1900 clivi
549 1836 717 1919 Capitolini
740 1840 931 1902 mentionem
952 1840 1072 1915 facere,
1094 1861 1166 1912 cum
1181 1842 1263 1903 inter
1276 1840 1425 1903 subsellia
1439 1849 1545 1905 nostra
1560 1860 1636 1903 ver-

306 1937 415 1992 sentur
436 1932 574 1994 armatii
597 1953 666 1994 cum
689 1932 720 1993 in
743 1931 802 1995 bac
824 1933 904 1995 cella
920 1934 1133 2007 Concordiae,
1155 1934 1187 1997 di
1209 1934 1416 1997 immortalesl
1439 1937 1471 1998 in
1495 1955 1557 2019 qua
1581 1953 1635 1996 me

307 2024 436 2086 consule
458 2024 612 2087 salutares
634 2026 808 2088 sententiae
832 2025 934 2089 dictae
961 2036 1050 2102 sunt,
1073 2029 1189 2111 quibus
1210 2027 1251 2091 ad
1273 2026 1355 2089 banc
1376 2028 1459 2090 diem
1482 2028 1635 2100 visimus,

307 2137 377 2179 oum
400 2115 511 2198 gladiis
532 2116 677 2181 homines
697 2118 842 2181 collocati
865 2125 976 2184 stent‘l
997 2125 1117 2185 Accusa
1140 2130 1301 2195 senatum,
1323 2140 1437 2184 accusa
1452 2130 1634 2205 equestrem

270 2224 297 2273 tt
307 2211 466 2285 ordinem,
500 2212 554 2295 qui
585 2220 650 2274 tum
679 2234 748 2276 cum
780 2221 890 2275 senatu
919 2215 1085 2297 copulatus
1114 2215 1188 2290 fuit,
1221 2235 1333 2278 accusa
1361 2234 1470 2277 omnes
1492 2214 1634 2286 ordines,

308 2324 418 2368 omnes
440 2306 541 2378 cives,
563 2304 638 2369 dum
661 2303 829 2370 confiteare
851 2306 936 2372 buno
957 2308 1101 2371 ordinem
1122 2307 1184 2372 boc
1203 2309 1273 2394 ipso
1289 2317 1429 2391 tempore
1444 2308 1484 2369 ab
1498 2305 1633 2389 ltyraeis

307 2400 539 2463 circumsederi.
575 2400 662 2463 Haec
684 2409 718 2463 tu
740 2421 805 2463 non
827 2398 1138 2486 propter⁴audaciam
1160 2402 1239 2465 dicis
1262 2408 1324 2465 tam
1341 2401 1550 2483 impudenter,
1572 2399 1631 2462 sed

308 2497 397 2576 qnia,
425 2483 478 2574 qai
499 2499 616 2556 tantam
638 2514 742 2557 rerum
764 2495 1005 2577 repugnantiam
1028 2515 1092 2558 non
1114 2496 1239 2570 videas,
1270 2494 1348 2557 nibil
1371 2494 1512 2576 profecto
1534 2494 1633 2577 sapis.

308 2584 392 2661 Quid
415 2594 463 2649 cst
484 2587 568 2650 enim
590 2588 767 2651 dementius
790 2607 901 2671 quam,
931 2608 1002 2650 cum
1024 2589 1235 2672 reipublicae
1257 2589 1435 2672 perniciosa
1455 2608 1541 2652 arma
1562 2589 1632 2672 ipse

272 2680 446 2762 receperis,
469 2679 606 2743 obiicere
628 2681 717 2743 alteri
739 2681 912 2744 salutaria?
955 2678 1006 2742 20.
1022 2685 1062 2744 At
1076 2684 1169 2745 etiam
1186 2683 1323 2764 quodam
1341 2681 1410 2745 loco
1424 2682 1545 2745 facetus
1560 2701 1633 2744 esse

309 2773 445 2837 voluisti.
482 2774 583 2849 Quam
606 2775 638 2837 id
661 2783 710 2849 te,
733 2774 765 2836 di
787 2774 879 2848 boni,
902 2795 966 2839 non
990 2774 1139 2838 decebatl
1174 2777 1209 2837 ln
1234 2795 1298 2858 quo
1321 2783 1370 2838 est
1391 2782 1445 2837 tua
1460 2776 1549 2858 culpa
1566 2796 1632 2837 non

307 2867 413 2942 nulla:
434 2867 553 2951 aliquid
577 2869 659 2931 euim
682 2868 756 2930 salis
772 2888 791 2931 a
806 2868 901 2931 mima
914 2888 1015 2930 uxore
1030 2868 1153 2932 trabere
1174 2867 1315 2951 potuisti.
1355 2867 1505 2931 Cedant
1525 2887 1632 2930 arma

308 2969 437 3043 togae.
474 2961 583 3036 Quint
606 2969 670 3025 tum
692 2981 798 3025 nonne
821 2966 1008 3025 cesserunt?
1038 2966 1079 3024 a:
1100 2971 1209 3045 postea
1231 2962 1293 3024 tuis
1314 2961 1409 3024 armis
1431 2962 1526 3024 cessit
1546 2968 1631 3043 toga.

309 3054 504 3129 Quaeramus
524 3056 634 3137 igitur,
657 3064 760 3118 utrum
783 3055 898 3120 melius
918 3056 1029 3129 fuerit,
1052 3056 1189 3120 libertati
1211 3055 1322 3138 populi
1342 3053 1474 3117 Romani
1496 3053 1631 3116 scelera·

271 3154 412 3211 satorum
435 3167 521 3210 arma
544 3167 583 3210 an
607 3148 781 3211 libertatem
805 3155 943 3213 nostram
965 3151 1061 3212 armis
1084 3151 1145 3213 tuis
1168 3150 1290 3212 cedere.
1326 3150 1391 3212 Neo
1412 3167 1488 3211 vero
1510 3148 1566 3208 tibi
1589 3145 1630 3208 de

309 3240 450 3303 versibus
473 3242 563 3323 plura
584 3242 795 3324 respondebo:
821 3251 941 3306 tantum
957 3242 1058 3306 dicam
1078 3243 1230 3316 breviter,
1252 3251 1283 3305 te
1305 3261 1409 3325 neque
1430 3240 1503 3303 illos
1525 3259 1630 3322 neque

311 3335 393 3398 ullas
422 3336 550 3398 omnino
578 3335 698 3399 litteras
729 3340 839 3412 noss'e,
869 3356 919 3399 me
948 3356 1006 3398 nec
1033 3336 1079 3399 rei
1101 3336 1245 3420 publicae
1266 3356 1325 3398 nec
1348 3335 1456 3397 amicis
1479 3352 1630 3416 umquam

311 3428 466 3502 defuisse,
497 3437 527 3491 et
554 3435 658 3492 tamen
688 3432 772 3493 omni
799 3449 914 3513 genere
941 3430 1205 3494 monimentorum
1234 3449 1374 3491 meorum
1404 3428 1632 3510 perfecissent

310 3542 398 3585 meae
426 3522 550 3605 vigiliae
580 3541 731 3604 meaeque
752 3522 875 3587 litterae
897 3531 929 3587 et
949 3525 1107 3588 iuventuti
1128 3524 1271 3586 utilitatis
1294 3531 1326 3586 et
1346 3522 1467 3585 nomini
1489 3524 1630 3585 Romano

271 3617 411 3682 stlaudis
433 3617 554 3701 aliquid
577 3618 733 3682 afferrent.
771 3619 833 3681 Sed
855 3618 934 3682 baec
948 3637 1014 3680 non
1028 3616 1122 3681 buius
1137 3618 1303 3702 temporis:
1326 3617 1444 3680 maiora
1457 3615 1630 3680 videamus.

250 3724 305 3748 ⁴
394 3712 448 3774 ix.
472 3708 522 3774 Vl.
544 3713 577 3773 P.
602 3712 745 3776 Clodium
769 3709 839 3775 meo
861 3712 996 3776 consilio
1018 3711 1218 3775 interfectum
1233 3730 1301 3774 esse
1317 3710 1436 3773 dixisti.
1473 3708 1632 3784 Quidnam

309 3806 454 3870 homines
477 3812 642 3887 putarent,
664 3807 690 3869 si
712 3814 779 3868 tum
802 3807 922 3871 occisus
938 3814 1037 3880 esset,
1060 3826 1132 3868 cum
1154 3813 1188 3867 tu
1210 3805 1299 3868 illum
1321 3806 1354 3867 in
1377 3802 1447 3867 foro
1469 3809 1631 3884 spectante

309 3897 425 3982 populo
453 3899 595 3960 Romano
627 3899 732 3981 gladio
762 3900 923 3963 insecutus
954 3919 987 3962 es
1014 3899 1237 3982 negotiumque
1261 3899 1482 3980 transegisscs,
1514 3896 1575 3959 nisi
1596 3917 1632 3958 se

310 3991 363 4053 ille
385 3993 418 4053 in
440 3991 540 4054 scalas
563 3992 711 4055 tabernae
726 3992 871 4055 librariae
887 3993 1075 4056 coniecisset
1091 3992 1195 4075 iisque
1211 3992 1360 4075 oppilatis
1376 3993 1527 4075 impetum
1542 3997 1630 4052 tuum

272 4086 572 4166 socompressisset‘l
606 4085 700 4160 Quod
723 4086 850 4169 quidem
874 4106 932 4168 ego
955 4085 1069 4149 favisse
1092 4106 1141 4148 me
1165 4085 1221 4148 tibi
1242 4084 1360 4160 fateor,
1384 4085 1520 4147 suasisse
1541 4103 1581 4145 ue
1597 4090 1631 4145 tu

376 4398 399 4445 l.
418 4401 452 4444 est
469 4397 528 4460 post
552 4399 630 4443 totum
651 4407 704 4444 om.
729 4395 750 4444 D
769 4420 796 4429 —
820 4394 844 4442 i.
863 4393 1036 4456 conpraebesio
1052 4393 1086 4469 Vp
1110 4405 1167 4440 cum
1183 4389 1363 4452 casprenenie
1385 4401 1475 4452 ag-
1497 4389 1632 4439 anancae-

309 4472 391 4522 nerss‘o
407 4471 430 4521 V
449 4498 474 4506 —
495 4471 610 4519 dissertas
625 4469 688 4517 V-
708 4468 731 4518 3.
751 4474 812 4532 apat
829 4469 890 4517 V-
909 4471 933 4519 ii.
953 4470 1073 4519 amaena
1090 4467 1124 4516 V:
1143 4468 1264 4516 auduom
1280 4466 1329 4514 dici
1344 4466 1366 4515 D
1383 4491 1409 4501 -
1428 4465 1452 4514 a.
1472 4465 1550 4514 omnis
1566 4465 1628 4512 V·

309 4546 415 4596 sabselia
431 4547 491 4593 V—
509 4549 643 4595 versamur
658 4545 670 4592 t
689 4571 714 4580 -
738 4544 762 4593 Ἰ.
781 4545 806 4592 di
824 4547 848 4593 t:
868 4545 903 4593 dii
919 4543 1010 4601 Vb0;
1028 4558 1043 4593 ο
1060 4545 1095 4592 dii
1112 4557 1152 4607 og
1171 4568 1197 4578 -
1217 4542 1242 4592 9.
1260 4554 1317 4591 cnm
1331 4541 1413 4605 ptadis
1428 4541 1453 4590 b.
1471 4541 1593 4590 conlocati
1609 4541 1632 4589 V

314 4619 489 4671 -santb-
510 4616 1417 4682 to.cnnsrnerornv1-ecpnt.esrt-omatseraennnv-
1437 4617 1634 4676 lt.ptnraeist

312 4708 344 4745 en
360 4696 477 4754 Ituraeis,
496 4707 565 4758 quae
582 4707 645 4744 vera
662 4694 792 4757 scriptura
810 4693 922 4745 videtur.
938 4721 964 4729 *
985 4695 1025 4746 tt.
1044 4700 1072 4743 tu
1088 4707 1141 4744 om.
1160 4693 1177 4742 b
1197 4719 1225 4730 ·-
1242 4693 1388 4755 inpudenter
1404 4704 1445 4755 ag
1464 4718 1490 4726 -
1515 4690 1555 4740 td.
1573 4692 1634 4753 qnia

311 4770 353 4831 qni
369 4769 477 4832 scripsi:
497 4768 557 4830 qnia
572 4768 608 4827 V;
628 4769 671 4829 qni
688 4768 802 4831 D0(sed
816 4770 877 4831 qaia
893 4774 991 4819 tantam
1002 4795 1016 4805 ·
1025 4794 1039 4804 -
1049 4782 1099 4817 non
1114 4769 1198 4818 cidens
1209 4770 1260 4818 cet.
1273 4766 1464 4829 Frotscherus.)
1477 4792 1504 4801 -
1525 4764 1564 4817 ll.
1577 4780 1635 4815 cnm

310 4845 361 4905 ipse
375 4843 413 4892 rei
430 4856 457 4904 p.
473 4855 545 4904 pern.
564 4857 638 4895 amsa
654 4845 747 4906 ceperis
763 4845 784 4894 D
805 4872 831 4881 -
857 4847 897 4895 is.
915 4846 997 4909 [actus
1014 4848 1025 4893 t
1043 4871 1069 4880 -
1090 4844 1129 4894 td.
1148 4857 1224 4906 qnam
1235 4869 1272 4880 -·
1283 4842 1382 4892 decebat
1398 4841 1475 4891 affert
1489 4842 1633 4892 Arusianus

310 4933 336 4982 p.
355 4917 402 4967 22³
420 4918 448 4967 L.
469 4942 496 4954 -
513 4920 540 4968 id
556 4924 579 4969 te
594 4919 617 4967 V
633 4921 660 4970 et
676 4919 835 4970 Arusianus:
855 4925 878 4969 te
895 4931 948 4970 om.
968 4920 990 4969 D
1009 4945 1036 4954 -
1060 4919 1096 4967 dii
1112 4919 1135 4966 V
1151 4931 1219 4967 corr.
1239 4931 1271 4967 ex
1288 4917 1329 4966 dio
1347 4916 1411 4978 (bani
1427 4916 1462 4965 dii
1478 4917 1496 4976 t)
1514 4941 1541 4952 -
1559 4916 1634 4978 asstpc

310 4992 380 5041 sau
396 4993 457 5041 o-
478 4993 516 5043 rs.
536 5007 553 5043 a
568 5007 643 5043 rena
657 5006 739 5043 mere
755 5005 770 5041 a
789 5020 816 5028 -
837 4994 876 5043 rs.
895 4995 938 5055 aas
954 4999 1007 5044 ram
1026 4995 1048 5043 v
1067 4993 1135 5055 (qnid
1150 4991 1222 5042 rma
1242 5004 1323 5041 eones
1340 4989 1386 5053 oo
1405 5018 1433 5028 -
1456 4977 1586 5051 manv
1606 5017 1632 5027 -

311 5068 351 5117 49.
367 5066 481 5130 publicae
496 5069 534 5118 rei
555 5081 572 5131 g
591 5096 617 5106 -
642 5069 829 5119 isceleratornm
845 5070 867 5117 V
886 5096 913 5105 -
937 5071 979 5119 ΞΟ.
998 5070 1046 5118 tais
1062 5070 1139 5117 armis
1155 5082 1170 5117 a
1189 5094 1215 5103 ·-
1238 5068 1279 5117 2⁴.
1296 5066 1406 5117 omnbus
1422 5066 1470 5116 tuis
1487 5068 1497 5115 t
1514 5092 1541 5102 —
1558 5065 1635 5128 plura

311 5157 363 5195 om.
377 5145 398 5193 D
413 5170 439 5179 —
459 5145 528 5193 teV:
547 5157 600 5195 om.
614 5146 649 5205 D,
667 5143 828 5194 sedhebent
844 5157 885 5208 ng
902 5146 963 5194 ante
980 5145 1079 5194 comino
1092 5169 1118 5179 -
1137 5155 1216 5204 neque
1230 5143 1295 5192 udas
1311 5155 1364 5192 om.
1382 5139 1415 5201 b:
1433 5155 1511 5202 neque
1527 5142 1584 5191 ittas
1600 5144 1635 5191 at

314 5246 340 5255 -
359 5232 403 5268 nee
416 5232 444 5280 p.
463 5233 485 5268 r.
504 5233 519 5268 a
539 5248 566 5256 -
585 5220 626 5269 aa.
644 5225 668 5269 et
684 5219 719 5267 V:
745 5220 810 5269 ati)
831 5245 857 5256 ·-
880 5224 1096 5269 monumentorum
1112 5220 1131 5268 0
1149 5220 1240 5269 contra
1257 5230 1341 5266 meos.
1360 5242 1387 5252 —
1409 5217 1581 5278 perfecissent
1597 5217 1632 5265 V:

307 5295 461 5358 perfecissem
477 5294 607 5344 subsecivis
627 5299 654 5342 ut
676 5298 699 5352 t:
721 5294 852 5357 perfecisse
869 5294 1030 5357 (petrensem
1046 5292 1097 5356 bg)
1115 5294 1196 5356 operis
1211 5292 1339 5342 misecims
1354 5296 1383 5340 nt
1399 5291 1477 5341 codd.
1496 5289 1553 5341 rell.
1571 5293 1598 5340 et
1614 5292 1634 5341 0

311 5369 368 5432 ised
384 5382 400 5432 g
417 5369 548 5431 operibns).
575 5370 613 5418 De
631 5369 700 5418 Orat.
714 5370 750 5426 ll,
770 5368 785 5431 5
802 5367 850 5419 364
867 5368 932 5418 dixit
949 5369 1003 5419 Cic.
1016 5368 1142 5418 subsimois
1157 5369 1249 5431 operis,
1267 5371 1295 5416 nt
1311 5368 1395 5426 aiant,
1414 5368 1559 5416 novitatem
1575 5379 1633 5416 me-

311 5444 436 5508 taphorae
453 5443 617 5504 significans,
635 5446 663 5492 et
679 5441 797 5493 similiter
814 5443 847 5493 de
864 5445 944 5506 Legg.
957 5445 981 5504 Ι,
1000 5443 1015 5508 g
1034 5444 1088 5494 est
1103 5443 1143 5494 43.
1159 5470 1185 5478 -
1205 5442 1362 5504 stamme
1377 5441 1399 5490 V
1417 5465 1444 5475 -
1462 5442 1562 5490 nomine
1577 5443 1588 5490 t
1604 5467 1630 5475 -

310 5520 351 5568 25.
370 5517 528 5581 adferrentV
542 5544 569 5554 -
587 5519 621 5566 ad
631 5519 731 5568 maiora
746 5518 875 5567 veniamus
891 5519 912 5567 D
927 5543 955 5552 -
973 5518 1014 5568 27.
1027 5522 1150 5580 spectante
1162 5517 1221 5566 Vs:
1240 5518 1390 5578 inspectante
1406 5514 1497 5579 bgtO
1509 5517 1536 5563 et
1546 5512 1632 5563 Sahal.

311 5593 376 5644 Bab.
395 5592 428 5642 ed
444 5606 482 5642 ar.
502 5605 528 5655 p.
547 5591 598 5644 llil.
617 5591 631 5655 S
649 5591 695 5653 ld,
714 5593 759 5655 qui
776 5592 853 5643 alieri
869 5592 952 5643 verba
970 5594 1089 5658 quidnam
1104 5593 1258 5644 mmtees--
1269 5591 1415 5643 onicenses.
1439 5590 1526 5641 secuti
1541 5601 1635 5640 sumus

312 5669 478 5726 Vaticanum:
498 5667 603 5730 saepius
620 5667 691 5718 enim
708 5680 723 5717 a
740 5665 853 5718 librariis
868 5669 1009 5731 inspectare
1023 5669 1049 5717 in
1067 5666 1154 5718 locum
1170 5682 1196 5718 v.
1213 5673 1326 5730 spectare
1340 5664 1441 5716 illatum
1458 5664 1588 5720 videmus,
1606 5663 1636 5712 ut

314 5757 339 5808 p.
352 5743 413 5804 dit,
433 5743 472 5792 tt).
487 5769 514 5778 -
533 5742 573 5792 28.
591 5743 677 5806 gladio
693 5743 716 5792 V
732 5745 760 5792 et
776 5741 877 5793 Sahal:
895 5744 980 5808 ptadio
996 5742 1081 5793 stricto
1097 5743 1148 5792 Do
1164 5769 1191 5779 -
1209 5743 1258 5792 nisi
1273 5740 1318 5791 sssb
1333 5741 1414 5790 radas
1430 5753 1444 5790 a
1458 5766 1485 5776 -
1504 5753 1530 5790 se
1545 5735 1633 5789 Sebol.

313 5821 373 5869 ante
390 5820 529 5869 cmiecisset
545 5817 640 5880 habet,
658 5819 677 5868 b
694 5821 755 5884 post
770 5818 849 5868 itte-
868 5819 909 5869 29.
928 5819 1054 5881 iisque--
1065 5830 1196 5880 eonspress.
1214 5830 1267 5869 om.
1285 5829 1302 5867 e
1319 5841 1348 5854 -
1369 5813 1454 5878 iisqne
1469 5828 1486 5878 g
1505 5839 1532 5848 -
1550 5812 1634 5874 opitu-

313 5894 370 5945 tatis
387 5895 423 5957 (ta
439 5895 608 5963 expunctum)
625 5907 642 5959 g
661 5920 687 5930 -
707 5894 748 5945 ³0.
767 5894 838 5959 Quod
853 5894 952 5958 quiden
969 5893 1001 5943 V:
1020 5894 1068 5946 Sed
1084 5893 1181 5957 mun
1200 5919 1228 5930 -
1244 5905 1291 5958 epe
1305 5891 1442 5955 [sinim
1458 5890 1501 5941 tibi
1515 5887 1632 5954 [meari.
