3800 7350
702 1278 775 1345 cn.
797 1281 933 1346 v-vr.
963 1279 1009 1365 §5
1031 1277 1177 1346 u-re.
1542 1273 1605 1340 853

281 1451 344 1517 duo
373 1449 540 1525 consules,
574 1451 672 1533 empti
700 1451 847 1533 pactione
874 1450 1124 1534 provinciarum,
1158 1457 1303 1515 auctores
1332 1470 1367 1516 se
1392 1450 1530 1515 inimicis
1559 1450 1605 1513 rei

280 1545 428 1632 publicae
448 1544 668 1619 tradidissent,
692 1565 763 1607 cum
785 1552 971 1627 egestatem,
994 1544 1174 1618 avaritiam,
1196 1544 1344 1608 libidines
1366 1565 1439 1608 suas
1461 1543 1606 1607 riderent

281 1638 402 1723 expiari
424 1657 489 1700 non
509 1657 618 1719 posse,
645 1637 707 1700 nisi
731 1658 779 1700 me
801 1637 1005 1700 constrictum
1028 1638 1210 1701 domesticis
1231 1639 1375 1703 hostibus
1398 1636 1605 1711 dedidissent,

281 1755 353 1798 cum
374 1738 502 1797 senatus
524 1732 709 1817 equitesque
731 1732 862 1795 Romani
885 1728 960 1794 llere
984 1751 1041 1813 pro
1062 1753 1113 1795 me
1134 1752 1172 1795 ac
1190 1742 1308 1797 mutata
1323 1742 1410 1796 veste
1423 1731 1515 1795 vobis
1530 1750 1606 1813 sup-

280 1828 399 1913 plicare
417 1825 528 1890 edictis
549 1826 807 1911 atqueimperiis
823 1833 1016 1901 vetarentur,
1039 1847 1111 1890 cum
1133 1829 1273 1891 omnium
1296 1828 1529 1911 provinciarum
1549 1835 1629 1909 pis-s

280 1922 418 1996 stiones,
440 1940 513 1983 cum
535 1922 641 1983 omnia
662 1940 733 1983 cum
755 1919 899 1984 omnibus
921 1918 1051 1982 foedera
1072 1921 1328 1985 reconciliatione
1349 1922 1519 2004 gutiarum
1534 1939 1606 1983 san·

280 2015 377 2099 guina
399 2032 470 2076 meo
492 2015 706 2089 sancirentur,
736 2034 808 2077 eum
831 2033 940 2077 omnes
962 2013 1036 2075 boni
1059 2034 1123 2077 non
1150 2023 1347 2089 recusarent,
1376 2015 1453 2098 quin
1475 2014 1525 2078 vel
1546 2032 1605 2096 pro

281 2128 332 2173 me
353 2106 405 2172 vel
425 2127 551 2170 mecum
571 2107 730 2189 perirent:
752 2108 847 2170 armis
870 2108 1031 2170 decertare
1051 2128 1109 2191 pro
1130 2127 1201 2172 mea
1221 2109 1321 2172 salute
1342 2109 1443 2182 nolui,
1465 2108 1551 2192 quod
1574 2114 1607 2169 et

280 2202 409 2269 mrem
430 2207 463 2264 et
482 2201 568 2264 uinci
590 2200 768 2264 luctuosum
791 2200 837 2264 rei
860 2199 1006 2282 publicae
1028 2200 1095 2265 iore
1117 2202 1237 2285 putari.
1271 2198 1322 2265 ll.
1345 2205 1384 2265 At
1398 2201 1518 2265 inimici
1533 2200 1606 2275 mei,

280 2314 391 2362 mense
413 2294 562 2359 bouario
584 2313 654 2357 cum
677 2294 717 2357 de
740 2314 790 2356 me
812 2299 974 2376 ageretur,
1004 2294 1189 2377 corporibus
1211 2296 1325 2360 civium
1349 2294 1527 2368 trucidatis,
1547 2296 1644 2357 llo-to

281 2390 369 2454 mino
396 2388 561 2470 sanguinis
593 2408 698 2450 meum
728 2386 863 2449 reditum
891 2386 1165 2450 intercludendum
1187 2396 1386 2471 putaverunt.
1421 2389 1473 2451 Vl.
1496 2389 1607 2471 ltaque

283 2504 355 2550 eum
385 2500 446 2565 ego
475 2481 559 2557 dui,
588 2501 657 2545 eam
686 2501 750 2544 rem
777 2479 936 2564 publicam
959 2480 1125 2556 habuistis,
1156 2490 1190 2545 ut
1211 2502 1313 2566 aeque
1334 2504 1384 2548 me
1406 2491 1500 2567 atque
1520 2480 1608 2545 illam

247 2607 251 2614 ·
281 2574 512 2646 restituendam
534 2576 698 2661 putaretis.
729 2576 797 2658 Ego
818 2582 939 2648 autem,
962 2576 995 2636 in
1017 2594 1080 2657 qua
1100 2575 1227 2639 civitate
1242 2576 1323 2639 nibil
1336 2576 1457 2641 valeret
1470 2583 1608 2649 senatus,

283 2672 387 2740 omnis
409 2677 495 2734 esset
514 2670 703 2752 impunitas,
731 2668 819 2733 nulla
848 2668 983 2743 iudicia,
1012 2669 1060 2732 ris
1083 2675 1115 2732 et
1137 2669 1252 2733 serrum
1274 2671 1306 2734 in
1327 2669 1398 2734 foro
1419 2676 1607 2744 versaretur,

282 2787 355 2832 cunr
375 2762 492 2849 privati
515 2764 668 2846 parietum
691 2783 725 2826 se
748 2762 924 2845 praesidio,
946 2782 1012 2825 non
1035 2763 1140 2846 legum
1162 2772 1339 2840 tuerentur,
1360 2765 1478 2830 tribuni
1494 2764 1538 2848 pl.
1553 2774 1647 2827 vo·⁴⁵

280 2861 331 2925 bis
351 2857 602 2941 inspectantibus
619 2857 882 2931 numerarentur,
911 2855 951 2919 ad
981 2858 1218 2939 magistratuum
1244 2859 1356 2924 domos
1378 2881 1449 2924 cum
1469 2857 1554 2922 ferro
1577 2864 1610 2921 et

283 2953 406 3018 facibus
428 2951 537 3024 iretur,
560 2950 700 3013 consulis
723 2950 823 3012 fasces
844 2947 1072 3032 frangerentur,
1097 2952 1228 3014 deorum
1249 2952 1471 3016 immortalium
1492 2951 1609 3035 templa

281 3046 544 3120 incenderentur,
564 3064 631 3107 rem
653 3044 810 3127 publicam
834 3062 903 3106 esse
925 3043 1045 3105 nullam
1074 3044 1192 3125 putavi.
1236 3045 1345 3131 ltaque
1367 3066 1472 3131 neque
1493 3066 1528 3109 re
1550 3067 1609 3129 pu-

281 3143 364 3207 blica
386 3139 595 3204 exterminata
618 3138 694 3200 mibi
717 3138 820 3200 locum
843 3138 876 3199 in
898 3136 958 3199 baa
980 3136 1058 3199 urbe
1082 3156 1152 3200 esse
1174 3139 1265 3214 duxi,
1295 3158 1370 3215 nec,
1393 3142 1420 3203 si
1442 3140 1497 3207 illa
1518 3141 1609 3203 resti·

284 3240 442 3308 tueretur,
473 3231 631 3306 dubitavi,
662 3231 739 3315 quin
768 3252 818 3295 me
846 3252 953 3295 secum
980 3232 1049 3312 ipsa
1071 3232 1245 3294 reduceret.
1289 3228 1339 3295 t5.
1361 3235 1409 3297 An
1431 3254 1509 3317 ego,
1537 3243 1647 3297 cumin

283 3327 360 3391 mibi
391 3333 477 3391 esset
505 3326 791 3408 exploratissimum
822 3328 854 3387 P.
877 3324 1046 3388 Lentulum
1068 3326 1214 3408 proximo
1236 3347 1320 3390 anno
1342 3328 1504 3391 consulem
1526 3327 1610 3391 lutu-

283 3442 368 3497 runr,
397 3422 452 3505 qui
481 3420 544 3481 illis
577 3420 655 3501 ipsis
676 3420 721 3482 rei
744 3418 890 3502 publicae
911 3418 1184 3501 periculosissimis
1205 3420 1401 3503 temporibus
1422 3420 1534 3483 aedilis
1555 3439 1611 3482 cu·

284 3516 361 3579 rolis
382 3534 434 3576 me
455 3512 586 3576 consule
609 3514 749 3575 omnium
771 3533 912 3575 meorum
934 3511 1141 3575 consiliorum
1157 3514 1316 3597 particeps
1331 3513 1609 3597 periculorumque

285 3610 388 3674 socius
409 3605 537 3682 luisset,
560 3605 735 3668 dubitarem
751 3606 831 3690 quin
853 3608 880 3670 is
902 3624 963 3680 me,
986 3605 1165 3668 consectum
1181 3607 1400 3672 consularibus
1413 3608 1609 3685 volneribus,

285 3701 443 3768 consulari
465 3700 621 3764 medicina
643 3700 683 3762 ad
705 3700 840 3762 salutem
860 3699 1052 3763 reduceret?
1073 3700 1142 3762 lloc
1163 3698 1252 3775 duce,
1275 3701 1397 3785 collega
1410 3708 1515 3766 autem
1531 3701 1648 3778 eiusne

286 3794 529 3860 clementissimo
552 3801 649 3879 atquc
672 3793 793 3876 optimo
815 3794 899 3866 viro,
921 3793 1024 3875 primo
1046 3811 1110 3856 non
1132 3791 1329 3869 adversante,
1350 3802 1424 3877 post
1445 3796 1540 3859 ctiam
1555 3795 1611 3858 ad·

284 3892 423 3962 iurante,
444 3886 559 3970 reliqui
575 3888 777 3970 magistratus
792 3907 895 3971 paene
910 3907 1021 3951 omnes
1034 3886 1164 3950 firerunt
1178 3886 1362 3952 defensores
1376 3887 1488 3952 salutis
1502 3907 1610 3951 meae:

286 4002 325 4046 ex
347 3983 463 4067 quibus
485 3982 654 4045 excellenti
673 3983 796 4056 animo,
819 3983 948 4055 virtute,
972 3980 1168 4055 auctoritate,
1190 3982 1360 4066 praesidio,
1381 3981 1481 4066 copiis
1495 3984 1531 4044 T.
1546 3983 1610 4043 An·

284 4077 355 4140 nius
386 4084 418 4139 et
437 4077 471 4138 P.
494 4074 616 4139 Sestius
641 4076 812 4158 praestanti
835 4076 868 4138 in
890 4094 940 4137 me
962 4074 1183 4138 benevolentia
1203 4084 1234 4139 et
1255 4076 1364 4140 divino
1386 4076 1490 4141 studio
1512 4077 1610 4140 exsti·

286 4177 399 4235 temni.
440 4168 627 4254 Eodemque
656 4168 846 4239 P.‚Lentulo
878 4175 1007 4231 auctore
1035 4175 1067 4230 et
1088 4168 1207 4250 pariter
1227 4169 1384 4232 referente
1406 4169 1528 4253 collega
1548 4169 1647 4241 ire-³0

179 4346 183 4353 ⁸
285 4261 511 4348 quentissimus
533 4270 676 4337 senatus,
709 4281 773 4324 uno
798 4261 1024 4336 dissentiente,
1053 4261 1142 4324 nullo
1165 4261 1396 4337 intercedente,
1424 4263 1610 4347 dignitatem

285 4375 387 4422 meam
409 4356 523 4440 wihus
546 4357 651 4441 potuit
671 4355 775 4420 verbis
797 4355 999 4440 amplissimis
1022 4355 1161 4430 ornavit3
1194 4355 1326 4419 salutern
1350 4356 1454 4431 vobis,
1475 4356 1610 4420 munici-

284 4451 364 4535 piis,
392 4451 527 4514 coloniis
554 4449 698 4515 omnibus
725 4449 965 4513 commendavit
1008 4443 1059 4509 lii.
1081 4448 1129 4511 lta
1158 4469 1207 4511 me
1230 4451 1351 4512 nudum
1373 4469 1392 4513 a
1413 4450 1610 4534 propinquis,

349 4771 373 4819 t.
391 4781 441 4818 cor.
459 4769 478 4817 P
496 4791 523 4802 -
548 4765 573 4815 3.
590 4779 631 4816 me
647 4764 690 4816 ed.
710 4765 795 4815 Cret:
821 4777 873 4814 om.
893 4763 986 4820 codd:
1011 4764 1070 4815 tort.
1088 4765 1248 4815 casublam
1263 4779 1310 4815 me.
1330 4791 1357 4801 —
1382 4766 1528 4817 mdidaseit
1544 4769 1564 4817 G
1582 4769 1611 4817 et

285 4848 345 4909 inq.
362 4844 391 4894 7:
410 4842 567 4892 autument
582 4842 645 4905 Lag.
658 4842 704 4897 tm
726 4841 845 4890 manunt
861 4838 918 4890 rell.
937 4841 991 4890 mei
1008 4842 1035 4890 el
1051 4842 1129 4904 Lagg.
1149 4866 1175 4875 -
1195 4840 1219 4890 l.
1237 4840 1376 4902 equitesque
1393 4841 1436 4893 ed.
1455 4846 1515 4893 Asc.
1529 4843 1607 4892 itti:

284 4922 376 4985 equites
391 4918 445 4970 mci
462 4919 577 4980 (Legum.
593 4915 627 4968 de
644 4918 698 4968 suis
716 4917 805 4977 tacet).
817 4941 843 4951 -
862 4917 886 4965 5.
906 4915 978 4964 dictis
987 4917 1035 4965 GE
1046 4916 1100 4962 V—
1117 4916 1307 4977 provintiarum
1317 4917 1514 4977 pmtiouesecurn
1525 4918 1611 4966 omnia

284 4999 305 5048 Ρ
325 5021 353 5033 -
380 4994 405 5043 6.
421 4993 622 5043 reconciliatione
642 4992 762 5042 PGEV:
789 4990 1000 5040 reconciliationes
1021 4992 1080 5049 s0;
1099 4991 1129 5040 de
1145 4991 1346 5041 rmoueitiatione
1361 4992 1560 5044 Mommsenius.
1579 5017 1607 5028 -

284 5073 309 5122 7.
327 5068 484 5120 sarcirentur
499 5066 613 5125 GESV,
631 5067 694 5116 item
714 5068 732 5114 P
748 5078 817 5115 corr.
839 5089 864 5100 —
889 5066 949 5125 quiri
965 5065 1003 5113 oei
1020 5064 1083 5114 EV:
1106 5066 1149 5126 qui
1164 5065 1205 5114 uei
1221 5067 1252 5119 Ρ;
1275 5064 1610 5128 quatumcumque

285 5159 338 5197 om.
355 5146 387 5205 S,
404 5144 451 5206 qui
468 5140 550 5192 habet
565 5142 656 5202 perire.
677 5166 703 5175 -
722 5141 748 5191 8.
766 5141 892 5190 dremne
908 5141 925 5189 S
943 5143 970 5190 et
988 5141 1006 5188 Ρ
1023 5153 1093 5188 corr.
1111 5152 1148 5190 m.
1167 5139 1196 5187 l:
1220 5140 1375 5189 demrtareut
1391 5140 1471 5190 GEV
1488 5141 1516 5190 el
1531 5142 1550 5190 P
1567 5151 1608 5204 pr.

285 5235 321 5273 m.
342 5246 370 5259 -
387 5219 458 5271 ualui
473 5218 540 5280 quod
555 5222 578 5267 et
592 5219 690 5267 masere
707 5219 751 5267 PS
774 5217 833 5278 (sed
849 5217 866 5266 S
883 5216 1023 5277 quoniuml:
1049 5215 1118 5264 colui
1135 5215 1201 5275 quod
1214 5215 1286 5277 potii
1300 5215 1399 5265 aloem
1414 5214 1464 5264 GE
1474 5214 1509 5273 V;
1530 5213 1608 5274 uolui,

285 5294 447 5360 qucdpctsei,
465 5295 586 5355 muana
601 5298 625 5344 et
640 5293 775 5342 cimereo
794 5318 821 5329 -
848 5292 888 5340 ⁴2.
907 5291 962 5353 artri
978 5288 1078 5354 aliquot
1095 5290 1186 5353 lagg:
1213 5289 1301 5339 absum
1316 5291 1385 5348 mei3
1412 5288 1472 5339 tort.
1490 5288 1550 5337 ner
1565 5300 1610 5351 eqo

285 5370 381 5420 atreus
397 5394 432 5408 -·
448 5369 530 5430 adque
547 5371 565 5419 P
582 5381 623 5432 pr.
636 5381 672 5419 m.
688 5395 715 5405 -
734 5366 775 5417 it.
790 5370 934 5416 cosantia
950 5365 1064 5424 PESV,
1083 5365 1161 5427 Legg.
1174 5376 1281 5414 omnes:
1298 5368 1461 5414 cormeum
1477 5362 1566 5425 Gttlo
1580 5388 1607 5399 -

286 5448 326 5498 tt.
341 5445 469 5508 aarum
484 5457 511 5494 re
526 5444 638 5508 scripsi:
654 5443 759 5505 parietis
776 5443 823 5492 PG
834 5441 853 5491 li
863 5440 895 5497 V;
912 5442 1039 5503 parietum
1055 5439 1072 5488 S
1089 5441 1116 5487 et
1132 5436 1231 5501 aliquot
1247 5439 1341 5502 ιδεμ
1359 5451 1385 5488 ee
1397 5438 1526 5500 parietem
1541 5436 1561 5486 0
1577 5438 1610 5498 (se

286 5519 363 5578 abest
379 5533 395 5570 e
411 5517 491 5570 codd.
509 5519 596 5580 notist
616 5544 644 5555 -
669 5519 710 5568 46.
726 5516 954 5567 commentari)
975 5542 1000 5550 —
1026 5515 1066 5565 tu.
1084 5513 1180 5563 numm
1195 5525 1246 5563 esse
1262 5514 1312 5564 EV
1330 5540 1356 5549 -
1379 5524 1458 5574 neque
1473 5523 1527 5560 om.
1544 5509 1608 5569 EV;

286 5594 663 5657 eceb-re.p.Pcorr.i
685 5604 721 5642 m.
739 5603 842 5641 errem
860 5603 939 5652 .ρ.-
959 5589 1000 5637 20.
1018 5589 1269 5652 reducemtraePpr.
1289 5588 1433 5640 ιιι-33.
1452 5599 1490 5636 ae.
1509 5585 1607 5635 ders.

287 5674 306 5723 P
323 5696 350 5707 -
368 5667 604 5722 renouentur:
622 5694 651 5706 -
673 5667 715 5716 35.
733 5666 863 5716 cuondam
881 5666 899 5715 P
919 5693 945 5700 -
967 5664 1152 5715 umnshetr
1169 5665 1396 5715 inuasurum.
1417 5689 1443 5698 -
1462 5660 1503 5712 28.
1521 5665 1610 5710 amia·

286 5747 361 5796 ritate
374 5745 484 5807 promiti
501 5744 528 5794 T.
545 5743 639 5793 suetus
654 5740 807 5793 Lambinus.
825 5767 859 5778 -
875 5740 943 5802 copis
959 5740 978 5788 P
995 5751 1035 5803 pr.
1055 5752 1106 5798 m.;
1128 5740 1240 5803 corporo
1255 5740 1306 5791 EV
1322 5766 1356 5776 -
1374 5738 1415 5790 39.
1433 5737 1526 5788 sestius
1540 5735 1607 5786 mei:

287 5821 388 5871 &clius
403 5821 424 5871 0
442 5844 470 5857 -·
490 5819 618 5882 emunit
638 5819 658 5868 G
680 5831 720 5882 pr.
739 5831 775 5868 m.
794 5842 823 5852 -
843 5814 1006 5866 beniuolentia
1022 5815 1084 5866 mei.
1106 5842 1132 5852 -
1156 5808 1291 5866 salitum
1307 5815 1326 5865 P
1344 5838 1373 5850 ··
1391 5812 1432 5863 32.
1450 5811 1537 5875 petus
1553 5821 1607 5860 om.

288 5895 338 5946 EV
354 5895 445 5956 (meam
460 5907 537 5956 marn
550 5895 632 5957 potuit
646 5893 727 5944 uobis
742 5889 1018 5955 massmanno.)
1036 5915 1064 5926 -
1091 5889 1132 5940 33.
1149 5889 1251 5941 monis
1267 5889 1321 5939 met
1337 5889 1366 5938 et
1382 5887 1413 5937 tr
1428 5888 1522 5950 legg:
1540 5883 1609 5934 aolo-

287 5969 383 6034 iiiique
399 5968 420 6020 0
437 5969 536 6033 (monis
552 5971 571 6021 P
588 5983 628 6039 pr.
648 5971 694 6033 m.)
712 5995 739 6005 -
759 5981 777 6021 a
793 5980 847 6018 om.
866 5966 925 6017 cod.
943 5965 1037 6018 Lamb.
