3800 7350
316 1216 398 1283 l076
740 1220 892 1287 ORATIO
915 1224 957 1286 ΙΝ
979 1223 1014 1286 L.
1036 1222 1214 1288 PISONEM

315 1413 410 1476 quam
432 1391 490 1454 tibi
513 1391 641 1474 paruit‘t
678 1392 847 1476 quisquam
869 1392 902 1455 in
924 1393 1040 1455 curiam
1063 1393 1205 1456 venienti
1233 1395 1431 1458 assurrexit?
1468 1396 1634 1479 quisquam

315 1486 493 1550 consulenti
523 1483 779 1568 respondendum
808 1486 954 1568 putavit‘t
986 1486 1205 1550 Numerandus
1227 1495 1276 1550 cst
1296 1487 1349 1550 ille
1371 1508 1474 1552 annus
1496 1487 1634 1573 denique

315 1584 347 1644 in
365 1603 399 1644 ro
417 1580 560 1664 publica,
583 1600 654 1644 cum
671 1580 880 1643 obmutuisset
897 1590 1041 1655 senatus,
1065 1581 1182 1643 iudicia
1198 1581 1437 1657 conticuissent,
1460 1592 1636 1646 maererent

314 1675 403 1749 boni,
427 1674 475 1738 ris
496 1673 652 1736 latrocinii
675 1674 770 1736 vestri
791 1681 858 1735 tota
879 1674 955 1736 urbe
977 1674 1139 1748 volitaret,
1168 1694 1273 1758 neque
1295 1674 1371 1738 civis
1393 1696 1476 1739 unus
1497 1696 1537 1740 ex
1560 1677 1636 1742 ciri-

291 1768 393 1842 ⁶tate,
416 1767 471 1830 sed
493 1767 563 1849 ipsa
585 1767 696 1831 civitas
718 1775 773 1830 tuo
796 1775 828 1829 et
850 1766 976 1828 Gabinii
999 1767 1109 1830 sceleri
1131 1767 1292 1851 furorique
1315 1772 1488 1834 cessisset?

396 1858 449 1925 27.
481 1862 526 1924 Ac
547 1881 588 1925 ne
610 1871 677 1924 tum
700 1862 829 1944 quidem
851 1861 1027 1946 emersisti,
1061 1862 1216 1924 lutulente
1240 1861 1431 1938 Caesonine,
1465 1885 1506 1928 ex
1527 1867 1635 1929 miser·

312 1956 400 2020 rimis
430 1963 560 2019 naturae
589 1963 662 2019 tuae
694 1955 855 2028 sordibus,
889 1975 961 2018 cum
983 1964 1167 2039 experrecta
1194 1954 1321 2019 tandem
1344 1958 1442 2021 virtus
1469 1958 1633 2023 clarissimi

209 2078 213 2084 ·
313 2050 370 2113 viri
400 2048 543 2113 celeriter
571 2056 604 2113 et
624 2070 732 2113 verum
760 2049 894 2111 amicum
917 2058 949 2112 et
971 2051 1089 2131 optime
1112 2050 1258 2112 meritum
1281 2050 1379 2113 civem
1403 2060 1435 2115 et
1457 2074 1550 2117 suum
1571 2053 1635 2136 pri-

312 2144 428 2206 stinum
450 2163 570 2206 morem
591 2142 774 2227 requisivit:
804 2163 908 2227 neque
939 2150 987 2205 est
1017 2143 1071 2205 ille
1101 2142 1150 2205 vir
1180 2163 1288 2227 passus
1320 2143 1352 2206 in
1382 2166 1475 2210 care
1497 2147 1634 2230 publica,

275 2240 302 2285 ⁴⁰
312 2257 405 2320 quam
428 2240 496 2321 ipse
518 2237 682 2301 decorarat
704 2243 799 2319 atque
820 2245 968 2311 auxerat,
996 2235 1115 2299 diutins
1137 2246 1314 2301 vestrorum
1336 2239 1490 2304 scelerum
1512 2249 1634 2325 postem

313 2331 446 2395 morari:
478 2352 549 2396 cum
578 2338 683 2394 tamen
705 2330 773 2404 illo,
807 2330 1048 2414 qualiscumque
1071 2339 1136 2404 est,
1170 2332 1224 2414 qui
1248 2339 1296 2395 est
1316 2332 1356 2395 ab
1378 2355 1442 2398 uno
1465 2345 1496 2399 te
1518 2336 1635 2419 impro-

311 2423 406 2488 bitate
428 2426 547 2499 victus,
580 2420 773 2508 [Gabinius,]
807 2423 936 2506 collegit
965 2425 1034 2507 ipse
1056 2445 1090 2487 sc
1112 2425 1183 2500 vix,
1216 2427 1272 2488 sed
1295 2427 1422 2509 collegit
1450 2435 1571 2502 tamen,
1603 2437 1635 2491 et

310 2528 420 2585 contra
442 2541 533 2584 suum
556 2518 701 2583 Clodium
723 2520 858 2601 primum
881 2518 1042 2595 simulate,
1065 2518 1179 2581 deinde
1202 2541 1265 2583 uon
1287 2518 1440 2596 libenter,
1467 2522 1507 2585 ad
1530 2531 1634 2585 extre·

310 2635 395 2677 mum
411 2619 516 2678 tamma
529 2633 587 2696 pro
604 2613 660 2677 Cn.
675 2615 824 2697 Pompeio
840 2633 914 2677 vere
928 2612 1197 2697 vehementerque
1211 2615 1371 2697 pugnavit.
1415 2614 1633 2704 Qudquidem

273 2708 342 2769 scin
364 2708 544 2789 spectaculo
575 2708 653 2771 mira
677 2708 788 2791 populi
815 2708 948 2770 Romani
970 2709 1112 2790 aequitas
1135 2714 1211 2769 erat.
1261 2708 1336 2771 Uter
1357 2727 1467 2773 eorum
1488 2711 1633 2793 perisset,

310 2808 471 2885 mmquam
492 2802 624 2875 lanista,
657 2802 690 2865 in
718 2803 787 2865 eius
818 2801 902 2864 modi
925 2801 993 2885 pari
1014 2800 1134 2863 lucrum
1156 2800 1226 2864 lieri
1249 2800 1392 2883 putabat,
1425 2803 1633 2867 immortalem

308 2914 382 2960 vero
406 2904 590 2979 quaestum,
612 2896 639 2959 si
660 2904 793 2979 uterque
809 2895 986 2959 cecidisset.
1029 2891 1079 2957 28.
1103 2895 1165 2957 Sed
1180 2895 1234 2957 ille
1250 2903 1352 2959 tamen
1367 2898 1480 2980 agebat
1494 2896 1633 2980 aliquid3

308 2988 454 3053 tuebatur
474 2990 694 3055 auctoritatem
716 2990 829 3053 summi
851 2990 929 3054 viri:
963 2997 1030 3052 erat
1051 2990 1121 3072 ipsc
1145 2988 1331 3064 sceleratus,
1364 3000 1431 3055 erat
1460 2988 1633 3073 gladiator;

308 3104 379 3148 cum
412 3085 565 3152 scelerato
594 3090 698 3147 tamen
731 3092 763 3148 et
794 3106 865 3147 cum
900 3083 968 3166 pari
997 3084 1170 3166 gladiatore
1198 3085 1367 3167 pugnabat.
1414 3087 1478 3158 Tu,
1513 3081 1634 3146 scilicet

271 3176 403 3243 mhomo
430 3179 599 3262 religiosus
627 3186 659 3241 et
687 3185 832 3252 sanctus,
867 3176 998 3252 foedus,
1033 3178 1119 3260 quod
1149 3198 1219 3241 meo
1249 3181 1401 3262 sanguine
1429 3180 1463 3242 in
1484 3176 1632 3262 pactione

306 3272 538 3355 provinciarum
565 3272 680 3346 iceras,
711 3270 855 3353 frangere
878 3271 1019 3334 noluisti.
1072 3273 1203 3337 Caverat
1225 3272 1308 3336 enim
1331 3273 1391 3336 sibi
1413 3273 1467 3336 ille
1489 3270 1631 3334 sororius

306 3366 443 3441 adulter,
473 3372 524 3439 ut,
553 3365 580 3427 si
603 3365 658 3428 tibi
681 3365 889 3447 provinciam,
921 3366 947 3428 si
971 3367 1161 3440 exercitum,
1189 3367 1215 3429 si
1237 3367 1405 3448 pecuniam
1428 3374 1568 3450 ereptam
1591 3385 1631 3429 er

306 3458 520 3542 reipublicae
549 3458 723 3521 visceribus
754 3456 908 3532 dedisset,
942 3460 1083 3523 omnium
1114 3480 1243 3522 suorum
1273 3460 1427 3524 scelerum
1456 3462 1578 3524 socium
1600 3466 1631 3522 te

306 3550 547 3635 adiutoremque
583 3551 760 3633 praeberes.
811 3552 921 3636 ltaque
959 3553 992 3615 in
1022 3553 1078 3615 illo
1107 3553 1243 3616 tumultu
1272 3553 1362 3617 tracti
1390 3553 1513 3629 fasces,
1546 3554 1627 3616 ictus

267 3644 393 3729 seipse,
414 3645 559 3730 quotidie
583 3644 664 3720 tela,
686 3644 825 3730 lapides,
847 3645 957 3728 sugac;
988 3645 1206 3730 deprehensus
1228 3646 1367 3731 denique
1389 3668 1460 3711 cum
1482 3647 1566 3711 ferro
1587 3648 1627 3711 ad

306 3747 450 3817 senatum
470 3740 514 3814 is,
549 3759 643 3823 quem
675 3741 715 3802 ad
747 3740 802 3802 Cn.
830 3742 1016 3823 Pompeium
1046 3741 1289 3805 interimendum
1318 3742 1505 3805 collocatum
1528 3741 1628 3805 fuisse

304 3836 478 3899 constabat.
522 3834 606 3896 Xlll.
640 3831 690 3896 29.
718 3835 839 3918 Ecquis
867 3834 988 3898 audivit
1014 3856 1077 3898 non
1105 3835 1201 3898 modo
1232 3836 1388 3899 actionem
1410 3835 1558 3919 aliquam·
1574 3844 1629 3898 aut

303 3930 506 4008 relationem,
527 3928 585 3992 sed
606 3948 717 3992 vocem
738 3929 868 3991 omnino
890 3936 945 3992 aut
967 3929 1139 4012 querellam
1161 3933 1275 3993 tuamt
1310 3929 1478 3994 Consulem
1501 3937 1577 3993 tune
1598 3937 1629 3993 te

303 4024 401 4088 ruisse
422 4031 531 4107 putas,
564 4024 655 4086 cuius
684 4022 718 4084 in
739 4023 888 4106 imperio,
922 4024 977 4105 qui
1007 4044 1071 4086 rem
1101 4024 1259 4108 publicam
1288 4031 1416 4088 senatus
1443 4022 1629 4087 auctoritate

266 4125 458 4193 ³⁰servarat,
481 4116 667 4199 tidemque
688 4117 721 4179 in
742 4116 848 4191 ltalia,
872 4117 925 4200 qui
949 4137 1059 4180 omnes
1082 4118 1222 4181 omnium
1244 4118 1384 4200 gentium
1407 4125 1513 4200 partes
1529 4115 1628 4181 tribus

305 4210 471 4294 triumphis
494 4211 694 4284 devinxerat,
716 4210 743 4272 is
765 4230 800 4272 se
823 4212 856 4273 in
879 4211 1006 4294 publico
1029 4218 1095 4274 tuto
1119 4211 1229 4275 statuit
1251 4231 1408 4275 essenon
1429 4215 1552 4296 posset
1580 4213 1628 4274 An

305 4315 371 4369 tum
393 4306 486 4368 eratis
509 4303 669 4377 consules,
702 4323 790 4377 cum,
827 4325 1028 4389 quacumque
1058 4304 1154 4369 dere
1177 4305 1307 4368 verbum
1328 4306 1432 4369 iacere
1454 4305 1628 4390 coeperatis

305 4395 372 4482 [aut
394 4399 510 4461 referre
530 4398 571 4461 ad
594 4390 769 4480 sanctuni,
803 4406 931 4461 cunctus
961 4398 1038 4463 ordo
1067 4399 1256 4463 reclamabat
1277 4397 1525 4482 ostendebatque
1548 4397 1627 4462 nibil

304 4513 373 4556 esse
396 4515 453 4558 ros
482 4502 625 4567 acturos,
655 4493 717 4556 nisi
745 4493 832 4576 prius
855 4492 894 4555 de
917 4514 967 4557 me
988 4496 1214 4558 rettulissetis‘l
1247 4516 1318 4559 cum
1340 4514 1412 4569 vos,
1435 4512 1626 4578 quamquam

267 4586 431 4651 ³5loedere
453 4589 597 4652 obstricti
619 4587 828 4662 tenebamini,
862 4594 967 4650 tamen
990 4609 1105 4671 cupere
1127 4609 1184 4652 vos
1207 4589 1369 4664 diceretis,
1400 4588 1456 4651 sed
1479 4586 1550 4671 lege
1570 4588 1626 4650 im·

370 4946 394 4994 t.
413 4943 558 5005 tibiparait
574 4943 617 4995 ed.
637 4942 714 4994 tina:
734 4942 857 5004 disparuit
874 4942 893 4992 C
913 4966 941 4979 -·
961 4942 987 4992 in
1003 4942 1077 4991 caria
1093 4941 1138 4992 Sl.
1156 4965 1183 4977 -
1202 4942 1227 4990 2.
1245 4943 1441 5004 respondendas
1456 4942 1591 4994 cambati
1608 4942 1625 4994 F

307 5044 333 5054 —-
353 5017 377 5068 3.
396 5018 596 5070 ommntaissetP
617 5046 643 5054 -
662 5018 823 5068 constitissent
840 5019 856 5067 F
876 5044 902 5052 —
930 5019 955 5068 3.
973 5017 1058 5082 gabini
1075 5018 1092 5068 l*
1111 5043 1138 5054 -·
1158 5019 1281 5067 emanent
1297 5019 1317 5068 E
1334 5016 1415 5069 solus.
1436 5045 1463 5055 -
1483 5018 1507 5068 6.
1524 5019 1560 5069 Ac
1575 5017 1625 5068 ΑΕ

305 5095 339 5143 G:
357 5098 385 5142 at
401 5094 473 5143 FSO
491 5094 533 5154 tAc
544 5095 719 5158 --reqaisioit
735 5094 817 5144 babet
833 5095 862 5155 Α)
877 5121 903 5128 -
923 5099 981 5144 tanc
998 5095 1017 5142 G
1032 5120 1058 5130 -
1079 5093 1212 5143 Caesonine
1227 5095 1255 5144 P.
1274 5094 1418 5144 Manutius:
1437 5106 1491 5145 csso
1507 5093 1581 5144 Eis
1599 5095 1626 5144 et

304 5169 383 5220 codd.
401 5170 519 5227 Asconii;
538 5183 628 5231 quaeso
644 5169 758 5220 Klotzius
775 5183 808 5220 ex
825 5182 886 5231 sua,
905 5171 934 5219 ut
951 5168 1067 5229 videtur,
1086 5168 1169 5226 coni.;
1188 5167 1290 5218 Caesarii
1307 5167 1350 5218 ed.
1368 5170 1446 5231 lunt,
1464 5166 1537 5232 quod
1553 5180 1626 5219 oom-

304 5245 413 5296 mendat
434 5243 587 5296 Wunderus
608 5258 634 5309 p.
653 5244 726 5294 Lllll.
747 5272 773 5281 -
798 5258 830 5295 aa
852 5245 885 5296 C:
910 5247 960 5294 ert
982 5271 1009 5280 -
1033 5244 1057 5293 7.
1076 5250 1222 5305 ecpmceta
1243 5247 1278 5295 A:
1302 5249 1406 5306 seperta
1424 5245 1453 5295 C.
1480 5243 1519 5295 Cl.
1538 5256 1578 5294 or.
1596 5256 1624 5308 p.

304 5320 388 5369 Sestio
405 5320 419 5383 5
437 5321 478 5371 61.
499 5346 526 5356 -
543 5319 675 5370 clarissimi
693 5319 744 5368 oiri
766 5332 820 5370 om.
838 5318 917 5371 codd.
935 5323 997 5370 Asc.
1016 5345 1043 5353 -
1066 5319 1106 5369 ts.
1125 5318 1244 5369 Gabinius
1260 5317 1390 5382 glossema
1408 5332 1469 5370 esse
1484 5316 1551 5369 vidit
1565 5318 1624 5370 ilu-

303 5394 385 5444 retus.
407 5421 432 5429 —
452 5394 493 5445 13.
510 5408 583 5445 snam
599 5409 652 5446 om.
671 5396 689 5445 l'
707 5421 735 5430 -
755 5394 794 5446 ti.
811 5395 904 5445 ceroS
924 5422 950 5430 -
970 5396 1010 5444 ts.
1025 5407 1085 5456 pop.
1104 5395 1132 5443 11.
1151 5394 1242 5444 EFG:
1268 5396 1346 5456 reip.
1364 5396 1416 5446 MS
1435 5423 1462 5431 -
1482 5394 1522 5444 16.
1539 5393 1624 5444 tinista

303 5467 324 5516 E
341 5494 368 5503 -
387 5470 428 5520 20.
446 5471 474 5520 in
486 5471 602 5532 pactione
614 5471 805 5533 provinciaram
821 5483 869 5534 pro
886 5467 1045 5533 glossemate
1063 5467 1145 5519 habet
1160 5469 1230 5520 Bake
1246 5471 1289 5528 iv,
1308 5483 1334 5534 p.
1347 5469 1403 5520 331.
1424 5496 1452 5506 -
1470 5469 1511 5519 st.
1529 5468 1624 5519 iocsras

305 5545 338 5605 G,
356 5546 451 5596 esaar
467 5547 595 5598 aruns.
614 5546 652 5597 Ct.
665 5546 786 5610 Madvigii
797 5547 894 5610 opusc.
907 5544 983 5595 acad.
998 5543 1212 5608 1111331131.-
1232 5543 1273 5594 23.
1285 5557 1388 5594 snorum
1398 5545 1458 5595 lis:
1476 5549 1504 5594 at
1516 5546 1557 5607 (er
1568 5544 1621 5606 tat)

301 5632 405 5670 suoram
420 5621 467 5672 EF
487 5649 515 5659 -
536 5621 577 5672 21,
595 5622 702 5672 tumulto
722 5623 786 5673 MS:
810 5633 864 5672 om.
882 5620 928 5670 EF
948 5647 976 5657 -
999 5620 1040 5669 13.
1058 5619 1151 5681 ipraE
1171 5647 1197 5656 -
1216 5619 1257 5669 26.
1275 5619 1429 5669 corbonam
1445 5621 1464 5670 P
1483 5645 1511 5654 -
1529 5618 1571 5669 27.
1589 5617 1622 5667 ut

302 5695 392 5758 qnisc
412 5721 439 5732 -
458 5697 499 5748 28.
517 5701 575 5747 tans
591 5695 744 5748 Wundcrus
759 5710 786 5761 p.
800 5696 877 5746 LVll:
896 5700 949 5746 tran
966 5695 1108 5755 EFGPS;
1128 5701 1156 5745 ta
1172 5696 1197 5747 ll
1214 5697 1242 5745 et
1257 5694 1396 5756 torona,
1414 5692 1488 5757 quod
1504 5691 1621 5758 praeteri

301 5770 475 5835 Nipperdeius
492 5774 518 5823 in
534 5771 659 5836 Philologi
675 5773 723 5835 lli,
742 5784 768 5836 p.
788 5771 844 5823 113.
864 5797 891 5808 -
911 5771 952 5822 30.
968 5770 1081 5833 mancae
1097 5770 1214 5820 initalia
1230 5770 1264 5820 C:
1283 5770 1346 5820 isso
1361 5770 1388 5820 in
1403 5769 1433 5819 lt.
1452 5768 1554 5819 amicus
1571 5767 1620 5819 ilr-

190 5844 194 5854 '
301 5847 365 5907 sini;
383 5847 448 5898 idem
463 5862 488 5899 ss
503 5847 621 5899 initalia
638 5847 837 5899 Mommsenius.
858 5874 886 5885 ·-
903 5845 983 5897 onmis
999 5860 1023 5896 o.
1040 5861 1066 5910 g.
1080 5845 1196 5908 partirs
1216 5871 1243 5882 ·-
1261 5843 1288 5894 31
1308 5846 1335 5896 et
1350 5843 1391 5895 3l.
1409 5856 1459 5896 esre
1475 5857 1529 5897 om.
1548 5844 1570 5893 G
1589 5868 1616 5879 —

299 5920 340 5974 33.
359 5928 404 5975 aot
424 5923 518 5988 rolens
533 5925 568 5975 art
582 5927 696 5976 scamma
710 5919 842 5986 domama
859 5934 921 5974 esse
936 5921 1002 5973 vidit
1016 5919 1168 5972 Wunderus
1183 5932 1212 5986 p.
1224 5919 1287 5973 1111.
1307 5945 1334 5959 -
1352 5919 1393 5999 33.
1409 5931 1454 5972 cos
1467 5931 1522 5972 om.
1539 5917 1567 5972 F.
