3800 7350
707 1683 751 1774 ii.
777 1684 920 1775 TULLII
947 1682 1179 1778 CICERONIS

803 1914 906 1984 QUAE
926 1913 1078 1974 FERTUR

343 2100 585 2190 ORATIO
615 2099 749 2190 CUM
775 2101 1034 2203 pomino
1064 2100 1350 2193 GRA'l'lAS
1379 2099 1546 2189 EGIT.
1622 2188 1624 2191 Α

852 2339 1029 2392 secessui?

642 2495 922 2558 GABOLUS
955 2497 1236 2558 neamus.

719 2900 903 2963 dorsiculi
920 2900 1164 2963 excusatio.

279 3034 300 3085 P
318 3053 344 3078 e
362 3031 422 3086 cod.
440 3032 574 3086 Parisinus
590 3044 664 3084 num.
682 3032 748 3084 ’4494
764 3047 780 3084 a
797 3045 842 3097 ms
859 3033 979 3086 collatus.

280 3110 301 3159 6
317 3126 344 3147 =
361 3108 423 3160 eod.
440 3107 618 3160 Bruxeliensis
634 3120 709 3159 uum.
727 3107 791 3160 6344
808 3123 824 3160 a
840 3110 951 3160 44444444
969 3108 1088 3162 collatus.

279 3184 299 3235 ii
315 3202 342 3223 ι·
359 3184 420 3237 cod
437 3183 605 3249 Eriaugousis
622 3196 696 3235 num.
714 3183 747 3235 38
763 3197 779 3235 a
796 3198 841 3237 ms
858 3183 978 3239 collatus.

279 3260 301 3307 V
317 3276 343 3296 =
361 3260 421 3311 cod.
439 3259 581 3311 Vaticanus
599 3272 672 3310 uum.
691 3260 770 3319 teas.
788 3259 852 3313 oiim
869 3260 1002 3313 Palatinus
1019 3275 1105 3314 nonus
1122 3262 1238 3322 Gruteri,
1258 3274 1274 3311 4
1292 3260 1353 3313 Cn.
1366 3262 1470 3312 Persico
1487 3260 1606 3314 44444444.

359 3333 449 3387 Codex
467 3332 616 3385 simillimus
634 3336 675 3384 est
691 3332 870 3399 Eriaugeusis,
890 3335 923 3386 de
941 3350 993 3401 qua
1011 3350 1041 3387 re
1055 3350 1081 3387 v.
1095 3349 1164 3401 quae
1182 3336 1272 3387 monui
1283 3335 1316 3386 iu
1329 3334 1412 3386 4444444
1425 3336 1510 3388 444444.
1519 3335 1607 3400 pistici.

359 3418 383 3462 44
396 3413 504 3475 paedup.
523 3408 577 3470 XV,
595 3422 623 3473 p.
643 3409 690 3459 470
706 3421 747 3474 sq.

279 3487 296 3535 S
360 3485 421 3537 cod.
441 3483 647 3547 salisburgensis
664 3482 765 3535 aulicus
782 3497 857 3536 uum.
876 3485 908 3537 34
925 3499 940 3536 4
958 3499 1003 3537 me
1020 3485 1139 3538 collatus.

279 3560 341 3610 4.-
359 3559 404 3611 ed.
422 3560 593 3611 iamhinisnu
610 3559 685 3611 4466.

279 3634 299 3687 0
316 3652 342 3673 ε
360 3634 405 3687 sd.
423 3634 552 3688 Orelliaua
570 3635 650 3701 prior.

343 3723 452 3772 Praeter
467 3721 517 3772 hos
534 3719 613 3771 codd.
632 3732 648 3770 4
665 3721 854 3785 Lagomarsiuc
865 3720 952 3773 colisti
964 3736 997 3774 ax
1014 3722 1167 3788 apogr-spiro
1178 3720 1358 3774 Niebuhn'auo
1369 3721 1405 3773 sd
1415 3734 1510 3773 manus
1521 3723 1607 3783 eruut,

278 3797 323 3860 qui
340 3795 375 3848 ad
391 3796 460 3848 hauc
476 3796 624 3847 orationem
641 3796 669 3847 44
690 3795 797 3848 codices
814 3800 931 3850 excussit
945 3799 988 3849 his
1005 3799 1124 3850 numeris
1140 3799 1272 3862 signatos:
1291 3799 1316 3850 4.
1333 3798 1358 3848 4.
1376 3797 1400 3849 3.
1419 3796 1444 3848 4.
1463 3797 1488 3848 6.
1503 3798 1527 3848 ’4.
1543 3798 1569 3849 8.
1581 3798 1606 3849 9.

278 3871 319 3920 so.
338 3871 379 3921 tt.
397 3871 438 3923 43.
458 3871 498 3922 ts.
517 3871 557 3922 49.
576 3872 618 3922 644.
637 3872 678 3922 st.
697 3870 737 3922 23.
755 3870 797 3923 44.
815 3872 857 3922 46.
875 3872 917 3924 io.
935 3873 977 3924 66.
995 3873 1036 3924 46.

341 3947 371 3996 iu
392 3947 585 3998 commentario
608 3947 699 3998 critico
718 3947 849 4011 4444444444
866 3947 991 4000 dedimus
1012 3947 1156 4000 lectionum
1173 3947 1381 4013 discrepantem
1397 3960 1432 3999 ex
1448 3946 1511 4012 PG,
1536 3944 1607 3999 seis-

279 4021 349 4071 cum
364 4019 538 4087 reliquorum.

363 4269 387 4334 1.
411 4261 441 4333 4.
464 4267 558 4346 Quod
587 4272 734 4352 precatus
756 4286 776 4332 a
799 4268 873 4332 iove
896 4265 1025 4353 Optimo
1047 4267 1187 4332 Maximo
1208 4269 1387 4354 ceterisque
1409 4268 1458 4334 dis
1477 4267 1607 4333 immor·

279 4363 395 4433 talibus
417 4385 504 4439 sum,
526 4362 678 4440 Quirites,
700 4382 739 4426 4ο
762 4370 914 4447 tempore,
937 4384 1009 4429 cum
1031 4383 1082 4428 me
1102 4361 1308 4450 fortunasque
1324 4382 1411 4428 meas
1429 4384 1488 4450 pro
1501 4369 1607 4428 vestra

279 4461 508 4534 incolumitate,
537 4456 605 4521 otio
627 4458 859 4542 concordiaque
881 4458 1013 4534 devovi,
1041 4465 1094 4533 ut,
1123 4458 1162 4527 si.
1179 4478 1265 4523 meas
1293 4459 1433 4524 rationes
1453 4476 1606 4542 umquam

278 4562 401 4621 4444444
423 4552 518 4618 saluti
539 4553 810 4636 anteposuisssm,
838 4553 1062 4637 sempiternam
1091 4571 1227 4636 poenam
1248 4554 1438 4618 sustinerem
1458 4572 1530 4618 mea
1550 4571 1607 4617 vo·

278 4648 400 4713 iuntste
422 4653 610 4730 susceptam,
632 4647 682 4712 444
704 4653 737 4711 44
756 4665 808 4722 ca,
831 4666 913 4732 quae
934 4654 1009 4710 4444
1030 4665 1201 4730 gesseram,
1220 4646 1456 4712 conseruandae
1470 4645 1631 4712 ciuitatis⁸

279 4763 372 4807 cause
403 4741 588 4825 gessissem,
621 4748 652 4805 et
679 4741 768 4806 iilam
796 4741 944 4806 miseram
972 4740 1201 4826 profectionem
1227 4749 1352 4806 4444444
1374 4741 1484 4808 salutis
1506 4739 1608 4826 gratis

279 4836 509 4921 suscepissem,
536 4844 589 4911 ut,
618 4836 704 4920 quod
726 4835 837 4900 odium
859 4836 1004 4901 scelerati
1024 4837 1169 4903 homiues
1191 4846 1224 4903 et
1244 4839 1382 4906 audaces
1402 4839 1438 4903 in
1458 4859 1526 4904 rem
1546 4857 1608 4923 pu·

279 4930 395 4996 blicam
417 4938 450 4995 44
469 4933 504 4996 iu
526 4949 636 4994 omnes
658 4931 760 4997 bonos
781 4938 971 5017 conceptum
992 4930 1056 4998 ium
1078 4931 1134 4996 diu
1148 4933 1358 5010 continerent,
1379 4933 1414 4998 id
1427 4934 1527 5000 inme
1540 4950 1606 4998 uno

285 5090 1605 5128 ..n—mm

343 5231 481 5282 lsscsuuo
499 5242 638 5281 44444444.
671 5228 770 5281 4444444
790 5241 840 5281 m
855 5243 948 5283 sorno
964 5241 1067 5285 suarm
1081 5242 1143 5282 serr
1158 5232 1208 5282 PG
1225 5233 1252 5282 44
1268 5229 1356 5283 schol.
1373 5231 1440 5282 Bob.
1456 5231 1495 5292 11,
1517 5242 1546 5295 p.
1557 5228 1607 5281 446

279 5305 323 5359 ed.
341 5309 402 5368 0r.;
419 5318 477 5357 4444
492 5306 592 5371 arctim
608 5305 659 5369 epit
671 5305 766 5368 populo
782 5305 843 5357 cod.
862 5304 1027 5358 coloniensis
1044 5308 1128 5358 44444.
1146 5307 1174 5357 44
1189 5305 1350 5360 bibliotheca
1366 5307 1498 5372 44444444
1514 5305 1608 5358 catho-

279 5382 322 5434 tici
339 5395 412 5435 uum.
430 5384 471 5446 7⁰,
490 5383 535 5445 qui
552 5394 585 5432 ar
602 5378 784 5445 compluribus
801 5381 937 5433 ciceronis
953 5381 1060 5446 scripds
1076 5383 1203 5447 excerpta
1213 5381 1346 5444 contiust;
1363 5394 1422 5434 444444
1431 5381 1608 5434 endum

281 5453 1609 5524 ps.wmepuv;ri.iuutictcsscuoruscproepopuopruuscpms;inudssst

279 5534 429 5599 inscriptio;
448 5532 482 5584 cd
498 5532 606 5596 04444444
617 5535 675 5595 post
689 5531 798 5583 reditum
813 5533 896 5583 444444
912 5530 1052 5583 editiones.

344 5619 368 5668 4.
383 5622 519 5681 procem
535 5619 554 5668 P
571 5617 599 5667 44
613 5613 702 5667 Schoi.
721 5615 789 5681 (cod.
808 5618 825 5668 S
841 5617 914 5668 initio
932 5616 1058 5668 orationis
1074 5617 1162 5678 caret;
1187 5617 1280 5682 incipit
1299 5615 1344 5669 ille
1359 5629 1377 5668 a
1392 5614 1483 5668 verbis
1499 5613 1609 5679 0444444444

279 5693 324 5744 etsi
338 5691 401 5742 44444
415 5697 452 5744 eet
467 5692 482 5756 4
498 5692 534 5756 4.)
549 5717 576 5728 -
596 5690 700 5742 441444
716 5689 858 5755 cellerius,
876 5689 950 5757 quod
966 5689 1039 5743 haud
1054 5690 1215 5757 improbarit
1230 5693 1354 5744 (44444444
1369 5692 1396 5742 in
1413 5691 1477 5743 cur.
1489 5702 1563 5751 sec.·,
1580 5690 1609 5740 44

280 5769 322 5819 est
337 5780 355 5817 c
371 5767 452 5819 etiam
468 5764 541 5832 apud
555 5765 645 5819 schol.
663 5767 691 5819 44
706 5764 740 5819 oi.
758 5766 794 5816 ad
809 5778 837 5831 p.
855 5765 913 5830 446,
932 5769 958 5818 4.
975 5790 1005 5804 -
1023 5767 1112 5818 disi’:
1129 5766 1255 5820 444440·-
1273 5767 1300 5821 4.
1316 5777 1357 5820 ste
1372 5765 1527 5831 1144444444
1542 5763 1604 5816 6-

279 5839 305 5893 4.
321 5852 436 5905 meson
450 5841 471 5896 Ρ
486 5839 623 5895 hocloco.
