3800 7350
265 1178 348 1254 4452
649 1185 840 1254 tapsum
859 1185 913 1249 ΕΤ
935 1181 1205 1251 CORRIGENDA.

331 1357 347 1421 5
364 1356 396 1407 35
412 1370 440 1422 p.
458 1356 531 1416 4044,
546 1353 579 1406 44
595 1352 655 1405 4444.
674 1358 750 1416 atque
765 1353 802 1403 ito
817 1351 941 1413 sidero,
958 1355 991 1401 44
1006 1349 1165 1402 seuerissimis
1180 1350 1247 1409 cet.;
1265 1345 1388 1414 displicet
1404 1345 1487 1398 enim
1505 1338 1611 1408 appel·

265 1438 327 1492 latio
345 1439 463 1492 iudicum
479 1440 540 1504 post
555 1436 624 1489 illam
641 1452 666 1489 4.
684 1438 725 1488 44.
745 1436 795 1501 (Η.)

331 1524 396 1589 535
413 1537 440 1589 p.
458 1522 534 1584 4044,
552 1524 577 1573 5.
601 1521 689 1573 Verba
707 1526 753 1572 eut
770 1520 837 1585 44444
853 1532 902 1570 esse
918 1519 1007 1570 444444
1023 1515 1154 1582 glossema
1170 1515 1303 1568 ridentur.
1321 1515 1374 1582 (ll.)
1392 1543 1423 1555 -
1447 1513 1529 1579 passio
1547 1524 1611 1562 4444

264 1608 362 1659 meiere
378 1621 464 1658 sorore
479 1606 598 1657 cubitavit
617 1606 693 1657 444444
710 1603 882 1666 Quintilianus
899 1603 969 1663 vill,
988 1602 1018 1665 3,
1036 1602 1078 1653 44.

331 1692 396 1756 536
413 1705 440 1757 p.
459 1691 537 1751 4044,
555 1689 571 1741 8
592 1690 651 1742 4444.
670 1688 815 1740 excitabo
831 1689 973 1739 44444444
989 1686 1098 1747 aliquem
1114 1686 1180 1744 cet:
1201 1687 1221 1737 Ρ
1238 1685 1309 1736 enim
1325 1698 1427 1736 44444444
1445 1696 1463 1734 4
1481 1695 1523 1735 m.
1545 1694 1607 1733 sec.

266 1778 293 1829 in
310 1788 402 1828 rasura
419 1774 509 1827 1441441.
528 1775 578 1837 (Η.)

331 1861 348 1929 5
365 1861 396 1909 oo
414 1872 440 1924 p.
454 1859 527 1922 4047,
539 1859 555 1909 8
572 1857 631 1909 4444.
644 1862 688 1907 aut
698 1856 852 1920 impudentia
862 1855 938 1906 etiem
948 1854 1006 1904 14444
1021 1854 1209 1919 defendendi
1225 1854 1273 1904 sut
1287 1854 1437 1918 (4444144444
1449 1852 1536 1904 dubit.
1551 1850 1606 1914 (Η.)

330 1944 347 2009 5
364 1944 396 1994 65
413 1956 439 2009 p.
453 1942 527 2005 4044,
539 1942 571 1993 44
589 1940 647 1992 tort.
666 1941 824 2005 quesitam
841 1941 937 1990 tradito
953 1940 1031 1990 seroie
1047 1939 1179 1990 4444444444
1195 1939 1247 1989 444.
1266 1938 1316 2002 (Η.)

331 2028 348 2093 5
365 2029 396 2079 70
413 2040 439 2093 p.
453 2025 526 2088 4044,
540 2026 571 2076 46
589 2038 658 2077 corr.
676 2026 724 2075 444
738 2038 820 2076 nunc
835 2025 901 2089 ispe,
920 2023 951 2074 ut
967 2025 1078 2089 apparet
1095 2037 1127 2073 ex
1143 2022 1233 2073 adnot.
1253 2023 1310 2073 crit.

332 2113 348 2177 5
365 2112 397 2162 78
414 2124 440 2176 p.
454 2110 526 2171 4045,
539 2111 571 2160 44
588 2108 678 2161 malim
694 2110 820 2161 absolutus
835 2113 886 2160 est.
905 2109 952 2172 (8.)

333 2225 374 2260 44.
387 2214 421 2260 44
435 2212 583 2271 provinciis
598 2212 796 2259 commistim.
819 2204 835 2268 5
853 2204 883 2253 45
905 2216 932 2267 p.
952 2201 1030 2265 1034,
1048 2201 1080 2253 34
1101 2201 1166 2252 uter
1184 2214 1234 2251 non
1254 2200 1329 2251 44444
1348 2213 1395 2251 nos
1412 2199 1542 2251 certiores
1556 2197 1604 2262 44·

267 2303 335 2354 4444,
352 2303 409 2339 cur
425 2289 563 2351 imperator
578 2288 716 2351 oppettnnr
731 2291 804 2337 44444
821 2288 880 2338 Ant.
898 2287 1069 2350 Augustinus.

332 2374 349 2438 5
366 2374 398 2424 45
414 2386 441 2438 p.
460 2372 533 2430 4035,
551 2371 583 2422 35
600 2371 660 2422 tort.
677 2370 751 2421 rebus
767 2372 834 2422 eius
848 2371 922 2435 pestis
937 2373 989 2421 cet.
1008 2370 1058 2433 (Η.)

333 2485 374 2522 44.
388 2485 439 2532 pre
454 2473 581 2521 cornelio
595 2473 690 2520 544144.
712 2478 739 2529 p.
758 2463 832 2515 1047.
854 2465 884 2516 ln
905 2462 994 2515 adnot.
1017 2463 1052 2514 ad
1068 2478 1094 2515 4.
1111 2463 1144 2514 40
1166 2462 1205 2514 444
1222 2462 1410 2526 corrigendum
1427 2463 1485 2514 est:
1512 2461 1601 2525 utnon

267 2550 330 2605 seire
346 2552 373 2603 in
390 2562 482 2601 rasura
499 2547 582 2599 habet
597 2546 661 2611 Pil».
687 2549 730 2599 Sic
747 2550 800 2599 iam
816 2546 894 2600 lectio
910 2562 961 2598 non
978 2548 1041 2599 scire
1056 2546 1202 2599 admodum
1219 2547 1299 2598 dubia
1315 2545 1458 2598 videbitur.

332 2636 348 2699 5
365 2636 397 2685 45
414 2648 441 2699 p.
459 2635 533 2685 4051.
551 2634 575 2684 4.
597 2631 638 2683 Ad
655 2632 868 2684 emendationem
885 2646 900 2682 4
918 2631 996 2684 441444
1016 2633 1042 2683 in
1059 2632 1149 2683 adnot.
1167 2632 1330 2697 propositam
1347 2630 1531 2695 4444444444
1547 2630 1601 2680 ad·

267 2718 388 2770 tutoribus
404 2719 472 2768 ittis
487 2721 536 2783 (44.
555 2717 696 2780 Gaditanis)
713 2717 762 2766 uei
777 2718 856 2767 armis
872 2716 1024 2781 mbepimus,
1042 2729 1111 2780 quae
1128 2715 1205 2768 nobis
1222 2715 1330 2780 quidem
1347 2716 1499 2767 certissima
1518 2713 1600 2766 vide-

268 2806 323 2865 tur,
342 2802 374 2854 44.
394 2816 426 2854 44
442 2803 493 2853 hac
510 2803 567 2866 ipsa
584 2803 702 2852 oratione
720 2814 745 2866 p.
760 2801 832 2861 4051,
847 2801 862 2852 8
879 2803 906 2851 44
923 2802 964 2851 46.
984 2801 1057 2863 4056,
1072 2802 1093 2849 4.
1113 2799 1218 2851 44444.
1236 2798 1301 2852 vell.
1320 2801 1374 2851 Pet.
1393 2800 1430 2863 11,
1450 2801 1518 2851 1474
1537 2813 1599 2851 444-

267 2888 324 2953 4444
339 2886 495 2937 adiutoribus
510 2888 550 2936 usi
565 2891 631 2936 sunt.
650 2885 700 2949 (Η.)
714 2912 740 2922 -
758 2886 784 2936 8.
802 2884 862 2936 iort.
879 2886 917 2934 uti
932 2885 1002 2935 nobis
1023 2890 1143 2936 tontum
1159 2885 1250 2936 liceret.
1270 2885 1319 2950 (Η.)

333 2972 349 3036 5
367 2971 399 3022 34
416 2984 442 3035 p.
461 2970 534 3033 1053,
552 2970 584 3021 47
602 2970 661 3021 tort.
679 2969 721 3020 ubi
737 2975 772 3021 est
788 2970 867 3034 ipitur
881 2969 914 3019 in
928 2968 1028 3031 (444444
1044 2969 1169 3020 Gadium
1186 2971 1237 3021 444,
1257 2970 1307 3034 (Η.)

333 3055 350 3123 5
367 3055 399 3106 35
415 3067 442 3120 p.
461 3055 535 3118 4055,
554 3054 585 3105 40
602 3054 661 3106 iort.
679 3055 708 3105 44
722 3053 794 3105 44044
810 3054 874 3104 banc
889 3055 954 3116 cim,
973 3058 1003 3103 ut
1017 3053 1050 3103 sit
1064 3053 1113 3103 iltis
1128 3054 1238 3105 manin
1253 3054 1350 3118 {eodm
1364 3053 1490 3119 4444444444
1510 3055 1563 3119 (Η.)

333 3138 397 3203 537
415 3151 441 3203 p.
460 3140 533 3201 4055,
551 3138 583 3189 43
601 3138 693 3204 tomen]
709 3140 792 3189 immo
809 3143 906 3189 44444444
924 3138 974 3201 (Η.)

333 3222 399 3287 540
416 3236 443 3288 p.
462 3223 536 3285 4056,
555 3222 586 3274 44
604 3236 673 3273 corr.
691 3224 826 3274 4444444444
840 3223 938 3288 picria,
957 3223 987 3272 ut
1003 3225 1115 3289 apparet
1131 3235 1164 3273 ex
1181 3221 1270 3274 adnot.
1289 3220 1347 3274 crit.

334 3308 350 3371 5
367 3306 399 3359 45
415 3320 442 3372 p.
462 3307 535 3367 4558,
554 3308 569 3358 8
586 3307 723 3358 omnibus
739 3309 803 3358 iuris
814 3307 972 3371 peritissimis
987 3309 1061 3358 recle
1079 3306 1156 3358 4444.
1175 3303 1288 3367 habent;
1307 3306 1339 3358 44.
1356 3320 1383 3374 p.
1397 3307 1471 3369 4064,
1484 3307 1529 3359 34.
1545 3308 1598 3372 (Η.)

334 3392 351 3455 5
369 3390 400 3443 47
418 3404 444 3455 p.
463 3391 536 3453 4058,
555 3392 586 3443 18
604 3391 663 3442 tort.
682 3404 771 3453 quem
787 3393 850 3443 iam
866 3392 944 3442 ocutis
959 3406 1010 3443 non
1023 3394 1133 3457 potestis.
1152 3392 1201 3456 (Η.)

334 3488 361 3540 p.
379 3475 452 3537 4058,
470 3476 498 3526 44
519 3475 580 3527 fort.
597 3477 619 3526 si
635 3482 708 3527 tonte
723 3476 788 3526 betto
802 3477 967 3542 persistet,
986 3480 1016 3529 44
1031 3477 1139 3529 tandem
1156 3476 1234 3528 foeda
1250 3475 1292 3528 illa
1309 3489 1362 3529 non
1378 3478 1526 3540 correctio,
1545 3476 1599 3528 sed

270 3558 423 3628 depravatio
440 3561 535 3625 44444444
551 3559 704 3626 expellatur.
724 3561 774 3624 (Η.)

334 3662 364 3709 ln
377 3663 511 3710 monem
533 3656 549 3720 5
568 3656 578 3705 4
599 3669 625 3722 p.
645 3655 719 3718 4067,
738 3657 752 3706 6
770 3654 857 3719 quibus
874 3668 948 3707 eros
966 3656 1065 3722 ipnotus
1080 3654 1198 3708 scribere
1216 3654 1391 3708 debebamus.

334 3740 382 3805 54
399 3753 426 3805 p.
446 3740 519 3800 4067,
538 3739 579 3792 44.
597 3741 637 3792 Ad
653 3739 795 3792 lectionem
811 3741 872 3792 44444
888 3741 936 3804 ipsi
954 3742 1019 3804 (sine
1035 3742 1136 3804 4444444)
1154 3741 1239 3792 detulit
1255 3741 1288 3792 44.
1307 3754 1333 3807 p.
1347 3740 1403 3804 333,
1416 3742 1441 3793 3.

334 3826 351 3891 s
368 3824 400 3875 44
417 3836 444 3889 p.
463 3825 535 3886 4440,
553 3825 595 3875 eo.
618 3827 711 3890 spos,
734 3826 797 3890 rora
812 3809 862 3877 444
879 3825 1028 3888 munim,
1051 3825 1104 3876 sne
1121 3825 1254 3887 prooem
1268 3831 1337 3876 nm
1351 3839 1402 3875 444
1415 3838 1500 3888 men
1524 3840 1599 3889 4444

269 3909 358 3960 bebere
378 3922 396 3960 4
418 3908 516 3958 tribuno
535 3909 586 3973 pt,
611 3910 633 3959 si
655 3914 699 3960 tun
720 3911 824 3961 consitio
845 3924 902 3960 44444
923 3910 966 3960 4144
982 3910 1163 3970 coniunxisset,
1188 3923 1206 3960 4
1221 3915 1310 3959 amatu
1325 3910 1424 3972 pridem
1438 3911 1596 3973 demes-osse.

269 3992 335 4047 Nihil
353 4007 413 4045 essa
431 3995 457 4043 44
479 4006 589 4059 prorsus
606 3992 716 4045 ridicule
734 3994 785 4044 dici
803 3993 944 4058 1444444444
959 4007 1010 4044 esse
1026 3993 1060 4044 de
1078 3994 1184 4045 homine
1201 3992 1342 4057 obserato,
1365 3995 1495 4046 Manutius
1514 3988 1597 4046 intel-

269 4078 346 4136 lexit;
364 4077 450 4138 4444,
470 4078 495 4129 iu
513 4078 564 4129 hac
576 4080 774 4130 enumeratione
786 4081 814 4129 44
830 4092 973 4144 progressu
990 4091 1071 4143 prave
1089 4081 1115 4129 in
1126 4079 1212 4142 primo
1223 4077 1346 4129 membro
1358 4077 1411 4129 duo
1423 4077 1506 4129 verba
1519 4092 1595 4130 esse.

268 4165 370 4219 Deinde
393 4178 446 4216 non
468 4163 573 4214 Gabinio
592 4176 655 4228 spes
673 4163 876 4226 ostendebatur,
899 4164 921 4215 si
938 4164 993 4213 Piso
1010 4177 1040 4214 se
1057 4176 1118 4213 cum
1136 4176 1169 4213 eo
1186 4163 1378 4224 coniunxisset,
1401 4163 1450 4214 sed
1467 4161 1596 4214 tribunus

269 4247 378 4299 Gabinio
396 4250 494 4299 misere
512 4249 598 4312 egenti
616 4261 667 4298 nac
683 4262 697 4298 4
715 4251 810 4300 senatu
828 4247 914 4299 auxilii
933 4248 1079 4311 quidquem
1096 4249 1211 4312 speranti
1226 4260 1335 4313 operam
1352 4259 1427 4298 suam
1445 4245 1597 4312 polliceba-

269 4335 322 4393 tur,
346 4334 368 4383 41
386 4331 511 4384 Gabinius
528 4345 558 4383 se
576 4332 681 4383 tribuno
699 4331 859 4391 addixisset;
883 4331 957 4382 addit
972 4332 1031 4384 Piso
1052 4333 1186 4397 (proximis
1202 4331 1314 4394 verbis),
1338 4345 1367 4383 se
1385 4331 1494 4383 Gabinio
1512 4344 1595 4397 spem

268 4431 284 4467 4
301 4416 407 4467 tribuno
425 4416 558 4467 obiectam
575 4417 698 4481 sequenti
715 4429 768 4466 non
785 4417 920 4467 resistere.
947 4417 979 4468 Et
998 4416 1099 4467 habent
1116 4415 1194 4467 codd.
1213 4429 1271 4478 mo,
1296 4429 1348 4468 non
1365 4421 1423 4478 mo,
1448 4419 1476 4467 et
1491 4415 1595 4468 deinde

268 4501 428 4551 commiseris
443 4502 492 4553 sed.
519 4501 628 4566 Scripsit
644 4502 753 4552 Cicero:
770 4500 852 4565 Epere
867 4499 1088 4550 sordidissime
1104 4498 1252 4559 Gabinium
1269 4511 1338 4562 spem
1352 4499 1441 4551 babere
1457 4514 1476 4550 4
1490 4505 1525 4551 tr.
1541 4501 1593 4564 pt,

267 4586 289 4635 si
305 4598 361 4636 suu
376 4586 481 4636 consilia
496 4599 553 4636 cum
568 4586 611 4636 itio
627 4585 860 4644 444444444444,
878 4596 895 4633 4
911 4589 999 4634 nonu
1010 4585 1061 4634 cet.
1080 4583 1222 4647 [Posterior
1239 4583 1415 4635 emendatioa
1431 4583 1509 4637 nohis
1522 4599 1595 4650 quo-

269 4682 321 4733 que
338 4671 443 4721 inventa
460 4670 513 4721 iam
529 4673 638 4735 recepta
656 4669 715 4734 est]
742 4671 780 4720 414
802 4666 962 4735 superlativo
983 4666 1101 4718 adverbii
1118 4667 1283 4719 restituendo
1299 4666 1369 4718 nulia
1386 4667 1515 4719 dubitatio
1533 4673 1591 4730 est;

267 4754 432 4804 sordidissime
452 4768 486 4805 an
506 4755 647 4817 turpissime
668 4755 760 4805 Cicero
783 4753 931 4818 scripserit,
954 4764 1008 4802 non
1032 4751 1208 4813 definiverim3
1232 4751 1295 4804 illud
1316 4755 1406 4804 temen
1428 4755 1538 4819 propius
1556 4753 1592 4804 ad

268 4839 376 4901 vestigia
394 4838 516 4890 codicum
533 4838 662 4890 accedere
679 4837 793 4888 videtur.
811 4839 921 4890 41444444.

333 4922 350 4986 5
368 4924 398 4973 45
415 4937 441 4987 p.
461 4924 533 4985 4074,
551 4923 593 4974 44.
617 4924 811 4988 Comparantur
828 4924 886 4973 Piso
904 4924 931 4971 et
948 4921 1085 4983 Gabinius,
1109 4933 1171 4972 cum
1188 4920 1270 4972 Clodii
1288 4921 1433 4982 coniuncti,
1457 4934 1520 4974 cum
1539 4923 1593 4974 Ca·

269 5004 349 5056 tilina.
378 5007 457 5057 Vetuit
473 5007 514 5056 itte
529 5013 644 5057 44444444
659 5009 805 5067 interficere,
822 5020 866 5057 cos
880 5006 1012 5056 sustulistis
1017 5019 1027 5065 ,·
1044 5005 1107 5069 tepet
1118 5006 1255 5067 incendere,
1266 5018 1310 5055 oos
1320 5005 1471 5071 obropostis;
1487 5008 1594 5060 interire

266 5092 393 5154 putrium,
415 5104 458 5141 444
480 5091 618 5141 4414444444.
651 5092 716 5154 Quid
738 5097 773 5142 est
787 5090 855 5141 uobis
871 5089 1011 5141 consulibus
1025 5095 1120 5154 44444444
1135 5090 1188 5140 sine
1203 5088 1304 5140 44444444
1327 5091 1444 5141 Primum
1466 5094 1592 5156 apertum

269 5181 324 5237 est,
352 5174 397 5225 ubi
422 5174 545 5225 scribitur
566 5175 681 5236 interire,
707 5177 810 5225 activae
830 5174 1027 5239 significationis
1048 5174 1204 5225 infinitivum
1224 5175 1337 5238 requiri,
1363 5175 1482 5239 ineptum
1499 5178 1592 5227 tamen

269 5273 329 5310 esse
351 5259 505 5320 interimere3
529 5272 591 5310 444444
614 5272 701 5323 neque
725 5259 866 5310 interimere
879 5260 993 5322 patriam
1008 5260 1103 5310 usitata
1120 5255 1290 5309 translatione
1308 5258 1403 5309 dicitur
1418 5260 1446 5309 et
1461 5259 1514 5310 hoc
1531 5258 1593 5312 loco

223 5374 231 5391 .
268 5345 330 5410 post
345 5342 408 5394 illud
426 5345 561 5407 interficere
576 5350 702 5405 smutorn,
722 5343 793 5408 quod
810 5344 916 5409 proprie
929 5342 1033 5407 dicitur,
1050 5354 1208 5408 perversum
1220 5343 1269 5392 est.
1290 5341 1391 5393 Deinde
1403 5344 1591 5407 pravissimum

269 5431 325 5489 est,
347 5427 420 5492 quod
442 5426 580 5477 subiicitur
594 5441 638 5477 oos
653 5429 790 5478 4444444444.
813 5428 898 5487 Quem
915 5428 1095 5479 adiuverunt‘l
1121 5425 1255 5487 Clodium,
1282 5426 1385 5490 opinor.
1420 5428 1592 5492 ltprimum

269 5527 321 5564 non
339 5511 422 5564 Clodii
445 5511 552 5574 (44444444
576 5525 628 5561 non
649 5510 729 5563 solius
746 5510 857 5576 Clodii),
884 5512 932 5564 sed
955 5513 1037 5576 ipsius
1053 5511 1154 5562 Pisonis
1172 5512 1199 5560 et
1215 5509 1316 5561 Gabinii
1333 5509 1434 5561 scelera
1451 5513 1589 5572 notantur;

269 5596 365 5648 deinde
387 5598 495 5647 omnino
518 5594 624 5648 Gladius
645 5595 785 5657 significari
809 5599 914 5660 nequit;
940 5598 967 5646 in
990 5597 1040 5647 hac
1063 5597 1136 5646 enim
1156 5594 1300 5646 verborum
1324 5594 1522 5646 coniunctione:
1550 5597 1592 5646 itte

270 5681 395 5745 (Catilina)
412 5681 490 5730 uoluit
502 5681 617 5744 patriam
632 5679 749 5738 irtterire,·
765 5693 809 5730 oos
825 5682 966 5742 adiuvistis,
984 5682 1006 5731 si
1024 5682 1097 5730 recta
1114 5681 1187 5730 esset
1203 5680 1301 5742 oratio,
1326 5681 1438 5745 patriam
1455 5680 1590 5732 adiuvisse

268 5764 488 5829 intelligerentur3
507 5769 537 5816 ut
553 5778 623 5816 nunc
640 5765 816 5826 amarescat,
835 5767 986 5817 necessario
999 5764 1136 5817 Catilinam
1153 5763 1284 5816 adiuvisse
1300 5763 1410 5830 putandi
1421 5764 1497 5826 sunt,
1515 5765 1590 5828 quod

268 5850 462 5916 ineptissimum
484 5852 533 5902 est.
560 5849 671 5901 Omnino
689 5861 741 5899 nou
758 5850 882 5901 4444444444
897 5849 1013 5915 aliquem
1030 5848 1065 5901 illl
1082 5849 1132 5900 dici
1150 5848 1264 5911 dehent,
1287 5848 1336 5900 sed
1359 5847 1457 5914 ailquid
1478 5849 1528 5914 ipsi
1548 5849 1590 5901 44-
