3800 7350
313 1160 395 1227 iasa
736 1160 887 1224 omno
909 1160 1135 1224 rfflnrarrca
1157 1115 1210 1222 ru}

311 1332 444 1394 iudicari
467 1329 609 1392 ducibus.
650 1329 682 1390 Si
705 1329 802 1412 igitur
822 1330 937 1391 Caesar
957 1329 1073 1403 hostis,
1098 1349 1154 1391 cur
1183 1327 1292 1390 consul
1314 1328 1394 1390 nihil
1416 1328 1572 1391 referebat
1593 1328 1635 1392 ad

312 1428 476 1488 senatum‘i
500 1424 547 1485 sin
569 1421 624 1484 ille
646 1442 664 1484 a
686 1431 798 1485 senatu
819 1424 975 1485 nomndus
998 1421 1159 1496 nonfuit,
1183 1422 1259 1504 quid
1281 1430 1384 1504 potest
1399 1423 1519 1495 dicere,
1543 1422 1635 1506 quin,

311 1540 382 1584 cum
404 1520 444 1581 de
466 1516 522 1580 illo
543 1517 690 1590 tacuerit,
714 1537 747 1579 se
769 1517 891 1579 hostem
913 1516 1077 1579 confessus
1099 1516 1161 1578 sit‘t
1193 1516 1294 1590 Quem
1316 1517 1349 1577 in
1372 1516 1484 1580 edictis
1507 1519 1637 1600 Sparta-

311 1635 384 1676 cum
405 1610 558 1695 appellat,
579 1609 662 1671 hunc
683 1610 716 1672 iu
738 1618 848 1673 senatu
870 1630 910 1671 ne
926 1610 1101 1692 improbum
1118 1611 1245 1691 quidem
1262 1610 1367 1673 dicere
1384 1610 1489 1674 audet
1522 1613 1578 1674 lx,
1594 1615 1637 1674 st

289 1708 343 1769 tin
366 1706 461 1768 rebus
483 1704 666 1768 tristissimis
688 1712 823 1786 quantos
846 1702 962 1765 excitat
983 1702 1082 1765 risusi
1115 1703 1324 1767 Sententiolas
1351 1703 1446 1769 edicti
1468 1708 1634 1770 cuiusdam

310 1799 480 1863 memoriae
511 1797 671 1871 mandavi,
702 1816 780 1879 quas
802 1797 927 1859 videtur
947 1796 1002 1858 ille
1024 1805 1188 1878 peracutas
1211 1805 1337 1881 putare:
1367 1818 1426 1880 ego
1447 1808 1552 1864 autem
1576 1802 1635 1883 qui

310 1893 514 1975 intelligeret,
538 1891 614 1975 quid
630 1891 734 1954 dicere
751 1890 860 1965 vellet,
881 1889 985 1953 adhuc
1000 1892 1156 1953 neminem
1180 1891 1297 1954 inveni.
1340 1888 1391 1955 22.
1407 1894 1525 1957 Nulla
1545 1915 1635 1958 con-

311 1986 478 2050 tumelia
499 1994 574 2059 est,
598 2004 712 2068 quam
733 1983 834 2047 lacit
855 1983 1015 2066 dignus.
1048 1984 1186 2047 Primum
1205 1984 1346 2069 quidest
1367 1985 1536 2068 dignust
1557 2007 1634 2050 nam

311 2081 405 2144 etiam
428 2079 512 2143 malo
533 2080 625 2142 multi
646 2078 749 2161 digni,
778 2078 860 2141 sicut
886 2078 966 2160 ipse.
1001 2078 1051 2138 An
1072 2097 1166 2159 qnam
1188 2077 1329 2153 facitis,
1359 2080 1415 2161 qui
1437 2100 1507 2143 cum
1529 2081 1634 2163 digni·

274 2183 373 2239 rotate
396 2177 464 2237 esti
488 2192 568 2256 quae
589 2180 695 2235 autem
716 2179 821 2254 potest
842 2190 912 2233 esso
934 2173 1055 2234 maiori
1089 2170 1172 2245 Quid
1195 2178 1243 2234 est
1265 2191 1359 2255 porro
1381 2172 1520 2237 lacero
1542 2194 1634 2236 eon·

309 2267 531 2347 tumeliam?
554 2266 625 2348 quis
647 2265 691 2328 sic
713 2264 875 2347 loquitur‘i
903 2264 1045 2326 Deinde:
1074 2284 1149 2327 nec
1180 2266 1314 2339 timor,
1342 2287 1457 2349 quern
1486 2268 1634 2331 denun-

309 2364 386 2425 tiat
408 2360 609 2424 inimicus.
647 2358 730 2433 Quid
753 2359 850 2439 ergo?
875 2356 915 2419 ab
936 2358 1037 2420 amico
1060 2358 1153 2420 timor
1175 2359 1352 2422 denuntiari
1375 2360 1480 2422 soleti
1510 2359 1633 2423 Horum

308 2454 424 2518 similia
446 2453 605 2534 deinceps.
638 2453 749 2515 Nonne
771 2450 869 2513 satius
890 2458 939 2513 est
960 2457 1081 2512 mutum
1104 2471 1174 2514 esse
1196 2471 1290 2533 quam
1313 2454 1399 2535 quod
1420 2473 1515 2517 nemo
1539 2453 1633 2517 intel-

309 2548 384 2629 ligat
404 2546 530 2608 diceret
563 2547 625 2618 En,
654 2565 710 2606 cur
731 2544 879 2626 magister
900 2545 970 2606 eius
993 2564 1033 2605 ex
1056 2552 1180 2607 oratore
1201 2554 1305 2608 arator
1324 2545 1426 2610 factus
1449 2548 1507 2621 sit,
1530 2550 1633 2630 possi·

272 2642 382 2706 sedeat
402 2643 435 2704 in
457 2659 532 2723 agro
555 2638 678 2720 publico
692 2637 794 2719 campi
810 2638 955 2699 Leontini
972 2636 1035 2699 duo
1050 2638 1138 2699 milia
1160 2639 1305 2721 iugerum
1323 2640 1494 2715 immunia,
1516 2648 1552 2704 ut
1573 2640 1633 2704 ho·

307 2736 423 2796 minem
450 2731 611 2815 stupidum
640 2732 738 2814 magis
765 2732 858 2793 etiam
886 2729 1023 2793 infatuet
1047 2730 1191 2794 mercede
1213 2732 1348 2813 publica.
1392 2730 1442 2795 23.
1466 2735 1528 2797 Sed
1550 2735 1632 2798 haec

307 2826 427 2890 leviora
447 2825 598 2889 sortasse:
620 2825 697 2887 illud
720 2844 854 2908 quaero,
878 2844 933 2886 cur
955 2831 1019 2886 tam
1042 2833 1224 2887 mansuetus
1241 2826 1273 2887 in
1290 2833 1401 2888 senatu
1422 2825 1534 2902 luerit,
1557 2850 1631 2892 oum

307 2921 340 2983 in
363 2920 474 2984 edictis
496 2928 558 2982 tam
580 2918 666 2982 serus
687 2917 809 2980 fuisset.
843 2917 925 2992 Quid
945 2918 1028 2981 enim
1045 2918 1213 2980 attinuerat
1227 2919 1262 2980 L.
1279 2919 1404 2994 Cassio,
1427 2922 1551 2984 tribuno
1574 2922 1631 3005 pl.,

305 3013 479 3077 fortissimo
501 3020 533 3076 et
553 3012 805 3076 constantissimo
827 3012 904 3085 civi,
926 3021 1058 3075 mortem
1079 3011 1283 3087 denuntiare,
1306 3013 1332 3075 si
1354 3014 1388 3075 in
1409 3024 1553 3078 senatum
1575 3037 1631 3078 ve·

269 3108 419 3183 acuisset,
450 3108 487 3170 D.
511 3106 730 3179 Carfulenum,
762 3106 843 3168 bene
877 3106 917 3168 de
944 3126 980 3168 re
1009 3104 1135 3189 publica
1166 3107 1370 3179 sentientem,
1404 3118 1515 3171 senatu
1543 3110 1574 3172 vi
1597 3118 1630 3172 et

306 3204 400 3266 minis
430 3203 536 3265 mortis
566 3200 741 3284 expellere,
769 3200 815 3260 Ti.
839 3199 1042 3273 Cannutium,
1071 3219 1090 3261 a
1117 3220 1180 3281 quo
1204 3208 1271 3262 erat
1298 3200 1530 3265 honestissimis
1552 3223 1630 3265 con·

305 3298 497 3360 tentionibus
525 3304 556 3358 et
584 3313 678 3376 saepe
700 3301 731 3356 et
758 3294 827 3355 iure
850 3301 999 3366 vexatus,
1028 3313 1092 3355 uon
1115 3294 1232 3375 templo
1255 3293 1373 3368 solum,
1402 3297 1629 3359 verumetiam

304 3390 392 3454 aditu
422 3389 591 3472 prohibere
614 3386 783 3469 Capitolii‘i
816 3386 872 3450 Cui
901 3394 1030 3448 senatus
1057 3386 1202 3449 consulto
1225 3407 1265 3449 ne
1287 3387 1519 3452 intercederent
1539 3409 1629 3453 vere·

303 3483 418 3545 batur?
449 3484 496 3545 De
521 3479 766 3563 supplicatione,
799 3480 912 3553 credo,
943 3480 985 3541 M.
1008 3477 1132 3562 Lepidi,
1171 3480 1338 3544 clarissimi
1361 3482 1431 3544 riri.
1467 3485 1570 3567 Atque
1592 3484 1627 3546 id

267 3584 373 3640 ecerat
392 3575 583 3660 periculum,
611 3573 651 3635 de
673 3574 761 3636 cuius
782 3573 905 3637 honore
927 3572 1178 3636 extraordinario
1201 3574 1344 3659 quotidie
1365 3575 1487 3658 aliquid
1508 3576 1627 3659 cogita·

303 3670 432 3744 bamus,
453 3691 494 3732 no
516 3668 584 3732 eius
605 3667 737 3730 usitatus
758 3668 861 3731 honos
883 3667 1098 3751 impediretur.
1130 3662 1180 3730 al.
1203 3671 1248 3731 lle
1270 3688 1310 3731 ne
1332 3667 1401 3731 sine
1423 3688 1519 3733 causa
1538 3669 1627 3733 ride-

304 3772 389 3828 retur
416 3763 552 3827 edixisse
580 3768 615 3825 ut
644 3768 772 3825 senatus
793 3762 936 3837 adesset,
968 3783 1038 3826 eum
1060 3764 1099 3825 de
1121 3783 1155 3825 re
1177 3764 1305 3846 publiea
1326 3764 1482 3827 relaturus
1503 3762 1625 3838 luisset,

303 3857 399 3921 allato
427 3857 538 3919 nuntio
559 3855 607 3918 ⁴de
628 3855 752 3937 legione
774 3863 885 3939 quarta
907 3864 1013 3919 mente
1035 3855 1187 3931 concidit,
1215 3863 1247 3919 et
1268 3857 1378 3941 fugere
1399 3857 1552 3921 festinans
1575 3878 1628 3921 se-

303 3957 395 4014 natus
417 3949 597 4013 consultum
617 3948 657 4011 de
680 3949 909 4031 supplicatione
931 3970 989 4034 per
1002 3948 1228 4013 discessionem
1249 3950 1339 4026 iecit,
1361 3972 1431 4015 cum
1453 3952 1486 4014 id
1508 3951 1626 4015 lactum

266 4051 389 4106 aoesset
409 4051 501 4106 autea
522 4063 705 4126 numquam.
1495 4054 1497 4057 ’

387 4139 427 4200 Χ.
457 4137 546 4212 Quae
575 4157 648 4200 vero
680 4135 832 4219 protectio
861 4138 988 4219 posteat
1023 4137 1110 4221 quod
1139 4138 1200 4200 iter
1220 4137 1377 4221 paludati!
1411 4159 1493 4223 quac
1517 4139 1625 4203 vitatio

368 4431 392 4478 4.
410 4429 463 4478 iud.
481 4427 582 4476 desitos
597 4426 632 4474 V:
655 4425 756 4474 4444444
771 4426 822 4475 iad.
842 4427 892 4476 Do
912 4452 938 4461 -
962 4427 1021 4489 iper
1037 4427 1058 4476 V
1077 4453 1104 4462 —
1128 4426 1222 4477 Caesar
1237 4428 1275 4476 V:
1299 4428 1326 4479 G.
1345 4429 1439 4479 Caesar
1454 4430 1520 4492 Do,
1538 4430 1586 4479 sed
1604 4430 1622 4479 h

302 4506 324 4554 si
340 4516 389 4568 pro
405 4517 427 4553 c.
449 4529 475 4538 —
493 4501 615 4565 referebat
631 4502 741 4564 scripsi:
760 4502 852 4565 referat
869 4503 903 4561 V;
921 4503 998 4563 refert
1014 4504 1065 4553 D0
1084 4529 1111 4538 -
1130 4504 1164 4552 od
1180 4510 1292 4554 44444444
1308 4517 1362 4555 om.
1381 4508 1392 4554 t
1409 4531 1436 4542 -
1456 4507 1480 4556 4.
1498 4504 1625 4554 44444444

304 4583 313 4629 4
331 4606 358 4615 -
377 4580 401 4629 3.
419 4579 510 4628 hostes
527 4577 560 4626 V:
578 4577 670 4625 44444444
686 4577 773 4625 44441)
793 4604 820 4614 -
838 4571 915 4639 quim
931 4573 963 4625 V¹
981 4603 1008 4612 -
1027 4577 1051 4627 4.
1069 4592 1101 4630 44
1117 4592 1170 4629 om.
1189 4582 1200 4628 t
1219 4606 1245 4616 -
1264 4581 1330 4642 tepr.
1349 4584 1386 4645 gt
1405 4608 1432 4618 -
1451 4582 1526 4631 44444
1542 4581 1624 4630 dicere

302 4655 343 4706 ab
363 4682 391 4692 ·-
410 4656 434 4704 5.
452 4651 599 4715 paoeth
618 4677 645 4686 -
663 4653 814 4700 ecereitsta
834 4679 861 4689 —
881 4653 1013 4714 4444444444
1029 4651 1061 4701 V'
1074 4681 1102 4693 -
1121 4657 1144 4705 6.
1164 4656 1206 4717 pai
1222 4655 1245 4703 V
1262 4668 1331 4706 corr.
1344 4669 1377 4705 ex
1391 4657 1451 4718 pute
1463 4681 1491 4692 -
1511 4657 1535 4706 a.
1549 4655 1623 4717 44443

301 4732 391 4794 dipsas
410 4731 445 4778 at
467 4754 494 4764 -
518 4727 542 4777 9.
559 4727 631 4776 motti
651 4727 720 4790 dipel
741 4727 777 4775 V:
803 4728 872 4791 dipel
888 4728 960 4777 444444·
980 4729 1031 4778 DO
1050 4754 1076 4764 -
1102 4731 1144 4791 psi
1160 4729 1183 4778 V
1200 4742 1268 4780 corr.
1287 4743 1319 4780 ex
1336 4732 1396 4792 qaid
1415 4758 1442 4767 -
1463 4732 1504 4781 44).
1518 4735 1624 4794 potestte

301 4807 385 4854 maior
401 4799 446 4861 V¹;
464 4803 547 4853 maior
560 4806 638 4863 potest
653 4799 731 4851 esseb
746 4828 773 4837 —
793 4802 832 4851 43.
852 4804 912 4863 quid
928 4816 973 4867 epo
990 4816 1005 4851 4
1019 4831 1046 4841 -
1065 4805 1096 4854 44
1113 4806 1200 4855 4444444
1216 4819 1245 4865 4;
1264 4806 1297 4856 44
1313 4807 1413 4856 inimico
1431 4808 1466 4869 gt
1479 4830 1507 4842 -
1526 4807 1623 4855 444444-

301 4882 365 4931 44444
386 4878 417 4929 V¹
434 4906 462 4916 -
485 4879 525 4929 43.
542 4879 664 4928 motatum
685 4878 754 4927 V·
776 4879 959 4944 inteltepitctV
979 4909 1005 4918 —
1030 4881 1070 4932 44,
1089 4886 1179 4930 arctor
1197 4893 1251 4930 om.
1270 4883 1281 4930 t
1299 4883 1339 4943 (44
1355 4886 1421 4931 oret.
1440 4886 1531 4930 444444
1546 4880 1623 4929 affert

302 4954 406 5016 Quintil.
425 4956 470 5016 ill,
488 4954 516 5017 3,
535 4955 574 5017 43)
587 4979 614 4989 -
632 4954 714 5017 (actae
728 4955 760 5003 sit
776 4956 829 5004 mei
847 4954 903 5017 (sed
920 4968 935 5004 a
952 4960 1000 5016 est,
1018 4955 1037 5005 b
1054 4957 1110 5016 sict:
1128 4956 1210 5020 [44444
1226 4956 1246 5005 0
1264 4968 1325 5006 cum
1343 4957 1453 5008 faerno.
1468 4982 1496 4993 -
1515 4954 1555 5005 te.
1570 4967 1623 5016 po-

301 5031 362 5080 tiico
379 5030 413 5079 V:
430 5030 528 5092 publico
542 5030 628 5092 popuii
644 5032 672 5080 li.
691 5030 743 5080 D0
762 5055 789 5067 -
810 5031 937 5080 mioiioV
957 5058 984 5068 -
1003 5032 1117 5082 44444444
1133 5033 1144 5080 4
1162 5056 1188 5067 -
1207 5030 1371 5081 4444444444
1390 5057 1418 5067 -
1438 5032 1478 5081 46.
1497 5030 1623 5092 stupidum

300 5105 335 5153 V:
354 5105 455 5154 44444444
476 5107 511 5164 υς
533 5105 649 5156 stolidam
665 5107 700 5166 0,
723 5109 753 5155 ut
774 5106 889 5156 Faernus
911 5104 977 5157 lalso
999 5121 1031 5158 ex
1052 5107 1074 5156 V
1094 5103 1200 5156 rettulit.
1221 5131 1247 5141 -
1272 5107 1311 5156 ll.
1331 5111 1384 5156 4444
1400 5107 1445 5156 V¹:
1468 5111 1521 5156 4444
1542 5104 1622 5154 autito

300 5179 391 5228 V²D0
410 5205 437 5215 —
454 5180 626 5243 4444444444νὶ4
641 5193 697 5230 4-
717 5181 757 5231 aa.
776 5181 802 5230 44
818 5181 890 5230 dictis
906 5181 970 5232 abt
988 5206 1016 5218 -
1033 5183 1101 5245 ferse
1116 5182 1200 5245 [444444
1216 5180 1252 5230 V:
1271 5180 1290 5243 s.
1307 5180 1376 5243 [4444
1391 5182 1484 5231 D0-
1503 5181 1569 5230 44444
1584 5178 1620 5227 V:

300 5267 352 5304 om.
372 5257 395 5314 t;
414 5261 496 5306 444444
513 5256 580 5320 4443
597 5281 630 5292 -
645 5256 775 5306 attinuerit
790 5257 811 5305 l)
830 5256 856 5318 (b
874 5258 999 5321 44444444)
1014 5282 1041 5294 -
1060 5257 1117 5307 trit.
1132 5256 1210 5320 piebis
1224 5256 1358 5320 [4444444444
1369 5256 1389 5306 0
1402 5256 1575 5320 interpunxit;
1593 5255 1621 5304 44

300 5342 324 5378 v.
344 5327 408 5379 Phil.
427 5330 457 5391 V,
478 5330 492 5394 S
510 5333 551 5382 ee.
569 5332 638 5392 lllll,
659 5331 674 5395 5
691 5329 731 5380 33.
753 5356 779 5367 -
797 5331 839 5380 40.
856 5332 1036 5394 4444444444444
1052 5334 1063 5381 4
1080 5357 1107 5367 -
1125 5333 1246 5382 4444444444
1261 5332 1359 5380 senatui
1374 5336 1397 5381 et
1412 5331 1487 5381 minis
1502 5343 1517 5380 4
1535 5355 1563 5365 -
1581 5342 1621 5379 44-

298 5409 362 5453 noto
377 5401 497 5468 V¹bgtz
519 5418 533 5456 4
548 5411 636 5455 444444
651 5401 712 5454 V²0
731 5431 758 5441 -
781 5405 822 5454 44.
840 5407 972 5468 sepelierat
987 5405 1010 5455 V
1026 5418 1079 5457 om.
1097 5418 1234 5471 praenom.
1253 5405 1299 5467 Ti,
1320 5404 1393 5470 quod
1410 5404 1497 5455 flrmat
1514 5404 1620 5455 Cassius

299 5479 346 5528 Dio
363 5479 407 5538 445,
426 5479 449 5529 6.
467 5478 513 5540 ta,
533 5479 573 5530 44.
592 5504 620 5516 -
647 5479 779 5529 tiberinam
795 5481 855 5542 agt
872 5507 900 5518 -
919 5480 1070 5532 caecutirem
1085 5477 1134 5530 Vb
1154 5481 1200 5544 (sic
1217 5481 1297 5530 etiam
1314 5478 1374 5530 cod.
1392 5478 1461 5530 Med.
1480 5480 1505 5528 lu
1523 5490 1566 5542 ep.
1584 5476 1618 5528 ad

298 5553 644 5617 Fam.x11,a‚a.aa,e):
669 5554 802 5604 0444444444
822 5557 910 5617 egio
930 5582 957 5594 -
982 5555 1134 5607 metientem
1153 5561 1178 5607 et
1199 5569 1272 5620 saepe
1287 5561 1311 5606 et
1326 5557 1382 5606 iure
1397 5553 1616 5615 4444444444444.

295 5633 404 5678 necatus
418 5627 441 5677 V
453 5655 480 5664 -
500 5628 540 5678 43.
558 5629 661 5691 capitoli
675 5630 738 5679 v-
755 5628 796 5680 44.
814 5629 878 5680 4444.
895 5631 957 5694 oiri]
971 5644 1025 5682 cer.
1038 5630 1061 5679 V
1074 5658 1101 5668 -
1122 5630 1180 5683 tort.
1194 5631 1225 5681 Aa
1241 5632 1306 5693 qood
1322 5635 1378 5681 eret
1387 5655 1424 5667 -·
1434 5626 1618 5693 impediretur?

298 5727 326 5739 -
344 5703 385 5752 25.
398 5700 607 5752 extraordinarii
625 5706 636 5754 4
654 5731 681 5741 -
699 5704 787 5755 cotidie
797 5705 862 5768 Vgt
878 5706 943 5769 (4444.
957 5705 981 5768 4)
992 5735 1020 5744 -
1038 5706 1078 5757 44.
1091 5707 1209 5758 4444444444
1223 5707 1299 5756 licem
1314 5706 1506 5768 impetratorv
1520 5731 1547 5742 -
1565 5704 1617 5754 4444

296 5781 373 5828 emt
392 5805 419 5814 -
438 5778 478 5829 43.
497 5779 582 5828 adicio
599 5779 642 5829 Vt
659 5806 686 5816 -
705 5781 828 5845 strepere
845 5782 878 5830 V:
901 5783 1046 5846 4414444444)
1065 5807 1093 5816 -·
1116 5781 1157 5833 34.
1173 5782 1294 5847 profectio
1310 5791 1364 5832 om.
1382 5793 1397 5830 4
1417 5806 1444 5817 -
1464 5780 1525 5846 post
1538 5777 1616 5842 peie-

296 5853 350 5903 4444·
370 5851 451 5906 habet
470 5852 488 5904 b
506 5853 674 5916 4444444444
693 5855 774 5907 444444
789 5854 914 5920 idemque
931 5858 943 5907 t
959 5857 1019 5908 ante
1033 5857 1160 5920 44444444.
