3800 7350
315 1151 399 1221 4438
622 1154 774 1222 ORATIO
794 1156 874 1222 PRO
898 1157 932 1222 0.
954 1157 1119 1222 RABIRIO
1140 1157 1332 1223 POSTUMO

317 1324 403 1390 omui
430 1331 587 1408 tempore,
615 1344 674 1388 nec
704 1346 775 1390 cum
803 1327 943 1391 Postumi
966 1347 1061 1391 causa
1081 1348 1133 1391 res
1153 1327 1214 1391 ista
1237 1327 1405 1391 coniuncta
1426 1333 1485 1390 est.
1520 1325 1640 1402 Quam·

316 1440 411 1504 quam
440 1419 480 1484 ad
506 1426 663 1503 sumptum
691 1420 831 1497 itineris,
860 1409 900 1485 ad
925 1422 1012 1484 illam
1035 1421 1298 1504 magnificentiam
1320 1428 1489 1504 apparatus
1511 1420 1641 1483 comita·

316 1521 447 1598 tumque
469 1512 591 1595 regium
613 1513 813 1597 suppeditata
833 1516 970 1597 pecunia
991 1536 1010 1578 a
1030 1516 1181 1579 Postumo
1201 1522 1249 1580 cst
1263 1514 1427 1598 factaeque
1443 1514 1640 1599 syngraphae

315 1614 388 1671 suut
410 1606 443 1669 iu
464 1607 587 1671 Albano
611 1607 666 1671 Cu.
689 1610 834 1691 Pompei,
857 1631 928 1672 oum
950 1611 1004 1673 ille
1026 1612 1125 1673 Roma
1147 1609 1307 1693 proiectus
1328 1616 1427 1685 esset,
1449 1616 1553 1672 44444444
1574 1628 1641 1672 uon

292 1700 487 1776 adeuntis,
515 1702 572 1785 qui
594 1701 703 1777 dabat,
735 1723 801 1787 quo
822 1703 916 1767 modo
937 1704 1008 1780 ille,
1031 1704 1087 1788 qui
1108 1702 1299 1786 accipiebat,
1322 1712 1523 1767 consumeret
1543 1722 1643 1785 quae·

313 1814 394 1858 rere.
429 1795 499 1858 Nou
521 1794 604 1858 euim
628 1795 759 1870 latroni,
788 1796 844 1860 sed
865 1796 933 1879 regi
956 1796 1102 1871 credidit,
1128 1817 1186 1860 uec
1208 1797 1276 1879 regi
1297 1797 1425 1860 inimico
1447 1796 1558 1881 populi
1579 1798 1642 1860 Ro-

313 1888 415 1963 mani,
438 1888 493 1951 sed
516 1888 562 1962 ei,
584 1888 674 1952 cuius
695 1889 832 1953 reditum
856 1891 978 1953 consuli
1001 1891 1184 1955 mandatum
1205 1898 1350 1954 asenatu
1365 1890 1508 1965 videbat,
1528 1911 1588 1954 neo
1609 1889 1641 1953 ei

312 1981 393 2063 regi,
417 1981 471 2065 qui
494 1981 617 2045 alienus
640 1981 679 2043 ab
701 1983 763 2044 hoc
785 1983 918 2064 imperio
941 1992 1038 2059 esset,
1067 1985 1124 2048 sed
1146 1984 1192 2058 ei,
1214 1984 1341 2068 quicum
1362 1982 1475 2048 foedus
1496 1984 1584 2048 feriri
1606 1986 1641 2047 iu

314 2073 470 2157 Capitolio
492 2075 624 2138 viderat.
666 2072 697 2138 7.
720 2076 817 2151 Quod
839 2077 865 2139 si
888 2077 1052 2141 creditoris
1075 2078 1170 2161 culpa
1191 2086 1254 2153 est,
1280 2078 1306 2160 si
1328 2079 1385 2162 qui
1407 2079 1550 2162 improbe
1572 2099 1642 2142 ore·

276 2178 303 2226 44
313 2167 378 2231 dita
398 2170 534 2251 pecunia
554 2190 633 2233 usus
655 2179 718 2245 est,
741 2171 907 2234 damnetur
928 2171 956 2233 is
978 2172 1034 2256 qui
1056 2171 1227 2236 fabricatus
1249 2173 1389 2255 gladium
1412 2183 1460 2236 est
1481 2180 1513 2237 et
1530 2172 1641 2236 vendi-

313 2260 374 2336 dit,
395 2283 459 2326 nou
480 2262 508 2325 is
531 2263 586 2347 qui
608 2263 664 2327 illo
687 2262 793 2346 gladio
816 2264 916 2327 civem
940 2265 1082 2349 aliquem
1104 2265 1272 2329 interemit
1309 2268 1410 2342 Quam
1433 2266 1473 2330 ob
1495 2286 1560 2328 rem
1582 2286 1641 2328 ue·

312 2377 375 2441 quc
397 2364 447 2430 tu,
476 2355 509 2420 C.
531 2357 674 2431 Memmi,
703 2358 765 2421 hoc
786 2356 890 2421 lacere
914 2356 1028 2433 debes,
1059 2366 1096 2421 ut
1117 2368 1274 2434 senatum,
1297 2360 1386 2423 cuius
1408 2359 1584 2423 auctoritati
1606 2366 1639 2421 te

310 2450 350 2515 ab
380 2450 594 2514 adolescentia
623 2449 752 2525 dedisti,
780 2452 815 2513 in
844 2457 930 2515 tauta
956 2451 1087 2516 iufamia
1113 2453 1231 2515 versari
1260 2452 1354 2527 velis,
1381 2473 1486 2537 neque
1508 2472 1567 2535 ego
1589 2452 1638 2526 id,

310 2543 397 2628 quod
419 2563 483 2607 nou
506 2544 620 2626 agitur,
644 2542 825 2608 defendere.
861 2546 1003 2609 Postumi
1024 2546 1109 2609 enim
1131 2566 1241 2622 causa,
1263 2564 1482 2630 quaecumque
1504 2553 1567 2619 est,
1588 2565 1640 2610 se·

273 2646 301 2696 44
309 2637 416 2701 iuncta
436 2655 457 2700 a
478 2644 589 2701 senatu
612 2645 670 2702 est.
707 2638 802 2714 Quod
824 2638 852 2701 si
873 2640 950 2703 item
971 2639 1140 2704 aGabiuio
1158 2640 1331 2704 seiunctam
1346 2638 1532 2715 ostendero,
1553 2647 1639 2704 certe

310 2730 394 2815 quod
417 2729 503 2794 dicas
525 2730 604 2794 nibil
626 2730 768 2795 habebis.

393 2824 446 2889 IV.
468 2820 498 2885 8.
519 2824 577 2888 Est
597 2824 683 2888 enim
703 2824 783 2888 haec
806 2846 902 2890 causa
923 2844 985 2902 ovo
1007 2844 1051 2890 rsa
1065 2847 1199 2891 sacrans
1216 2847 1413 2891 rsavrnsarr
1429 2827 1522 2912 quasi
1537 2848 1638 2911 quae-

239 2940 252 2956 ·
308 2918 382 2985 (lam
403 2915 615 3001 appendicula
635 2938 748 2982 causae
771 2918 927 2983 iudicatae
947 2928 1045 3005 atqua
1060 2922 1236 2986 damnatae.
1268 2922 1350 2986 Sunt
1366 2921 1438 2985 lites
1452 2923 1637 2986 aestimatae

307 3013 345 3082 Δ.
366 3010 518 3076 Gabinio:
549 3031 608 3092 uec
630 3011 763 3094 praedes
785 3013 850 3076 dati
873 3033 931 3077 nec
954 3035 996 3078 ex
1016 3015 1110 3078 bouis
1131 3015 1252 3098 populo
1273 3016 1416 3079 44444444
1431 3017 1561 3097 pemmo
1582 3035 1638 3079 ex·

271 3113 379 3171 444444
399 3111 457 3169 444.
493 3105 583 3168 lubet
603 3104 657 3168 lex
677 3105 758 3168 Iulia
780 3108 930 3191 persequi
952 3109 992 3172 ab
1014 3109 1068 3183 iis,
1090 3108 1131 3172 ad
1154 3129 1234 3193 quos
1257 3129 1295 3173 ea
1316 3108 1469 3192 pecunia,
1490 3129 1586 3194 quam
1608 3109 1637 3172 is
1714 3175 1722 3190 .

308 3200 429 3285 ceperit
455 3198 512 3282 qui
540 3198 707 3262 damnatus
737 3200 795 3277 sit,
824 3204 1013 3285 pervenerit.
1054 3203 1088 3267 si
1111 3210 1159 3267 ost
1179 3203 1240 3267 hoc
1261 3223 1376 3267 novum
1399 3204 1432 3266 iu
1454 3201 1524 3285 lege
1546 3203 1641 3278 lulia,·

308 3294 401 3360 sicuti
432 3291 531 3356 multa
552 3300 626 3356 suut
646 3294 788 3358 severius
815 3297 930 3376 scripta
954 3316 1049 3379 quam
1072 3297 1105 3360 iu
1126 3297 1266 3379 antiquis
1287 3296 1411 3379 legibus
1434 3304 1467 3360 et
1486 3297 1638 3370 sanctius,

306 3389 475 3454 inducatur
498 3405 573 3449 saue
596 3386 691 3449 etiam
715 3388 913 3452 consuetudo
935 3389 1032 3452 huius
1054 3390 1180 3472 generis
1202 3391 1389 3454 iudiciorum
1412 3409 1511 3453 nova:
1533 3387 1563 3450 9.
1586 3391 1637 3452 siu

306 3482 368 3546 lroc
390 3480 523 3546 totidem
537 3479 640 3543 verbis
662 3480 849 3544 translatum
871 3489 965 3564 caput
986 3491 1044 3557 est,
1066 3492 1145 3566 quot
1164 3483 1225 3546 iuit
1243 3504 1307 3547 nou
1321 3485 1416 3547 modo
1430 3485 1464 3547 in
1480 3482 1637 3557 Cornelia,

268 3575 364 3641 sared
386 3576 482 3641 etiam
502 3580 576 3637 aute
597 3574 631 3640 iu
652 3572 723 3656 lege
747 3573 896 3649 Servilia,
918 3595 976 3659 per
998 3578 1074 3640 daos
1096 3577 1307 3641 immortales!
1330 3575 1409 3660 quid
1426 3578 1564 3660 agimus,
1586 3576 1637 3639 iu·

307 3670 415 3735 dices?
437 3677 491 3735 aut
512 3689 607 3753 quem
628 3666 713 3731 huuc
735 3689 856 3732 morem
873 3690 1028 3735 uovorum
1048 3670 1240 3735 iudiciorum
1262 3671 1295 3735 iu
1317 3691 1384 3735 rem
1406 3670 1564 3756 publicam
1588 3670 1637 3734 in·

371 3907 396 3958 4.
415 3906 481 3957 omni
497 3902 589 3955 EUV:
612 3902 658 3952 4444
680 3903 752 3952 vSO
778 3929 805 3939 -
830 3903 854 3953 3.
871 3904 1024 3971 4444444444
1040 3906 1085 3956 ES
1105 3931 1131 3942 -
1156 3904 1181 3956 l.
1199 3905 1298 3969 Pompei
1323 3905 1357 3955 E:
1378 3905 1524 3968 PompeiiO
1544 3932 1571 3943 -
1592 3904 1636 3954 4444

306 3982 469 4034 Hotomanus
488 4007 515 4016 -
535 3979 638 4028 44444444
655 3978 675 4028 F.
693 4004 721 4014 —
740 3978 766 4026 u.
785 3991 833 4038 quo
849 3979 922 4026 modo
939 3978 1079 4027 Patricius:
1098 3992 1155 4028 cum
1172 3980 1192 4028 C
1210 3980 1253 4040 (en
1270 3975 1363 4041 444444
1383 3994 1431 4042 quo
1448 3980 1505 4031 bo.
1531 3981 1636 4031 Patricii

306 4057 492 4110 emendatione
509 4056 619 4117 accepta
636 4053 689 4102 iam
707 4065 761 4103 uon
778 4065 847 4117 opus
865 4055 906 4103 est
922 4057 1075 4102 4444444444
1091 4053 1241 4112 immutare,
1260 4054 1334 4104 cuius
1351 4053 1410 4104 loco
1428 4056 1510 4105 critici
1525 4056 1637 4105 4444444-

305 4138 357 4191 444,
373 4135 480 4181 amanet
491 4128 644 4191 (Garatoni),
662 4131 715 4176 4444
731 4132 837 4177 rumara
853 4131 1057 4192 proposuerunt.
1077 4154 1105 4162 —
1124 4128 1148 4177 4.
1161 4129 1255 4179 consult
1271 4130 1418 4181 4444444444
1429 4144 1446 4181 4
1456 4135 1545 4180 444444
1555 4132 1636 4180 Lam-

305 4207 385 4259 binus
403 4205 510 4269 (iuoorta
528 4202 621 4265 conii:
645 4202 784 4253 4444444444
802 4202 919 4266 (consulto
936 4203 971 4264 V,
996 4202 1155 4252 4444444444
1171 4204 1200 4266 G)
1218 4205 1433 4254 mumurantem
1450 4206 1558 4268 (4444444
1574 4204 1634 4264 EV)

307 4285 372 4343 CG;
390 4280 483 4332 4444444
499 4279 586 4328 datram
601 4292 620 4328 4
634 4283 723 4328 444444
737 4277 799 4338 44ος
818 4280 889 4329 cuius
904 4280 1071 4330 reductionem
1087 4281 1182 4330 4444444
1199 4281 1285 4330 444444
1298 4294 1316 4330 4
1331 4287 1418 4331 444444
1428 4281 1570 4339 Patricius3
1587 4293 1635 4330 44-

305 4358 345 4409 tus
359 4354 451 4407 4444444
466 4353 604 4405 4444444444
619 4367 638 4403 4
652 4358 741 4404 senatu
757 4353 830 4404 Klotz
849 4381 876 4391 —
899 4356 924 4406 8.
942 4355 1019 4418 [44444
1036 4357 1055 4406 0
1074 4359 1101 4406 44
1117 4358 1133 4406 ὅ
1150 4358 1229 4415 οης
1251 4358 1307 4420 fleri
1323 4358 1405 4408 Oxou.
1425 4358 1444 4407 C
1463 4382 1490 4391 -
1509 4356 1534 4406 0.
1551 4357 1635 4406 44444-

305 4432 367 4484 toris
386 4430 462 4492 adpo
481 4427 573 4490 444,“44
590 4429 632 4492 qui
649 4428 809 4493 Madvigius:
831 4430 939 4480 creditor
960 4431 1026 4480 4444
1041 4431 1116 4493 44444
1132 4445 1183 4482 non
1198 4432 1230 4481 rit
1247 4433 1305 4494 (444
1320 4431 1353 4480 rit
1368 4444 1419 4479 444
1435 4429 1463 4491 U)
1480 4430 1525 4491 4444
1541 4429 1632 4491 codd,

305 4507 357 4559 uisi
373 4506 446 4570 quod
462 4519 477 4556 a
494 4503 600 4556 duobus
617 4505 753 4555 Oroudia
769 4504 874 4555 videtur
889 4503 1000 4564 abesse;
1019 4507 1128 4558 44444444
1143 4507 1171 4555 in
1186 4506 1261 4569 csslpa
1277 4506 1321 4566 444,
1339 4518 1390 4554 nou
1405 4505 1449 4567 444
1464 4510 1501 4556 est
1515 4504 1563 4555 bo
1576 4504 1634 4568 (sed

306 4595 360 4635 orn.
377 4581 396 4632 b
413 4580 466 4640 arti.
493 4579 564 4643 Quod
579 4579 601 4629 44
616 4580 749 4630 creditores
765 4579 792 4629 44
808 4578 883 4641 adpo
899 4586 970 4642 4444,
989 4581 1017 4631 ’rs'
1033 4582 1077 4643 qut
1094 4582 1284 4633 llommseuius
1303 4608 1330 4618 -
1352 4582 1393 4633 40.
1410 4593 1471 4632 arao
1485 4585 1521 4630 444
1536 4578 1632 4631 Orelli:

306 4662 341 4709 444
357 4668 410 4707 om.
429 4652 507 4706 codd.
526 4651 644 4716 (44444444
660 4658 696 4703 ast
711 4666 734 4702 4.
750 4665 777 4714 p.
795 4665 855 4702 4444
870 4653 976 4717 lamb.)
995 4682 1022 4692 -
1051 4655 1092 4706 44.
1109 4657 1260 4707 4444440444
1276 4657 1296 4709 U
1315 4681 1342 4691 -
1362 4655 1402 4707 t3.
1421 4655 1533 4706 4444444444
1549 4655 1635 4706 Patri-

307 4731 409 4783 cius-
428 4743 472 4793 444
488 4740 543 4778 om.
561 4728 581 4778 U
599 4752 626 4763 -
653 4726 893 4779 reconsonando
914 4731 981 4780 Ε-
1004 4730 1045 4781 49.
1063 4730 1093 4781 Δ.
1112 4731 1218 4782 Gabinio
1239 4730 1274 4781 b:
1296 4744 1315 4780 4
1333 4729 1435 4794 cauato
1452 4731 1472 4782 0
1491 4757 1520 4769 -
1540 4743 1586 4781 asc
1601 4728 1635 4780 44

306 4819 335 4858 so
348 4805 454 4868 4444444
469 4799 563 4854 Lamb.
583 4827 610 4838 -
633 4813 667 4852 44
682 4799 752 4851 bonis
771 4803 865 4864 populo
880 4803 999 4854 44444444
1012 4805 1121 4866 pennu
1135 4810 1228 4855 444444
1243 4810 1279 4854 ast
1294 4804 1498 4856 Mommsenius:
1516 4817 1550 4855 44
1565 4803 1636 4855 bonis

302 4880 391 4945 populi
410 4879 507 4931 4444444
528 4878 570 4928 lea
589 4890 672 4940 44444
693 4882 728 4927 444
750 4877 801 4928 00
824 4879 852 4928 44
867 4879 968 4931 044444.
993 4880 1051 4944 (440
1067 4893 1120 4930 om.
1139 4881 1160 4929 G
1176 4880 1231 4941 4444,
1254 4879 1420 4942 0444044444
1442 4892 1476 4932 aaa
1493 4880 1547 4931 44444
1565 4877 1636 4929 bouis

305 4960 402 5018 4444444
416 4965 515 5004 naama
529 4952 611 5001 4444444
625 4950 675 5014 patr
687 4951 780 5014 populo
796 4955 895 5003 4444444
908 4959 989 5017 potest
1005 4953 1071 5006 0444.
1091 4953 1257 5018 (negligentia
1274 4954 1364 5005 omisit
1380 4955 1497 5006 lluretus
1514 4952 1531 5004 l.
1544 4966 1568 5004 c.
1584 4967 1635 5016 po·

302 5031 386 5094 poton
408 5043 442 5080 44
461 5028 513 5079 aas
532 5027 602 5077 bonis
621 5032 718 5088 444444
736 5040 835 5077 swano
859 5029 940 5080 44444444
961 5031 1046 5093 pausa
1064 5042 1083 5078 4
1101 5030 1193 5092 populo
1213 5035 1323 5093 recepta.
1350 5030 1403 5080 4444
1418 5043 1502 5093 oopus
1517 5034 1552 5080 444
1568 5029 1589 5080 0
1606 5029 1634 5080 et

306 5104 368 5156 edd.
386 5101 456 5166 vulg.
478 5101 566 5152 Verba
582 5106 678 5162 4444444
693 5115 713 5152 a.
735 5102 752 5152 4.
770 5102 855 5166 4444444
871 5103 998 5167 (debebat
1013 5103 1107 5155 saltem
1125 5116 1185 5156 esse
1201 5103 1257 5165 fuit)
1274 5104 1376 5168 primus
1394 5117 1426 5155 er
1444 5105 1459 5168 5
1476 5104 1507 5154 34
1524 5101 1634 5168 supple-

305 5181 342 5231 vit
358 5177 518 5240 llervagius3
541 5176 567 5227 id
588 5174 803 5240 supplementum
826 5177 990 5228 Hotomanus
1007 5179 1033 5227 iu
1050 5189 1099 5226 suo
1116 5176 1175 5226 cod.
1194 5189 1224 5227 se
1242 5177 1374 5228 iuvenisse
1391 5176 1519 5229 simulans
1534 5175 1632 5227 deiude

305 5267 339 5305 ox
355 5265 388 5303 eo
404 5252 443 5302 sic
458 5251 557 5314 pergit:
576 5264 594 5300 4
608 5252 700 5313 populo
715 5256 816 5314 recepto
831 5257 881 5303 ast:
898 5257 926 5302 44
940 5265 986 5302 nec
1002 5265 1036 5302 44
1049 5251 1158 5302 Porum
1175 5251 1244 5302 44444
1259 5252 1359 5302 savara
1375 5251 1452 5316 444444
1468 5265 1576 5314 aequm
1586 5256 1631 5302 444.

305 5331 337 5381 Ut
352 5325 555 5386 Hammonius,
578 5325 722 5389 Madvigius
739 5339 847 5391 quoque
871 5325 960 5377 locum
977 5325 1130 5377 emendavit
1146 5339 1206 5376 4444
1221 5339 1255 5377 ecc
1270 5325 1340 5376 44444
1352 5327 1445 5390 populo
1461 5325 1524 5360 *ss
1540 5329 1634 5376 4444444

303 5407 364 5462 est»,
382 5400 513 5450 incertum
529 5397 691 5462 relinquens,
710 5398 782 5462 quod
799 5399 994 5451 substantivum
1006 5399 1123 5451 feminini
1136 5401 1241 5465 generis
1252 5399 1431 5452 oblitteratum
1441 5401 1484 5452 stt.
1498 5426 1526 5435 -
1544 5400 1587 5451 40.
1599 5397 1633 5449 ab

302 5477 334 5527 444
350 5475 443 5528 Euv:
461 5473 493 5522 ob
509 5474 547 5523 4444
562 5475 619 5524 s-
638 5474 679 5524 44.
697 5475 776 5524 444444
792 5474 852 5534 Eu,
870 5476 886 5524 44
903 5477 967 5526 orn.
983 5499 1011 5512 -
1031 5475 1074 5527 43.
1092 5477 1228 5526 induratae
1241 5478 1276 5537 G,
1294 5476 1370 5539 0444,
1390 5475 1448 5527 cod.
1462 5476 1563 5527 Praucii
1575 5475 1633 5538 pri-

303 5564 377 5601 mus:
394 5549 498 5598 44444444
513 5555 555 5611 ψ;
574 5548 711 5599 4444444444
727 5550 758 5609 S;
777 5551 933 5600 inductura
950 5552 1011 5601 ets
1027 5551 1054 5600 in
1072 5564 1170 5615 marg.;
1188 5549 1349 5602 iudicaturll
1363 5553 1391 5601 et
1406 5548 1421 5600 4
1434 5551 1513 5612 0u.;
1531 5551 1632 5600 444444-

301 5629 341 5675 444
357 5624 391 5683 Ε;
408 5622 520 5672 44444444
536 5624 556 5675 U
570 5649 597 5661 -
615 5625 692 5674 444444
706 5638 764 5675 cum
779 5627 927 5676 4444444444
939 5626 959 5676 0
970 5627 1005 5686 0,
1023 5625 1130 5683 4044.;
1149 5627 1210 5678 4444.
1223 5627 1448 5687 444444444444ς
1467 5625 1501 5676 44.
1514 5639 1541 5690 p.
1555 5624 1630 5686 4444,

302 5701 343 5750 40.
362 5725 389 5734 -
407 5711 488 5747 noua:
505 5699 544 5747 444
560 5699 605 5749 boc
620 5700 764 5751 llauutius:
783 5714 849 5751 4444
865 5701 914 5750 stat
931 5700 1004 5762 (EG,
1023 5699 1124 5764 4044.)
1141 5699 1184 5752 vel
1201 5701 1233 5751 stt
1251 5701 1349 5764 (silv,
1367 5701 1468 5764 2011.)
1486 5701 1531 5752 444
1548 5698 1628 5751 codd.

302 5799 330 5812 ·—
349 5772 391 5824 44.
409 5773 475 5834 quod
488 5773 537 5836 4444
554 5773 574 5824 E
592 5799 619 5810 -
638 5775 679 5824 44.
698 5779 756 5826 anta
771 5776 798 5826 44
814 5775 885 5826 seo.
903 5775 1030 5826 Patricius
1043 5801 1071 5812 -
1089 5777 1176 5839 4444444
1191 5776 1351 5840 Naugerius.
1369 5777 1399 5826 ut
1415 5774 1447 5839 55
1464 5775 1490 5826 6.
1503 5774 1527 5824 ’4.
1540 5773 1582 5825 34.
1596 5799 1625 5810 -

301 5847 343 5899 40.
359 5846 424 5898 bunc
445 5846 480 5899 li:
501 5848 591 5900 4404444
610 5849 700 5912 ESV,
723 5850 739 5902 4
756 5851 830 5912 011„
853 5849 902 5901 sed
923 5851 951 5901 iu
971 5850 1069 5902 Vvoc.
1087 5853 1249 5916 expunctum
1270 5851 1313 5916 (ex
1329 5849 1490 5918 compendio
1504 5849 1549 5902 4444
1564 5861 1629 5902 cum
