3800 7350
301 1228 385 1335 toro
715 1238 866 1304 enarro
892 1237 970 1303 sno
992 1239 1035 1303 u.
1057 1236 1202 1302 canno

304 1427 367 1491 qua
390 1408 502 1481 lustra,
535 1406 699 1483 libidines,
720 1408 874 1482 luxuries,
896 1408 1001 1472 omnia
1022 1406 1161 1491 denique
1183 1405 1326 1470 inaudita
1347 1404 1426 1469 vitia
1447 1423 1484 1467 ac
1505 1402 1628 1486 degitis

305 1510 483 1576 versentur,
503 1500 555 1564 bic
577 1521 684 1565 servos
706 1521 771 1564 non
792 1522 861 1565 esse
883 1503 1012 1565 servos?
1035 1501 1148 1585 quibus
1171 1499 1278 1563 omnia
1299 1498 1549 1572 committantur,
1571 1514 1629 1578 per

305 1614 384 1676 quos
407 1599 573 1676 gerantur,
594 1595 649 1678 qui
671 1603 836 1658 versentur
856 1596 956 1659 isdem
978 1595 1010 1657 in
1032 1592 1263 1676 voluptatibus,
1286 1592 1404 1676 quibus
1417 1588 1545 1655 occulta
1558 1610 1629 1655 crs·

306 1687 435 1761 dantur,
463 1687 504 1750 ad
525 1706 606 1770 quos
628 1688 820 1772 aliquantum
846 1689 940 1752 etiam
963 1708 1004 1751 ex
1026 1687 1219 1771 quotidianis
1241 1686 1417 1769 sumptibus
1439 1703 1477 1748 ac
1500 1682 1628 1748 luxuria

280 1780 467 1845 credundet.
509 1778 619 1844 58.1d
650 1782 745 1863 igitur
774 1782 899 1845 Caelius
927 1802 991 1844 non
1018 1781 1168 1844 videbat?
1199 1780 1232 1843 Si
1262 1779 1348 1842 enim
1375 1788 1439 1843 tam
1460 1777 1628 1843 familiaris

303 1881 371 1938 erat
391 1874 548 1948 mulieris,
570 1895 666 1959 quam
687 1896 744 1949 vas
765 1875 876 1949 vultis,
898 1876 976 1939 istos
999 1895 1127 1959 quoque
1149 1893 1257 1937 servos
1281 1872 1453 1938 familiares
1475 1891 1548 1938 esse
1570 1871 1629 1935 do-

304 1969 407 2032 minae
429 1970 555 2033 sciebat.
591 1968 646 2032 Sin
669 1970 699 2033 ei
720 1977 806 2033 tanta
826 1970 1039 2043 consuetudo,
1067 1976 1185 2053 quanta
1206 1988 1225 2031 a
1246 1967 1337 2031 vobis
1359 1968 1539 2040 inducitur,
1560 1984 1628 2030 nor

304 2069 386 2137 erat,
408 2082 490 2146 quae
513 2084 583 2127 cum
601 2064 700 2127 servis
714 2064 817 2147 potuit
831 2062 1027 2127 familiaritas
1042 2083 1111 2126 esse
1126 2064 1235 2125 tantai
1271 2061 1387 2124 XXIV.
1402 2061 1507 2145 Ipsius
1521 2066 1628 2125 auten

303 2157 417 2220 veneni
439 2176 520 2239 quae
542 2157 623 2220 ratio
644 2153 792 2239 lingitur?
819 2156 876 2219 ubi
906 2157 1088 2239 quaesitum,
1106 2159 1175 2219 esti
1204 2175 1300 2239 quem
1322 2155 1363 2219 ad
1384 2152 1515 2219 modum
1535 2171 1631 2237 pm·

268 2254 394 2314 sotumi
415 2270 479 2335 quo
501 2253 616 2333 pactos
637 2250 705 2323 cui,
728 2269 791 2333 quo
813 2249 845 2312 in
867 2247 937 2313 loco
960 2250 1131 2313 traditum?
1153 2248 1311 2313 Habuisse
1332 2251 1422 2313 aiunt
1444 2246 1531 2312 dorni
1547 2248 1630 2311 rim-

304 2363 367 2426 que
394 2343 463 2407 eius
490 2363 560 2406 esse
589 2350 752 2427 expertum
781 2344 813 2405 in
837 2362 929 2407 servo
952 2343 1104 2427 quodam,
1136 2344 1175 2406 ad
1198 2364 1267 2407 eam
1289 2364 1356 2408 rem
1377 2343 1478 2427 ipsam
1500 2348 1629 2426 parato:

304 2437 395 2501 cuius
416 2435 568 2521 perceleri
591 2436 719 2501 interitu
739 2456 809 2500 esse
831 2437 954 2501 abhoc
976 2438 1211 2521 comprobatum
1233 2457 1402 2501 venenum.
1437 2432 1489 2499 59.
1511 2434 1628 2499 Prodi

305 2530 511 2593 immortales!
542 2550 597 2594 cur
617 2531 772 2594 interdum
796 2532 828 2594 iu
850 2531 1015 2595 bominum
1037 2531 1208 2594 sceleribus
1230 2531 1375 2595 maximis
1396 2536 1452 2593 aut
1472 2529 1629 2594 conivetis

304 2629 359 2686 aut
385 2630 565 2706 praesentes
595 2623 715 2688 fraudis
743 2644 862 2706 poenas
892 2626 924 2687 in
948 2625 1030 2688 diem
1053 2625 1244 2688 reservatis?
1260 2624 1350 2687 ·Vidi
1372 2620 1473 2698 enim,
1505 2623 1630 2688 vidiat

268 2714 394 2779 stillum
415 2714 507 2781 hausi
529 2716 672 2781 dolorem
694 2718 744 2781 vel
773 2718 1007 2782 acerbissimum
1029 2720 1062 2781 in
1083 2719 1162 2792 rita,
1190 2738 1262 2782 cum
1285 2717 1323 2794 Q.
1339 2717 1486 2782 ldetellus
1506 2718 1630 2782 abstra-

305 2807 433 2873 beretur
454 2829 472 2873 e
494 2812 566 2876 sinu
587 2812 770 2895 gremioque
791 2813 927 2897 patriae,
959 2832 1094 2897 cumque
1122 2812 1177 2876 ille
1199 2811 1262 2886 vir,
1290 2812 1345 2894 qui
1366 2830 1401 2875 se
1421 2819 1531 2876 natum
1551 2811 1630 2875 buic

304 2901 436 2984 imperio
457 2906 596 2989 putavit,
625 2907 717 2969 tertio
740 2906 791 2969 die
812 2914 883 2989 post
904 2926 999 2990 quam
1020 2908 1053 2970 in
1076 2906 1176 2980 curia,
1204 2925 1299 3008 quam
1320 2906 1354 2968 in
1374 2904 1502 2979 rostris,
1530 2923 1628 2989 quam

303 2993 337 3056 in
359 3014 393 3057 re
414 2997 542 3080 publica
562 3000 735 3074 floruisset,
761 3000 962 3082 integerrima
983 3008 1102 3073 aetate,
1124 3000 1243 3082 optimo
1264 2999 1392 3075 babitu,
1412 2997 1559 3063 maximis
1581 2997 1630 3062 vi·

304 3088 406 3163 ribus,
435 3091 610 3175 eriperetur
638 3093 856 3175 indignissime
887 3094 980 3157 bonis
1010 3094 1157 3157 omnibus
1181 3100 1277 3177 atque
1298 3093 1465 3156 universae
1487 3090 1628 3156 civitatis

267 3202 369 3266 loquo
392 3184 526 3282 quideng
541 3195 682 3271 tempore
703 3188 757 3251 ille
779 3187 932 3262 moriem,
955 3209 1026 3253 cum
1048 3190 1111 3251 iam
1132 3187 1244 3250 ceteris
1259 3207 1300 3250 ex
1320 3186 1462 3269 partibus
1476 3205 1630 3270 oppressa

305 3294 394 3339 mens
424 3286 522 3355 esset,
552 3287 727 3343 extremum
755 3300 882 3344 sensum
911 3282 952 3344 ad
979 3282 1160 3344 memoriam
1191 3280 1237 3343 rei
1260 3280 1407 3363 publicae
1430 3280 1629 3354 reservabats

306 3389 377 3432 cum
403 3392 454 3435 me
485 3374 610 3437 intuens
632 3375 760 3437 flentem
782 3371 975 3456 significabat
995 3375 1179 3457 interruptis
1201 3394 1238 3437 ac
1259 3373 1464 3436 morientibus
1486 3372 1629 3447 vocibus,

306 3472 422 3546 quanta
444 3466 640 3550 impenderet
660 3466 799 3552 procella
821 3468 914 3542 mibi,
937 3475 1056 3552 quanta
1078 3476 1247 3551 tempestas
1269 3467 1403 3541 civitati,
1425 3473 1458 3530 et
1479 3487 1549 3530 cum
1570 3485 1630 3549 pa·

305 3557 416 3621 rietem
438 3579 532 3645 saepe
553 3561 669 3626 feriens
692 3582 782 3636 eum,
805 3563 859 3645 qui
882 3582 952 3625 cum
976 3561 1014 3638 Q.
1037 3562 1148 3626 Catulo
1170 3562 1273 3625 iuerat
1294 3561 1323 3624 ei
1345 3561 1540 3636 communis,
1562 3580 1631 3623 cre·

266 3651 362 3720 arbro
378 3651 539 3732 Catulum,
554 3677 657 3742 saepe
674 3677 742 3732 me,
764 3656 946 3741 saepissime
962 3656 1201 3741 rempublicam
1215 3654 1412 3729 nominabat,
1433 3661 1547 3719 utnon
1562 3662 1631 3720 tam

306 3766 340 3810 se
363 3750 442 3813 mori
464 3770 568 3835 quam·
581 3751 709 3834 spoliari
732 3772 789 3816 suo
811 3752 970 3835 praesidio
985 3771 1056 3815 cum
1071 3749 1214 3835 patriam,
1236 3757 1302 3812 tum
1319 3749 1414 3812 etiam
1429 3768 1480 3812 me
1494 3749 1630 3813 doleret.

305 3839 356 3904 60.
380 3841 482 3918 Quem
504 3844 633 3928 quidem
654 3845 757 3909 virum
779 3846 806 3908 si
828 3845 915 3908 nulla
930 3846 979 3908 ris
1001 3844 1157 3928 repentini
1180 3843 1309 3907 sceleris
1329 3841 1631 3926 sustulisset,.quo·

305 3956 378 3999 nam
406 3938 500 4002 modo
530 3938 582 4001 ille
611 3938 729 4002 furenti
757 3938 844 4003 [ratri
873 3959 931 4002 suo
962 3933 1120 4023 [patrueli]
1152 3936 1328 4003 consularis
1355 3935 1539 4009 restitisset,
1571 3935 1630 4019 qui

306 4029 417 4093 consul
445 4030 650 4113 incipientem
676 4031 782 4096 furere
807 4041 904 4117 atque
931 4040 1098 4097 conantem
1127 4051 1185 4094 sua
1214 4051 1248 4093 se
1270 4050 1367 4093 manu
1388 4029 1630 4093 interfecturum

265 4140 296 4188 so
306 4124 452 4188 audiente
483 4133 594 4189 senatu
622 4125 761 4190 dixerit?
793 4126 841 4188 Ex
869 4127 928 4191 bac
949 4126 1048 4209 igitur
1069 4124 1162 4188 domo
1186 4143 1352 4208 progressa
1372 4123 1433 4186 ista
1453 4122 1567 4187 mulier
1588 4122 1631 4185 de

372 4482 396 4530 4.
414 4481 494 4530 tustra
510 4482 541 4530 S:
560 4480 677 4530 inlustria
694 4482 725 4541 P,
742 4481 852 4531 illustria
867 4481 957 4532 EG-
976 4479 1106 4529 tanumeros
1122 4481 1150 4528 P¹
1169 4503 1197 4514 -
1216 4478 1353 4527 040404)-
1373 4491 1404 4527 cc
1421 4478 1499 4529 PEG
1516 4480 1543 4528 et
1560 4477 1628 4529 Col:

307 4559 380 4614 atque
397 4555 443 4603 SO
461 4580 488 4590 ·-
512 4557 537 4605 2.
555 4561 689 4605 corrector
710 4557 758 4606 PG
778 4583 806 4593 -
830 4569 917 4606 scruas
935 4570 985 4604 aco
1000 4568 1051 4605 esse
1065 4566 1152 4604 sentam
1169 4551 1196 4603 ΡΙ
1215 4579 1242 4587 -
1264 4567 1312 4615 per
1327 4565 1389 4614 quos
1404 4555 1490 4604 ornata
1506 4561 1632 4619 quantae

308 4629 458 4681 Lambinus.
474 4658 500 4667 -
519 4631 543 4681 3.
561 4632 638 4682 Mera
653 4632 681 4680 io
696 4633 728 4681 P:
747 4631 833 4681 iisdem
849 4633 876 4681 ia
893 4633 926 4690 0;
945 4633 971 4680 tu
988 4644 1041 4680 om.
1055 4631 1119 4690 EG,
1138 4627 1186 4678 sed
1204 4626 1317 4679 habeto
1333 4642 1392 4694 sup.
1407 4626 1451 4679 lin.
1465 4630 1527 4680 ante
1544 4630 1632 4681 iisdem

310 4731 337 4740 -
356 4703 379 4755 4.
399 4707 433 4754 cd
449 4719 502 4757 om.
522 4709 541 4756 P
562 4734 586 4743 -
606 4707 790 4770 aliquantulam
807 4706 862 4757 Col.
884 4706 1059 4756 —cotidianis
1078 4707 1096 4754 P
1115 4730 1141 4738 -
1160 4702 1403 4764 taruanensem
1423 4703 1456 4753 cl.
1475 4717 1501 4768 p.
1517 4704 1589 4763 4008,
1603 4704 1629 4755 8.

311 4800 375 4848 -8,
394 4801 491 4849 tems:
510 4800 737 4861 icmP,on1.EG
757 4824 784 4837 -
804 4801 994 4851 oaousso-
1013 4812 1210 4848 remos--cum
1228 4799 1260 4859 (v.
1275 4798 1298 4858 8)
1316 4798 1443 4848 0048-
1457 4811 1484 4848 cc
1499 4799 1622 4860 docrinas

307 4887 357 4923 esse
372 4874 449 4923 scibm
466 4877 499 4929 P:
518 4878 631 4925 dominos
647 4890 698 4926 esse
712 4877 803 4926 sciebam
820 4879 840 4925 G
859 4903 886 4910 -
905 4876 928 4924 7.
946 4876 968 4923 si
984 4875 1043 4923 ctG
1063 4899 1089 4908 -
1108 4886 1126 4921 c
1142 4875 1230 4921 our.G
1250 4899 1276 4907 -·
1296 4874 1337 4922 40.
1355 4872 1428 4922 cium
1444 4875 1473 4923 P²
1489 4874 1514 4923 in
1532 4887 1585 4924 ras.
1600 4901 1628 4911 —

308 4949 348 4998 44.
367 4950 400 4997 cd
416 4963 472 4998 scm
487 4963 541 4999 rem
557 4952 702 5016 Madvigius
719 4965 745 5016 p.
764 4951 824 5002 l03:
848 4953 882 5000 cd
898 4951 984 5000 eodem
999 4962 1052 4999 reru
1070 4947 1114 5005 ΡΗ
1138 4949 1171 4996 cd
1191 4961 1245 4997 rem
1266 4946 1381 4998 P²EGO
1401 4974 1425 4985 -
1448 4948 1486 4998 li.
1502 4962 1552 5011 pro
1567 4949 1594 4998 di
1611 4952 1630 4999 P

309 5022 365 5083 (sed
382 5024 407 5073 di
425 5025 449 5074 iu
468 5026 544 5086 ras.):
569 5040 615 5088 per
632 5028 689 5076 deos
705 5027 739 5085 E;
757 5041 804 5088 pro
821 5027 856 5075 dii
872 5027 906 5083 03
928 5040 943 5075 o
960 5026 995 5074 dii
1011 5023 1176 5082 immortales,
1200 5037 1246 5071 cur
1261 5024 1289 5072 in
1305 5023 1425 5072 mactarit
1439 5023 1569 5073 sceleribu
1584 5028 1631 5073 cut

307 5099 441 5148 connioctis
455 5101 578 5151 interdum
595 5107 640 5152 cat
650 5127 687 5139 -·
697 5102 830 5152 reserastis
840 5100 917 5151 alleri
927 5101 1005 5149 brus.
1017 5099 1096 5147 bless.
1109 5108 1131 5146 s.
1144 5109 1169 5146 v.
1182 5097 1209 5144 ia
1225 5097 1277 5146 dics
1294 5111 1319 5160 p.
1333 5097 1381 5147 ati
1392 5096 1467 5148 Liud.
1482 5124 1508 5133 -
1523 5097 1562 5148 43.
1574 5111 1631 5148 mo·

307 5173 391 5221 mamis
408 5175 470 5222 P—
486 5177 604 5227 coniectis
620 5178 713 5228 PEG:
731 5177 864 5232 connivetis
881 5176 901 5225 0
916 5202 941 5210 -
962 5172 1002 5223 44.
1016 5172 1155 5234 procreatis
1171 5172 1229 5222 CO.
1255 5173 1285 5224 tlt
1302 5172 1379 5223 nobis
1390 5174 1553 5233 constemus,
1571 5171 1631 5223 vul-

308 5260 399 5310 garem
416 5250 558 5299 accusativi
575 5248 643 5314 plur.
661 5250 773 5302 formam
792 5251 968 5309 restituimus;
991 5260 1052 5297 nam
1072 5246 1210 5308 praesectis
1225 5259 1277 5296 uon
1294 5247 1329 5296 ad
1344 5247 1443 5310 troadis
1459 5246 1631 5298 relerendum

309 5335 368 5375 esse
387 5322 554 5373 manifestum
571 5327 621 5383 est,
640 5323 674 5375 de
692 5339 744 5389 qua
760 5339 790 5376 re
808 5321 917 5375 contulit
927 5321 1135 5386 Wesenbergius
1148 5322 1201 5372 Cic.
1216 5321 1249 5371 de
1266 5322 1350 5372 Divin.
1363 5324 1394 5383 lt,
1413 5321 1497 5387 stra.
1516 5322 1630 5375 Phaedr.

308 5399 354 5459 111,
374 5399 417 5457 40,
436 5396 477 5447 54.
495 5398 566 5448 Suet.
586 5398 678 5449 Claud.
697 5398 737 5450 34.
757 5401 828 5450 Curt.
841 5400 878 5459 x,
897 5400 921 5459 t,
935 5400 976 5449 39.
996 5397 1061 5448 Flor.
1076 5398 1099 5456 l,
1113 5397 1153 5445 ’46.
1168 5421 1195 5431 -
1215 5398 1255 5445 ts.
1274 5397 1461 5446 meruiscimam
1476 5399 1496 5448 P
1509 5424 1537 5435 -
1555 5398 1632 5458 000-

308 5479 347 5522 tus
363 5475 382 5523 P
401 5498 429 5510 -
449 5473 489 5522 46.
508 5475 664 5536 eemthaae
681 5473 721 5535 P¹3
741 5476 912 5539 eqrmnioqac
928 5470 1041 5525 P²EGS
1059 5498 1086 5508 -
1106 5472 1146 5521 48.
1164 5471 1334 5535 intramus
1350 5476 1432 5521 astate
1446 5477 1546 5533 optram
1562 5472 1582 5522 P
1600 5496 1628 5506 -

310 5548 349 5597 40.
369 5547 544 5610 iadigrsicsome
560 5550 619 5598 P-
639 5549 680 5600 22.
698 5563 730 5598 cc
746 5551 780 5598 C:
799 5555 874 5612 atquc
887 5551 907 5600 0
921 5576 949 5587 -
967 5548 1008 5599 83.
1026 5547 1167 5609 inpenderet
1183 5549 1244 5597 P-
1262 5547 1323 5596 mibi
1339 5544 1417 5597 Orelli
1429 5547 1476 5607 til:
1495 5545 1528 5596 ibi
1545 5547 1629 5604 PEG;

308 5623 365 5672 arbi
382 5624 441 5682 So,
459 5624 496 5672 rai
509 5637 537 5684 p.
557 5624 695 5681 Garatcnt;
713 5625 782 5673 cobis
798 5625 905 5682 Rarius,
925 5636 1006 5688 quam
1023 5621 1236 5671 emendationem
1248 5619 1362 5671 Klotzins
1378 5632 1393 5668 a
1409 5619 1487 5670 nobis
1503 5620 1630 5683 receptae

310 5699 443 5763 praetulit,
467 5712 517 5762 ego
536 5695 605 5749 illam
621 5701 730 5763 propter
746 5712 816 5749 vars.
835 5700 867 5748 25
885 5702 911 5748 et
926 5699 968 5749 26.
989 5724 1015 5733 -
1042 5694 1084 5745 il.
1102 5708 1159 5744 cren
1180 5696 1266 5758 quinto
1282 5696 1302 5745 P
1320 5719 1348 5730 -
1373 5692 1414 5743 bd.
1431 5706 1457 5744 sc
1471 5693 1538 5743 mosi
1553 5694 1587 5743 P:
1604 5704 1632 5741 sc

309 5773 387 5824 emori
404 5773 509 5823 EGSO
529 5800 556 5810 -
579 5774 620 5824 27.
638 5773 678 5822 atr
693 5776 712 5825 P
729 5786 798 5823 corr.
818 5775 952 5824 aratrum
970 5798 997 5809 -
1019 5772 1060 5822 28.
1076 5771 1186 5832 penest
1202 5772 1232 5820 ut
1248 5768 1380 5833 glossema
1396 5767 1550 5820 inclusimus
1567 5778 1629 5817 cum

310 5847 404 5898 Orellio
417 5849 461 5912 (i),
480 5860 541 5899 cum
559 5848 699 5898 manifesto
716 5850 745 5899 P.
764 5847 870 5899 Clodius
886 5848 1057 5912 significetur.
1084 5845 1123 5898 Cl.
1142 5844 1176 5897 da
1194 5846 1256 5897 liar.
1274 5846 1353 5912 ltesp.
1371 5841 1387 5908 5
1404 5842 1444 5895 ld.
1464 5869 1492 5880 ·-
1509 5842 1551 5893 29.
1568 5853 1630 5897 0044·

310 5923 349 5972 sat
364 5924 508 5976 nanuum:
525 5923 649 5977 commem
666 5924 685 5975 c
705 5950 733 5961 -
749 5936 776 5979 rc
790 5935 838 5975 m
854 5924 884 5974 0.
