3800 7350
302 1184 386 1252 lore
694 1264 696 1273 ¹
729 1181 884 1251 enarro
905 1186 947 1250 ru
969 1186 1005 1248 ι..
1026 1185 1204 1250 rrsoann

304 1360 499 1432 seiunctum,
520 1353 606 1440 quod
622 1355 675 1419 vix
689 1361 811 1440 potest,
832 1354 978 1439 privatim
993 1353 1033 1417 ad
1055 1375 1159 1419 meum
1179 1373 1295 1418 nomen
1315 1354 1493 1438 augendum
1516 1358 1628 1438 optan-

304 1454 376 1518 dam
404 1452 485 1515 duco
516 1450 593 1513 mihi
620 1447 720 1513 luisse
748 1449 837 1512 illam
866 1450 1141 1534 expetendamque
1169 1449 1336 1514 fortunam.
1380 1444 1431 1512 33.
1459 1450 1564 1533 Atque
1594 1453 1630 1513 ut

304 1555 392 1609 tuum
419 1545 628 1610 laetissimum
657 1542 744 1606 diem
773 1563 844 1605 cum
866 1542 1047 1607 tristissimo
1077 1564 1147 1607 meo
1168 1542 1342 1617 conferam,
1376 1552 1480 1607 utrum
1502 1540 1629 1606 tandem

303 1641 388 1704 bono
410 1640 478 1702 viro
501 1645 532 1701 et
553 1637 689 1722 sapienti
712 1636 882 1721 optabilius
904 1646 1014 1721 putas,
1037 1637 1083 1702 sic
1105 1639 1193 1701 exire
1216 1658 1233 1701 e
1255 1639 1373 1722 patria,
1396 1643 1432 1701 ut
1454 1657 1564 1702 omnes
1578 1636 1629 1701 sui

279 1734 388 1799 coires
410 1733 559 1806 salutem,
582 1732 846 1805 incolumitatem,
867 1733 1004 1796 reditum
1019 1739 1204 1815 precentur,
1227 1731 1311 1816 quod
1334 1731 1411 1796 mibi
1433 1730 1567 1806 accidit,
1587 1749 1628 1793 an

303 1825 390 1913 quod
412 1827 470 1890 tibi
491 1825 704 1909 proficiscenti
728 1825 854 1899 evenit,
882 1833 918 1890 ut
940 1846 1050 1889 omnes
1073 1833 1327 1900 exsecrarentur,
1358 1825 1441 1889 male
1461 1844 1628 1909 precaren-

303 1928 371 1997 tur,
402 1941 498 1984 unum
527 1919 584 1983 tibi
615 1919 702 1983 illam
723 1920 806 1982 riam
828 1926 861 1983 et
880 1918 1065 2005 perpetuam
1087 1941 1158 1985 esse
1180 1920 1323 1986 vellent?
1359 1918 1454 1993 Mihi,
1480 1939 1531 1983 me
1557 1917 1628 1982 dius

302 2010 414 2089 fidius,
445 2015 480 2077 in
507 2021 594 2077 tanto
623 2014 763 2078 omnium
796 2014 974 2078 mortalium
1003 2014 1093 2089 odio,
1125 2015 1209 2079 iusto
1238 2013 1424 2097 praesertim
1456 2018 1489 2076 et
1510 2010 1627 2087 debito,

304 2110 435 2193 quaevis
455 2106 531 2193 fuga
553 2128 647 2191 quarn
669 2106 735 2171 ulla
756 2108 920 2189 provincia
942 2117 1026 2171 esset
1047 2108 1195 2193 optatior.

266 2222 293 2267 ro
387 2202 457 2267 XV.
491 2201 553 2265 Sed
574 2220 671 2284 perge
692 2220 798 2283 porro.
840 2203 920 2264 Nam
942 2202 969 2265 si
991 2201 1071 2265 illud
1093 2223 1198 2266 meum
1221 2200 1527 2266 turbulentissimum
1550 2207 1629 2266 tem·

302 2317 363 2380 pus
385 2302 440 2359 tuo
461 2292 721 2379 tranquillissimo
743 2302 896 2377 praestat,
919 2293 997 2378 quid
1019 2296 1178 2361 conferam
1199 2296 1338 2381 reliqua,
1361 2316 1443 2381 quae
1465 2296 1498 2359 in
1520 2301 1552 2359 te
1573 2294 1628 2360 de·

303 2388 425 2453 decoris
445 2390 541 2473 plena
560 2390 709 2464 fuerunt,
730 2389 764 2453 in
786 2410 836 2452 me
858 2388 1046 2472 dignitatis?
1068 2387 1119 2454 34.
1142 2393 1192 2456 blc
1207 2390 1358 2455 Kalendis
1380 2392 1551 2466 ianuariis,
1574 2391 1628 2474 qui

304 2482 372 2548 dies
392 2488 467 2566 post
486 2482 606 2547 obitum
628 2502 836 2569 occasumque
858 2490 998 2547 vestrum
1019 2485 1066 2547 rei
1087 2485 1233 2568 publicae
1263 2485 1383 2570 primm
1404 2481 1535 2561 illuxit,
1567 2483 1629 2547 ire·

303 2574 528 2660 quentissimus
544 2584 689 2652 senatus,
712 2596 868 2640 concursu
882 2576 1008 2652 ltaliae,
1030 2578 1186 2644 referente
1209 2579 1381 2644 clarissimo
1403 2599 1440 2642 ac
1454 2577 1628 2642 fortissimo

266 2671 388 2744 leviro,
419 2670 453 2732 P.
475 2671 628 2746 Lentulo,
660 2672 878 2736 consentiente
907 2680 1002 2756 atque
1034 2694 1098 2738 una
1126 2694 1204 2737 voce
1233 2674 1402 2737 revocavit.
1459 2672 1510 2736 blo
1544 2667 1629 2733 idem

302 2771 431 2830 senatus
446 2765 775 2841 exterisnationibus,
798 2786 847 2829 me
869 2766 982 2849 legatis
998 2754 1295 2850 magistratibusque
1310 2766 1426 2829 nostris
1440 2764 1628 2830 auctoritate

302 2877 361 2921 sua
384 2857 667 2942 consularibusque
689 2859 819 2935 litteris,
842 2879 921 2933 non,
943 2868 978 2923 ut
999 2867 1033 2922 tu
1056 2861 1187 2923 lnsuber
1208 2861 1314 2924 dicere
1335 2880 1431 2922 ausus
1452 2878 1504 2933 es,
1537 2855 1630 2921 orba-

303 2960 368 3016 tum
390 2951 509 3035 patria,
531 2953 588 3016 sed
608 2959 644 3016 ut
665 2962 794 3017 senatus
815 2954 869 3017 illo
891 2955 962 3037 ipso
985 2961 1127 3038 tempore
1148 2953 1337 3038 appellavit,
1367 2953 1467 3017 civem
1490 2959 1630 3016 servato·

302 3063 435 3129 remque
463 3046 509 3109 rei
538 3046 683 3130 publicae
712 3046 952 3112 commendavit.
1005 3048 1054 3111 Ad
1083 3068 1184 3111 meam
1213 3047 1308 3113 unius
1334 3047 1473 3111 bominis
1494 3045 1628 3111 amntem

266 3149 432 3206 aosenatus
459 3140 611 3204 auxilium
641 3141 781 3205 omniurn
811 3140 927 3205 ciuium
956 3149 1069 3207 cuncta
1100 3161 1142 3204 ex
1162 3141 1269 3215 Italia,
1303 3141 1445 3225 quirem
1468 3136 1628 3224 publicam

303 3234 423 3306 salvam
444 3254 514 3297 esse
535 3234 670 3309 vellent,
693 3233 833 3299 consulis
855 3254 941 3314 voce·
956 3243 988 3299 et
1008 3236 1121 3300 litteris
1143 3235 1376 3319 implorandum
1399 3233 1529 3318 putavit.
1566 3235 1630 3298 blei

304 3328 416 3410 capitis
445 3328 652 3391 conservandi
682 3348 777 3391 cansa
802 3331 933 3394 Romam
962 3350 1026 3393 uno
1048 3338 1189 3412 ternpore
1212 3329 1303 3412 quasi
1325 3328 1417 3411 signo
1440 3326 1514 3391 dato
1536 3326 1629 3392 Italia

303 3428 370 3485 tota
399 3421 556 3485 convenit
607 3422 654 3485 De
687 3441 759 3486 mea
790 3422 891 3486 salute
919 3423 953 3485 P.
980 3422 1118 3497 Lentuli,
1150 3421 1411 3506 praestantissimi
1439 3420 1500 3484 viri
1532 3428 1627 3504 atque

305 3515 414 3600 optimi
439 3516 597 3590 consulis,
629 3514 685 3579 Cn.
707 3516 855 3599 Pompei,
888 3516 1050 3580 clarissimi
1073 3522 1169 3600 atque
1197 3513 1396 3578 invictissimi
1418 3512 1513 3589 civis,
1542 3522 1627 3578 cete-

266 3628 474 3695 serorumque
502 3609 679 3699 principum
702 3608 839 3699 civitatis
861 3608 1084 3672 celeberrimae
1107 3615 1139 3671 et
1159 3609 1354 3692 gratissimae
1376 3609 1540 3672 contiones
1560 3606 1630 3671 iue-

303 3710 386 3767 runt.
428 3698 480 3766 35.
512 3704 559 3767 De
588 3724 638 3767 me
668 3709 795 3767 senatus
824 3702 869 3767 ita
895 3703 1038 3767 decrevit
1067 3702 1122 3767 Cn.
1151 3704 1302 3786 Pompeio
1331 3712 1459 3768 auctore
1493 3710 1526 3767 et
1558 3705 1628 3785 eius

304 3796 479 3862 sententiae
500 3796 659 3882 principe,
687 3804 737 3872 ut,
766 3797 793 3859 si
818 3797 892 3881 quis
913 3796 1095 3882 impedisset
1115 3796 1253 3860 reditum
1274 3816 1399 3873 meum,
1432 3797 1465 3859 in
1487 3795 1627 3861 hostiurn

304 3910 437 3956 numero
464 3899 646 3976 putaretur,
678 3892 790 3975 eisque
811 3891 914 3955 verbis
936 3911 976 3955 ea
995 3889 1035 3954 de
1057 3912 1107 3956 me
1129 3899 1258 3956 senatus
1280 3893 1447 3957 auctmitas
1469 3889 1627 3954 declarata

305 3994 368 4060 est,
400 3992 436 4048 ut
461 3985 582 4063 nemini
610 3986 652 4048 sit
678 3984 857 4067 triumphus
888 3985 1147 4049 honorificentius
1177 4004 1270 4068 quam
1293 3984 1368 4048 mihi
1390 3985 1474 4049 salus
1500 3985 1628 4050 restitu-

267 4081 414 4164 otioque
435 4080 618 4165 perscripta.
661 4079 781 4143 Deme
803 4098 876 4142 cum
896 4099 1006 4144 omnes
1029 4081 1228 4163 magistratus
1241 4079 1493 4164 promulgassent
1505 4085 1627 4164 praeter

304 4195 402 4239 unum
427 4159 623 4271 praetorem,
656 4194 676 4237 a
703 4193 767 4259 quo
794 4191 861 4236 non
888 4171 948 4236 fuit
976 4172 1214 4261 pq'stulandum,
1245 4171 1374 4237 fratrem
1401 4171 1519 4239 inimici
1548 4171 1626 4246 mei,

305 4534 362 4584 erat
384 4530 455 4595 qaod
478 4530 589 4580 dictam
603 4533 675 4579 wat:
701 4530 729 4580 et
749 4529 806 4580 fleti
823 4532 912 4595 potest
929 4533 958 4581 nt
974 4531 1027 4580 huc
1041 4530 1174 4597 pertineat
1189 4530 1301 4580 varietas
1317 4529 1359 4581 illa
1376 4529 1435 4581 cod.
1453 4529 1529 4580 Vei.»
1546 4529 1624 4599 Bane.

305 4611 337 4659 at
353 4607 508 4658 nominatim
525 4606 562 4655 ait
577 4605 700 4654 Garatom
717 4604 777 4655 inV
794 4618 853 4656 esse
871 4621 921 4656 oon
937 4607 1032 4656 dico-
1052 4607 1075 4656 4.
1092 4606 1220 4667 mentm
1236 4606 1256 4655 E
1271 4631 1297 4640 -
1316 4605 1340 4657 4.
1357 4607 1413 4656 ciro
1424 4616 1477 4655 om.
1491 4605 1510 4655 F
1523 4630 1550 4640 -
1570 4605 1624 4655 eV:

304 4684 402 4735 cc-
422 4695 504 4733 omncs
523 4682 546 4731 ei
566 4681 605 4730 rui
622 4679 714 4731 Lamb.
733 4681 759 4730 ia
781 4694 865 4745 marg.
886 4707 912 4717 -
936 4681 960 4729 6.
979 4683 1039 4744 post
1057 4681 1101 4729 4404
1117 4681 1144 4730 in
1161 4679 1182 4728 V
1199 4678 1233 4730 ad
1250 4692 1334 4744 marg.
1352 4692 1407 4731 sec.
1426 4693 1507 4731 mann
1524 4681 1627 4734 adscri-

304 4761 379 4824 ptum
396 4760 438 4808 est
452 4757 479 4806 io
493 4756 661 4819 ρνουίιισίαιιι,
680 4768 732 4819 qua
751 4754 837 4820 glossa
855 4758 928 4806 caret
945 4756 1024 4805 etiam
1041 4757 1186 4806 Arusianus
1202 4767 1229 4819 p.
1242 4755 1290 4806 888
1307 4755 1346 4815 4.,
1365 4757 1410 4819 qui
1425 4755 1502 4807 affert
1516 4771 1551 4807 co
1562 4760 1628 4820 quod

304 4860 341 4871 --
352 4833 431 4884 euenit
448 4858 475 4869 -
497 4837 612 4883 ..retitur
632 4832 698 4882 mala
720 4837 932 4894 precamina
943 4844 994 4881 esse
1009 4831 1090 4880 etrum
1106 4845 1133 4896 p.
1152 4831 1225 4891 4089,
1244 4831 1259 4879 6
1275 4829 1358 4881 habet
1373 4832 1432 4892 T-
1450 4834 1522 4884 mab
1538 4849 1627 4898 preec-

302 4915 402 4970 rcatur‚
421 4911 451 4959 ut
466 4909 500 4959 sit
517 4906 653 4959 antithesis
670 4907 704 4957 ad
721 4904 784 4957 illud
800 4907 992 4957 incolumitatem
1006 4911 1151 4967 precentur,
1170 4906 1321 4957 Wunderus
1337 4919 1364 4970 p.
1382 4907 1449 4969 LVl,
1468 4906 1526 4960 coll.
1545 4909 1560 4974 5
1577 4910 1624 4971 43;

304 4983 365 5035 add.
379 4997 404 5048 p.
418 4984 486 5033 Sest.
500 4982 514 5046 S
527 4983 568 5032 74.
583 5010 609 5018 -
630 4982 654 5032 9.
668 4983 769 5045 quaene
785 4982 876 5032 TVS:
894 4982 947 5031 dus
963 4983 1011 5031 EF
1025 5008 1050 5018 ·-
1069 4981 1133 5045 saga
1148 4981 1212 5031 TV:
1230 4982 1292 5045 suga
1305 4983 1390 5045 potius
1406 4983 1455 5034 CO
1468 5012 1496 5022 -
1516 4986 1556 5036 40.
1568 4991 1627 5038 um·

300 5072 350 5124 pur
365 5059 397 5108 T:
422 5062 516 5120 tempus
533 5057 695 5119 profectionis
718 5057 797 5109 codd.
816 5055 872 5108 rell.
891 5060 919 5107 et
934 5059 964 5107 0.
989 5056 1027 5107 Ci.
1046 5057 1144 5108 Wuad.
1163 5070 1189 5121 p.
1202 5057 1289 5108 XLVll
1306 5060 1334 5107 et
1349 5057 1458 5108 Bakium
1474 5072 1502 5124 p.
1519 5059 1576 5111 304.
1596 5088 1624 5099 -

303 5134 344 5186 43.
362 5138 473 5183 aesinam
489 5132 593 5183 TEFP
611 5130 676 5195 (scil.
694 5133 826 5194 senatusl:
851 5145 904 5183 orn.
924 5135 959 5190 ῦς
977 5137 1090 5182 nostrum
1105 5132 1165 5194 Vl‘i)
1183 5132 1238 5182 80.
1264 5131 1312 5183 atii
1327 5138 1436 5184 oestrum
1453 5132 1486 5184 ed
1504 5137 1627 5188 Pisonem

304 5211 332 5260 et
348 5206 489 5260 Gabinium
506 5206 633 5257 referunt.
653 5234 679 5242 -
701 5207 741 5260 tl.
758 5221 893 5258 occurrens
909 5209 929 5259 E
946 5204 1026 5260 solus.
1047 5235 1074 5245 -
1093 5220 1124 5257 uc
1140 5205 1233 5257 TVC:
1251 5212 1326 5270 utque
1341 5208 1401 5257 0-
1422 5209 1462 5258 48.
1480 5209 1507 5259 Ρ.
1525 5211 1627 5263 amau

303 5285 372 5336 Bake
390 5295 439 5348 pro
456 5280 614 5348 glossemate
631 5281 722 5333 habet.
737 5309 764 5320 -
783 5284 945 5334 concutiente
960 5288 1035 5345 atoue
1051 5283 1114 5332 TV:
1132 5282 1293 5332 consectionis
1306 5281 1398 5345 populo
1413 5284 1457 5333 lto.
1475 5285 1580 5346 atquae
1594 5311 1623 5323 -

303 5362 344 5411 47.
363 5357 580 5420 mammotreptis
591 5357 627 5407 V:
646 5357 818 5408 coosalcra'iru
833 5360 867 5419 T,
885 5361 915 5409 ut
925 5357 1043 5419 videtur,
1062 5359 1120 5409 CO.
1146 5358 1184 5409 cl.
1198 5372 1223 5424 p.
1237 5359 1303 5408 sest.
1323 5357 1354 5423 §5
1365 5358 1406 5408 50.
1421 5359 1476 5410 488.
1495 5374 1521 5425 p.
1536 5359 1623 5413 Plane.

304 5435 319 5500 5
336 5435 376 5485 48.
397 5461 424 5472 -·
442 5447 493 5484 noo
508 5439 537 5484 ut
547 5459 584 5470 ·-
592 5435 681 5496 patria
698 5433 778 5485 babet
794 5435 938 5485 Arusianus
956 5447 982 5499 p.
1000 5431 1058 5484 850.
1078 5460 1105 5469 -
1124 5433 1226 5484 Insuber
1241 5432 1394 5484 Turnebus:
1415 5433 1517 5497 imper
1532 5436 1580 5487 TC
1598 5440 1626 5489 et

304 5508 383 5561 codd.
399 5508 536 5568 amaruan
558 5521 653 5572 reaper
668 5508 691 5557 V
713 5536 740 5545 -
764 5510 803 5560 t8.
822 5513 1022 5570 amatoremque
1037 5509 1072 5557 V:
1098 5513 1249 5558 meterem
1265 5507 1297 5566 T,
1321 5514 1566 5572 conseruatoreuque
1588 5515 1623 5572 (ι,

303 5591 500 5636 conservatorem
515 5584 588 5635 888
602 5611 629 5620 -
649 5585 688 5634 40.
706 5586 780 5636 unius
795 5585 900 5636 bominis
916 5583 980 5633 TV:
998 5583 1103 5632 bominis
1119 5597 1172 5634 orn.
1186 5582 1234 5634 CO
1252 5580 1328 5648 prob.
1342 5583 1439 5640 Garat..
1458 5585 1503 5649 qui
1515 5585 1630 5637 contulit·

304 5660 320 5724 5
337 5659 361 5711 0.
378 5674 405 5725 p.
423 5661 490 5720 Sest.
508 5659 524 5725 5
541 5659 597 5710 488.
617 5659 643 5710 io
659 5659 719 5711 Vat.
738 5660 753 5726 S
770 5660 794 5715 8.
813 5674 840 5726 p.
859 5658 924 5712 aed.
944 5661 970 5710 iu
988 5661 1048 5710 Sen.
1067 5658 1082 5724 S
1099 5658 1140 5710 84.
1161 5685 1188 5694 -
1206 5659 1247 5708 80.
1265 5659 1421 5708 οιύίιιιιιοιιι.
1435 5658 1495 5706 V-
1513 5657 1555 5709 88.
1567 5673 1626 5722 corr-

303 5735 419 5786 rcrvandt
433 5734 468 5786 ‘lz
492 5734 608 5795 mardi
624 5734 706 5786 VCO
727 5763 755 5773 -
779 5735 820 5787 88.
838 5740 999 5798 reputaretur
1016 5734 1039 5783 V
1057 5761 1084 5771 —
1109 5735 1190 5797 cisque
1206 5732 1241 5783 V:
1264 5733 1342 5795 iisque
1361 5731 1479 5795 EGSO,
1502 5747 1579 5797 ιιεᾳιιο
1595 5734 1623 5797 P,

304 5810 389 5872 tuque
404 5811 424 5860 τ
441 5835 469 5847 -
487 5810 572 5863 ecdem
588 5815 688 5882 senatres
703 5811 725 5862 V
741 5839 769 5849 -
787 5809 829 5863 30.
846 5811 884 5863 De
899 5810 1164 5864 ηιμ-8404044480
1178 5807 1306 5883 babela,
1322 5813 1424 5875 praeter
1438 5810 1625 5862 cremati

304 5884 381 5945 buc
395 5883 538 5964 4144444444
552 5897 580 5953 e·
598 5884 655 5947 444.
