3800 7350
322 1215 404 1285 llio
720 1217 874 1282 ORATIO
896 1215 975 1280 PRO
999 1215 1060 1279 CN.
1082 1212 1256 1278 PLANCIO

324 1412 393 1454 eum
415 1391 554 1472 singultu
576 1389 684 1452 videre
706 1387 846 1471 potuisti.
879 1387 928 1447 An
951 1406 1027 1467 ego,
1051 1385 1108 1467 qui
1130 1402 1269 1445 meorum
1293 1382 1431 1443 lacrimis
1445 1401 1494 1442 me
1517 1381 1654 1443 absente

323 1492 497 1547 commotus
520 1482 711 1555 simultates,
733 1500 812 1562 quas
835 1500 958 1542 mecum
979 1478 1131 1550 babebat,
1154 1475 1354 1557 deposuisset
1369 1494 1520 1559 meaeque
1535 1473 1654 1537 salutis

324 1598 388 1641 non
411 1578 505 1640 modo
526 1597 591 1639 non
613 1582 830 1659 oppugnator,
853 1580 887 1636 ut
908 1573 1027 1635 inimici
1050 1572 1112 1635 mei
1134 1577 1297 1652 putarant,
1319 1569 1486 1631 sedetiam
1501 1568 1655 1631 defensor

324 1669 451 1742 luisset,
480 1669 574 1732 buius
596 1670 629 1732 in
652 1667 792 1751 periculo
815 1687 878 1729 non
901 1663 1107 1748 significarem
1131 1664 1272 1727 dolorem
1294 1667 1421 1726 meum?
1456 1665 1504 1725 Tu
1525 1669 1655 1735 autem,

301 1764 515 1837 ibaterensis,
538 1765 594 1847 qui
616 1771 682 1827 tum
703 1763 846 1826 lacrimas
868 1780 953 1823 meas
975 1768 1078 1841 gratas
1100 1778 1170 1822 esse
1189 1757 1326 1832 dicebas,
1348 1777 1432 1820 nunc
1452 1756 1578 1820 easdem
1602 1753 1656 1816 vis

325 1856 496 1922 invidiosas
517 1856 628 1920 videri.
1390 1888 1395 1898 ·

412 1950 544 2013 xxxii.
566 1947 618 2012 77.
640 1953 743 2032 Negas
765 1950 958 2013 tribunatum
973 1948 1092 2013 Plancii
1115 1950 1288 2034 quidquam
1311 1947 1454 2010 attulisse
1474 1940 1655 2008 adiumenti

327 2043 472 2126 dignitati
493 2064 599 2119 meae,
621 2054 714 2127 atque
738 2045 796 2107 boc
818 2044 906 2117 loco,
928 2043 1015 2123 quod
1037 2043 1200 2105 verissime
1221 2042 1325 2104 faeere
1346 2048 1452 2123 potes,
1474 2039 1509 2100 L.
1527 2036 1654 2108 Racilii,

326 2136 489 2201 tortissimi
512 2145 545 2200 et
566 2137 811 2200 constantissimi
834 2138 910 2208 viri,
933 2134 1041 2198 divina
1064 2136 1097 2197 in
1119 2157 1169 2198 me
1190 2137 1301 2199 merita
1323 2153 1557 2217 commemoras.
1592 2129 1655 2194 Cui

291 2231 457 2315 liquidem
480 2251 555 2313 ego,
577 2231 669 2294 sicuti
691 2230 835 2303 Plancio,
859 2250 1030 2311 numquam
1055 2230 1248 2293 dissimulavi
1271 2249 1320 2292 me
1343 2229 1509 2312 plurimum
1532 2227 1654 2289 debere

327 2345 518 2406 semperque
547 2325 740 2407 praeferam:
769 2324 871 2386 nullus
904 2324 990 2386 euim
1020 2324 1078 2386 sibi
1107 2324 1160 2386 ille
1180 2344 1285 2406 neque
1307 2321 1522 2385 contentiones
1543 2338 1654 2402 neque

328 2418 508 2481 inimicitias
530 2439 636 2500 neque
651 2418 733 2480 vitae
756 2415 974 2481 dimicationes
995 2438 1055 2478 nec
1077 2438 1134 2499 pro
1157 2439 1191 2479 re
1213 2417 1340 2500 publica
1361 2436 1420 2477 nec
1442 2435 1498 2497 pro
1521 2434 1572 2477 me
1594 2414 1655 2473 de·

326 2510 493 2593 fugiendas
514 2512 647 2593 putavit.
689 2513 793 2593 Atque
815 2511 953 2582 utinam,
984 2532 1080 2593 quam
1101 2532 1160 2593 ego
1182 2533 1251 2574 sum
1273 2513 1306 2573 in
1328 2510 1414 2572 illum
1436 2515 1557 2590 gratus,
1586 2514 1652 2568 tam

331 2604 472 2667 licuisset
491 2624 549 2686 per
569 2603 731 2667 bominum
746 2604 808 2665 vim
826 2610 857 2665 et
872 2604 1019 2666 iniuriam
1035 2605 1156 2687 populo
1171 2606 1309 2667 Romano
1325 2604 1354 2666 ei
1369 2602 1498 2684 gratiam
1514 2598 1651 2664 referret

294 2698 392 2761 458οά
414 2697 441 2759 si
463 2715 527 2759 non
548 2696 659 2759 eadem
673 2696 837 2759 contendit
858 2698 890 2758 in
913 2696 1073 2759 tribunatu
1095 2698 1254 2771 Plancius,
1278 2697 1457 2761 existimare
1473 2696 1569 2758 debes
1585 2714 1653 2756 non

328 2790 403 2853 buic
431 2789 623 2854 voluntatem
653 2789 808 2862 defuisse,
839 2789 895 2851 sed
926 2811 992 2863 me,
1022 2811 1093 2853 cum
1116 2798 1235 2854 tantum
1257 2792 1319 2853 iam
1340 2789 1468 2852 Plancio
1491 2789 1652 2862 deberem,

328 2882 441 2948 Racilii
467 2879 629 2946 beneficiis
656 2881 753 2946 luisse
783 2888 975 2948 contentum.
1028 2882 1078 2945 78.
1100 2886 1149 2947 An
1178 2905 1252 2947 vero
1279 2892 1370 2967 putas
1401 2882 1514 2946 idcirco
1546 2883 1653 2944 minus

328 2978 449 3043 iudices
481 2997 552 3040 mea
586 2997 680 3041 eausa
709 2997 779 3040 esse
810 2976 965 3049 facturos,
992 2977 1079 3060 quod
1113 2998 1163 3040 me
1194 2998 1264 3041 esse
1297 2986 1418 3060 gratum
1452 2977 1652 3040 crimineris?

328 3072 395 3145 An,
423 3091 494 3134 cum
521 3078 626 3152 patres
654 3070 823 3152 conscripti
853 3070 909 3132 illo
940 3064 1258 3146 senatusconsulto,
1288 3072 1374 3155 quod
1396 3072 1429 3134 in
1456 3070 1652 3133 monimento

292 3164 417 3229 subiani
446 3163 562 3229 lactum
592 3172 655 3237 est,
692 3182 756 3244 quo
786 3182 856 3226 mea
885 3164 971 3227 salus
1001 3165 1147 3227 omnibus
1176 3174 1224 3228 est
1250 3165 1394 3247 gentibus
1423 3162 1651 3234 commendata,

328 3259 383 3319 uni
416 3258 471 3320 Cn.
501 3257 628 3319 Plancio
657 3257 773 3339 gratias
805 3257 990 3339 egerint-
1018 3279 1101 3320 unus
1135 3259 1219 3321 enim
1252 3259 1313 3320 luit
1345 3258 1384 3319 de
1417 3256 1651 3340 magistratibus

329 3350 478 3416 defensor
505 3350 615 3413 salutis
644 3370 731 3413 meae
752 3372 811 3412 -ε
841 3353 890 3414 cui
922 3353 1050 3414 senatus
1072 3372 1129 3434 pro
1152 3373 1201 3415 me
1223 3352 1339 3434 gratias
1361 3353 1497 3433 agendas
1519 3350 1652 3433 putavit,

328 3445 359 3507 ei
387 3463 445 3527 ego
473 3465 493 3509 a
520 3464 570 3506 me
596 3443 791 3508 referendam
814 3444 945 3527 gratiam
968 3464 1033 3507 uon
1059 3449 1188 3527 putem‘l
1220 3448 1323 3528 Atque
1351 3445 1430 3507 haee
1458 3466 1529 3507 cum
1551 3444 1651 3517 vides,

328 3557 393 3621 quo
422 3558 473 3602 me
500 3538 627 3602 undem
655 3537 687 3599 iu
718 3543 750 3600 te
771 3541 877 3602 animo
900 3545 991 3619 putas
1013 3559 1102 3609 esse,
1132 3540 1332 3602 Laterensis?
1361 3538 1459 3601 ullum
1483 3557 1552 3601 esse
1581 3546 1651 3599 ten·

262 3709 268 3725 ,
291 3636 393 3696 astum
414 3630 605 3716 periculum,
634 3638 754 3696 tantum
784 3632 942 3707 laborem,
972 3641 1088 3695 tantam
1111 3634 1358 3707 contentionem,
1387 3652 1482 3716 quam
1504 3651 1562 3714 ego
1584 3650 1649 3694 non

327 3725 422 3789 modo
442 3743 502 3809 pro
523 3725 629 3789 salute
647 3734 717 3799 tue,
740 3726 796 3789 sed
819 3727 914 3791 etiam
936 3747 994 3809 pro
1018 3725 1169 3807 dignitate
1192 3726 1396 3809 defugerem?
1426 3727 1498 3801 Quo
1521 3725 1650 3808 quidem

327 3818 422 3884 etiem
454 3818 553 3900 magis
585 3838 655 3883 sum
687 3839 753 3882 non
785 3820 886 3882 dicam
915 3821 1076 3883 miser-
1104 3840 1176 3882 nam
1205 3821 1267 3883 boc
1296 3822 1425 3905 quidem
1455 3821 1603 3884 abhorret
1631 3841 1651 3881 a

327 3911 441 3977 virtute
467 3912 597 3977 verbum
618 3945 675 3986 -,
703 3911 759 3975 sed
781 3920 866 3989 certe
889 3913 1063 3982 exercitus,
1092 3934 1157 3976 non
1175 3916 1250 3998 quia
1269 3914 1374 3978 multis
1397 3915 1497 3977 debeo
1522 3946 1559 3960 -
1581 3907 1651 3976 le've

1244 4123 1648 4132 ————-—--———-—-—-

393 4262 416 4309 4.
434 4272 474 4308 me
491 4258 555 4320 (bic,
574 4269 626 4305 uon
639 4268 666 4319 p.
677 4257 749 4314 ⁴⁴25,
763 4255 803 4318 ai)
820 4270 872 4306 om.
885 4257 905 4305 T
919 4283 944 4290 -
964 4258 988 4306 3.
1001 4257 1326 4320 oppugnare-periculo
1342 4272 1391 4306 noc
1404 4272 1456 4307 om.
1470 4260 1527 4308 T-
1543 4258 1566 4309 i.
1580 4260 1653 4308 buius

328 4336 354 4384 iu
369 4333 487 4397 periculo]
507 4335 582 4384 «Post
600 4333 666 4382 hece
678 4331 760 4381 rerba
778 4333 803 4382 in
822 4333 841 4382 E
858 4334 1007 4396 sequuntur
1023 4334 1110 4381 statim
1127 4331 1409 4395 sine'interpelletionc
1421 4348 1461 4392 eu,
1480 4346 1548 4397 quae
1561 4334 1652 4397 legun-

329 4413 372 4459 tur
388 4410 445 4473 37⁸
463 4421 513 4458 erre
527 4413 630 4472 matun
646 4408 786 4457 mineris
797 4434 833 4444 -·
844 4421 874 4456 ce
889 4410 935 4456 uic
948 4409 1041 4470 possim
1056 4413 1145 4470 gratur
1160 4409 1247 4456 oium
1266 4408 1332 4457 Tum
1344 4410 1405 4472 post
1415 4411 1494 4458 videri
1504 4413 1653 4472 sequuntur

329 4497 398 4548 quae
418 4484 471 4535 huc
492 4483 624 4548 pertinent
645 4483 702 4535 sine
725 4483 936 4546 interpunctione
959 4497 1008 4531 noc
1029 4484 1196 4545 significarem
1218 4483 1327 4532 ociorem
1342 4484 1557 4535 meunt--mea
1572 4499 1652 4537 eorus

329 4573 379 4611 erse
393 4560 512 4622 [acturos.
538 4560 601 4610 Post
618 4572 648 4608 ee
666 4559 815 4622 sequuntur
826 4557 909 4607 verba
926 4559 991 4619 quod
1007 4570 1054 4606 ure.
1072 4559 1113 4606 scd
1128 4559 1188 4606 inec
1199 4571 1244 4620 eqo
1260 4560 1320 4608 meis
1334 4559 1490 4620 ponderibus.
1511 4562 1650 4609 Praeterea

328 4637 398 4686 inter
408 4631 488 4684 verbe
505 4632 578 4681 buius
592 4632 620 4680 iu
633 4631 745 4693 pmculo
761 4634 789 4681 et
799 4644 868 4693 quae
886 4629 1009 4681 librarius
1026 4631 1122 4681 deinde
1138 4633 1226 4695 posuit
1243 4647 1292 4682 esse
1302 4640 1404 4695 prolum
1414 4635 1557 4683 criminaris
1568 4637 1652 4684 inter·

329 4711 415 4776 posita
431 4710 493 4758 sunt
508 4706 575 4757 baec
593 4705 693 4756 verba:
709 4707 748 4756 bic
764 4706 854 4755 interm
873 4707 996 4756 illusura.
1012 4734 1038 4741 -
1057 4708 1225 4769 significarem
1241 4709 1350 4758 dolorem
1365 4723 1447 4758 meum
1464 4711 1523 4760 TE:
1541 4711 1652 4759 dotorem

329 4798 411 4835 meum
427 4783 592 4846 opptimus
609 4782 629 4829 0
647 4806 674 4817 -
698 4781 722 4828 7.
738 4780 824 4842 plauci
841 4781 860 4827 Τ
879 4806 905 4814 -
931 4781 1065 4841 quicquum
1081 4783 1101 4830 Τ
1119 4808 1145 4816 -
1165 4782 1189 4831 8.
1208 4783 1247 4843 b]
1265 4783 1314 4831 luci
1330 4784 1362 4842 T,
1381 4784 1439 4832 lucii
1457 4786 1476 4834 E
1496 4814 1521 4820 -
1541 4787 1614 4834 raclii
1631 4787 1650 4833 T

334 4888 360 4898 -
379 4861 402 4909 o.
421 4860 461 4909 cui
477 4871 516 4909 me
532 4857 630 4919 quidem
646 4856 680 4909 Τ;
698 4857 743 4918 qui
757 4869 797 4904 uie
813 4855 911 4917 quiuem
927 4855 962 4912 E;
980 4855 1013 4904 el.
1032 4870 1087 4905 var.
1107 4857 1166 4908 lect.
1185 4871 1211 4922 p.
1231 4859 1303 4917 tiss,
1321 4860 1362 4908 34.
1382 4885 1408 4893 -
1430 4860 1469 4908 40.
1487 4861 1559 4908 sicuti
1576 4862 1650 4909 Lem·
1717 4874 1720 4879 ·

332 4936 423 4986 binus:
441 4933 504 4982 aust
519 4931 546 4980 in
562 4931 627 4989 ΤΕ;
644 4931 708 4980 rictu
724 4931 769 4981 Cu.
787 4929 821 4980 de
838 4943 885 4980 sua
903 4930 1054 4980 coniectura
1066 4933 1086 4981 0
1101 4959 1125 4966 -
1147 4933 1186 4981 tt.
1203 4933 1349 4994 praescium
1364 4935 1427 4983 TE:
1443 4948 1506 4994 prae
1517 4949 1555 4983 me
1570 4937 1651 4995 serem

332 5012 360 5060 0.
383 5007 422 5058 Cl.
440 5005 606 5057 Wunderum
623 5003 657 5054 ed
675 5004 701 5053 h.
721 5001 737 5053 l.
756 5006 784 5053 et
799 5005 825 5054 in
843 5003 944 5066 Proleg.
964 5019 990 5068 p.
1003 5007 1042 5056 tl.
1058 5033 1085 5041 —
1105 5007 1145 5055 42.
1164 5007 1312 5056 inirriuicicr
1328 5009 1347 5056 T
1362 5034 1389 5043 -
1407 5009 1572 5071 diffugiendas
1587 5011 1647 5057 Τ-

331 5084 371 5137 tt.
388 5083 480 5146 populo
496 5083 524 5132 ll.
542 5081 564 5129 ei
580 5081 691 5143 pretinm
706 5079 800 5141 reterre
816 5080 988 5129 Geretonius:
1004 5080 1096 5141 populo
1114 5083 1141 5130 li.
1161 5082 1204 5143 (p.
1223 5082 1252 5131 a.
1271 5082 1298 5141 E)
1316 5086 1339 5131 et
1353 5083 1466 5144 grctiom
1482 5083 1572 5143 retem
1587 5084 1649 5139 TE,

327 5158 415 5222 populi
431 5157 460 5208 li.
479 5154 529 5218 ivel
543 5169 570 5218 p.
589 5156 628 5216 ll.)
645 5155 668 5204 ei
683 5155 795 5217 qrctmm
810 5154 900 5216 reterri
916 5155 998 5204 ceteri
1017 5155 1131 5206 codices.
1146 5183 1172 5192 -
1195 5157 1233 5205 46.
1251 5158 1301 5207 Sed
1315 5171 1355 5206 me
1365 5184 1402 5194 --
1413 5162 1552 5207 metentem
1568 5158 1651 5208 hebet

331 5238 399 5286 Α-
417 5236 584 5283 tenturum.
602 5231 622 5279 Τ
641 5257 668 5266 -
693 5228 835 5289 deberem
852 5230 1022 5278 morcirociti
1038 5231 1072 5287 Τ;
1095 5230 1206 5280 moen
1221 5232 1410 5281 murciirocitii
1427 5233 1446 5281 E
1466 5258 1492 5266 —
1513 5233 1552 5282 47.
1571 5234 1652 5282 liccdi

331 5307 475 5371 mendis
495 5334 522 5343 -
546 5306 638 5355 idem
658 5305 739 5354 mictu
758 5304 851 5355 iudicor
870 5317 928 5354 mco
947 5317 1026 5353 causa
1046 5318 1097 5354 esre
1114 5307 1226 5367 facturos
1242 5307 1290 5356 ΤΕ
1311 5305 1367 5365 ised
1384 5305 1454 5356 mele
1471 5306 1532 5356 add.
1550 5306 1651 5357 meror

332 5384 393 5447 post
407 5380 510 5444 minui:
528 5381 620 5430 udices
634 5380 727 5430 turico
742 5379 825 5430 mum
839 5393 897 5430 meo
911 5394 990 5430 coeto
1004 5382 1117 5442 [acturos
1132 5382 1152 5430 0
1166 5407 1192 5416 -
1213 5381 1252 5431 48.
1270 5383 1413 5431 crimem
1430 5383 1490 5432 E-
1509 5383 1549 5432 49.
1565 5388 1651 5445 potres

331 5471 353 5507 c.
371 5457 405 5516 Τ,
425 5470 459 5518 .ρ.
472 5470 493 5506 c.
513 5457 550 5506 E:
566 5462 651 5518 potres
667 5457 728 5517 (om.
741 5455 881 5517 contempti]
898 5455 918 5505 0
933 5479 959 5491 -
978 5455 1173 5516 illonsccmm
1188 5460 1224 5504 ert
1240 5454 1321 5505 babet
1337 5459 1357 5505 Α
1371 5481 1398 5491 -
1416 5463 1516 5507 senem
1530 5460 1649 5522 coenam]

332 5536 359 5585 S.
377 5533 404 5583 C.
422 5535 457 5591 A,
480 5544 522 5581 sc.
542 5532 561 5580 T
581 5556 608 5567 -
629 5531 776 5580 aminiculo
796 5531 829 5580 T:
852 5536 1008 5581 munnio
1028 5530 1107 5580 4Εο
1133 5555 1159 5564 -
1182 5530 1223 5578 tt).
1241 5531 1373 5579 mariTE
1392 5557 1419 5566 -
1444 5532 1485 5581 tr.
1504 5531 1559 5595 Cn]
1578 5546 1610 5582 .c.
1629 5534 1649 5582 T

333 5635 360 5646 -
380 5607 475 5671 inerim
493 5605 660 5656 Garatonius:
680 5606 758 5668 coeit
774 5604 823 5656 TE
840 5630 867 5640 -
892 5604 999 5667 morht,
1021 5603 1096 5665 (mur
1115 5605 1326 5654 enm-sciuris
1340 5618 1424 5664 mene,
1446 5608 1487 5655 cui
1502 5613 1649 5657 emotus--

330 5680 454 5746 potuum)
474 5681 498 5730 ei
516 5692 562 5744 eqo
582 5679 611 5729 0.
639 5679 717 5728 Recte
740 5679 811 5728 bunc
830 5676 918 5730 mcum
935 5679 1037 5742 primus
1053 5677 1170 5728 distinxit
1185 5683 1248 5730 Arn.
1266 5679 1391 5730 Sebaeler
1407 5681 1436 5729 de
1452 5681 1511 5730 loeis
1525 5683 1649 5731 nonnullis

332 5756 468 5817 acuente
485 5755 572 5815 Plinii,
589 5754 718 5805 Frontonis
734 5752 827 5804 Dresd.
846 5753 919 5805 isti.
935 5767 963 5818 p.
981 5754 1006 5804 Τ.
1026 5779 1053 5789 -
1075 5755 1261 5817 nocturnium
1276 5756 1310 5804 T:
1328 5755 1515 5819 omatibus
1529 5761 1575 5806 aut
1587 5771 1648 5818 pro-

331 5829 622 5896 ηοω-446414130-
639 5827 1043 5892 simonianorum-r
1062 5833 1186 5891 -Atque
1205 5832 1270 5882 TE:
1288 5832 1437 5893 tiquiO-
1457 5831 1647 5898 budefugerim

333 5906 382 5958 TE
399 5903 465 5970 (soll)
484 5932 510 5944 -
531 5905 584 5968 ouo
600 5901 1011 5967 quium-mmanuelis
1030 5929 1056 5940 -
1075 5904 1117 5957 ii.
1134 5905 1179 5957 loc
1195 5918 1249 5960 om.
1267 5905 1296 5957 T.
