3800 7350
314 1154 396 1224 t038
571 1162 723 1227 ORATIO
744 1163 798 1227 ne
819 1164 1050 1229 PROVINCIIS
1074 1165 1374 1230 consummetis

312 1332 501 1405 conterruit,
531 1332 698 1414 compulit,
727 1333 849 1396 domuit
856 1354 868 1408 ,-
894 1336 1028 1417 imperio
1050 1334 1159 1419 populi
1181 1335 1312 1398 Romani
1334 1353 1447 1417 parere
1468 1331 1642 1396 assuefecit

312 1432 343 1486 et
365 1445 444 1508 ques
464 1423 613 1506 regiones
635 1446 777 1510 quasque
799 1436 909 1509 gentes
931 1428 1038 1490 nullae
1060 1426 1154 1491 nobis
1175 1436 1268 1491 antea
1290 1429 1429 1501 litterae,
1455 1427 1543 1489 nulla
1564 1446 1639 1498 vox,

311 1518 397 1580 nulla
427 1518 509 1582 ieme
539 1526 631 1581 notas
657 1519 789 1594 fecerat,
818 1521 875 1585 bas
903 1532 1012 1585 noster
1041 1522 1215 1604 imperator
1234 1529 1403 1604 nosterque
1426 1524 1583 1585 exercitos
1606 1528 1640 1581 et
1652 1543 1741 1668 w)

310 1611 419 1692 populi
446 1612 578 1674 Romani
607 1623 934 1702 ermaperaqrarunt.
979 1617 1127 1679 Semitam
1155 1624 1278 1679 tantum
1301 1615 1422 1678 Gelliae
1451 1615 1638 1678 tenebamus

287 1712 418 1778 santea,
442 1711 548 1787 patres
570 1709 758 1789 conscripti:
782 1694 905 1771 ceterae
927 1719 1033 1792 partes
1055 1730 1073 1772 e
1095 1711 1241 1791 gentibus
1257 1716 1311 1771 aut
1332 1710 1468 1772 inimicis
1488 1709 1564 1771 huic
1578 1710 1740 1780 ins-,ems

309 1799 398 1880 perio
420 1807 475 1862 ant
496 1796 601 1862 infidis
623 1808 679 1862 eut
699 1800 869 1882 incognitis
891 1812 944 1864 eut
966 1811 1051 1866 certe
1073 1804 1263 1866 immanibus
1285 1811 1317 1865 et
1337 1802 1477 1865 barbaris
1493 1810 1526 1865 et
1546 1803 1638 1864 belli·
1655 1763 1741 1892 imit

310 1893 392 1955 eosis
415 1893 618 1956 tenebantur:
644 1913 724 1975 ques
746 1895 890 1957 nationes
913 1916 1008 1959 nemo
1029 1917 1180 1980 umquam
1201 1895 1263 1958 tuit
1284 1896 1362 1977 quin
1383 1895 1484 1977 frangi
1499 1894 1640 1958 domeri—

309 2006 371 2068 que
394 1994 541 2068 cuperet:
574 2005 666 2050 nemo
689 1988 849 2072 sapienter
870 1989 910 2051 de
932 2011 967 2053 re
988 1990 1117 2072 publice
1138 1997 1246 2054 nostre
1267 1990 1415 2071 cogitavit
1435 1991 1497 2052 iam
1519 1988 1595 2051 inde
1616 2007 1636 2051 a

309 2080 467 2162 principio
496 2080 590 2142 huius
618 2082 757 2163 imperii,
788 2083 864 2165 quin
895 2083 1028 2146 Galliam
1057 2084 1192 2146 maxime
1214 2081 1385 2146 timendam
1408 2082 1481 2145 huic
1503 2082 1635 2164 imperio

273 2182 448 2256 toputeret,
472 2175 536 2238 sed·
550 2182 681 2257 propter
694 2176 757 2238 mm
779 2196 815 2238 ac
837 2176 1071 2240 multitudinem
1092 2177 1233 2259 gentium
1257 2175 1380 2240 illarum
1399 2195 1573 2259 numquam
1588 2184 1636 2236 est

205 2267 227 2308 7
308 2275 401 2331 antea
422 2288 494 2330 cum
516 2269 661 2330 omnibus
684 2268 885 2354 dimieatum:
909 2271 1080 2332 restitimus
1102 2290 1227 2351 semper
1248 2269 1397 2332 lacessiti.
1433 2273 1524 2333 Nune
1545 2267 1636 2330 deni·

207 2353 210 2362 ⁴
309 2382 371 2444 que
393 2369 443 2424 est
462 2361 655 2443 perfectum,
676 2370 714 2424 ut
734 2363 858 2445 imperii
880 2364 980 2426 nostri
1002 2374 1218 2445 terrarumque
1240 2363 1364 2425 illarum
1383 2362 1467 2425 idem
1482 2371 1567 2426 eust
1580 2382 1638 2423 eu·¹

308 2464 450 2518 tremum.
494 2456 578 2518 xlv.
600 2451 651 2516 34.
673 2456 805 2538 Alpibus
828 2457 949 2519 ltaliam
972 2458 1128 2520 munierat
1148 2464 1241 2520 antea
1265 2464 1376 2518 natura
1399 2476 1463 2519 non
1485 2456 1555 2520 sins
1577 2454 1635 2517 ali·

308 2567 372 2631 quo
394 2548 502 2612 divino
524 2549 670 2611 erimine:
693 2570 766 2613 nem
787 2551 815 2612 si
836 2551 890 2612 ille
912 2551 1016 2614 aditus
1033 2551 1194 2613 Gallorum
1214 2550 1402 2613 Immaniteti
1425 2549 1634 2613 multitudini·

271 2660 371 2725 taqne
392 2642 560 2725 patuisset,
583 2662 756 2725 numquam
778 2642 857 2706 haec
878 2645 952 2707 urbs
972 2664 1093 2706 summo
1115 2644 1248 2726 imperio
1264 2643 1458 2706 domicilium
1474 2663 1511 2706 ac
1525 2643 1632 2707 sedem

173 2783 177 2790 .
239 2731 259 2887 (
307 2736 514 2820 praebuisset.
548 2736 638 2809 Quae
659 2737 721 2799 iam
742 2737 818 2800 licet
838 2738 1024 2801 considenti
1048 2737 1129 2800 nibil
1151 2745 1199 2800 est
1221 2739 1305 2801 enim
1328 2738 1409 2800 ultra
1427 2737 1514 2800 illam
1528 2737 1634 2800 altitu·

306 2830 413 2894 dinem
441 2830 595 2894 montium
623 2849 725 2912 usque
754 2830 793 2892 ad
818 2831 997 2906 Oceanum,
1031 2830 1115 2915 quod
1138 2831 1179 2893 sit
1200 2831 1309 2894 ltaliae
1335 2829 1632 2914 pertimescendum.

307 2924 369 2987 Sed
393 2931 498 2987 tamen
519 2942 582 2985 una
603 2930 701 3006 atque
722 2923 823 2988 altera
843 2934 948 2989 aestas
968 2926 1020 2989 vel
1041 2933 1127 2989 metu
1147 2925 1199 2987 vel
1221 2946 1278 3008 spe
1294 2925 1344 2987 vel
1357 2943 1462 3009 poena
1474 2925 1527 2986 rel
1540 2943 1633 3006 pree-

306 3018 377 3082 miis
398 3016 449 3082 val
471 3018 566 3085 mmis
588 3016 637 3078 vel
660 3016 783 3100 legibus
804 3025 909 3102 potest
930 3028 1030 3082 totam
1045 3018 1179 3082 Galliam
1201 3019 1402 3102 sempiternis
1420 3018 1557 3081 vineolis
1578 3016 1633 3079 ad·

270 3113 475 3193 restringere:
504 3109 667 3191 impolitae
688 3130 764 3175 vero
785 3132 836 3175 res
858 3119 890 3175 et
911 3112 934 3193 †
953 3114 1084 3176 acerbae
1106 3111 1134 3175 si
1157 3119 1249 3175 erunt
1269 3112 1415 3187 relictae,
1439 3128 1632 3193 quamquam

307 3214 381 3269 sunt
401 3206 539 3278 accisae,
560 3213 665 3267 minen
688 3205 820 3268 efferent
842 3227 876 3269 se
898 3206 1069 3288 aliqnando
1091 3216 1124 3270 et
1145 3206 1184 3269 ad
1206 3203 1422 3268 renovandum
1443 3204 1561 3268 bellum
1583 3223 1633 3266 re·

306 3299 473 3362 virescent
516 3294 567 3359 35.
591 3299 697 3372 Quare
719 3300 761 3362 sit
781 3300 816 3362 in
838 3301 906 3363 eius
927 3300 1026 3363 tutela
1049 3299 1168 3373 Gallia,
1191 3301 1284 3361 cuius
1305 3296 1396 3373 fidei,
1417 3297 1541 3372 vineti,
1562 3297 1633 3360 ieli-

306 3392 391 3455 citati
420 3391 638 3456 commendata
665 3400 728 3455 est:
758 3395 813 3475 qui
842 3395 869 3456 si
897 3396 1054 3457 Fortunae
1075 3393 1259 3456 muneribus
1280 3392 1482 3473 amplissimis
1503 3399 1632 3453 ornatus

306 3487 433 3569 saepius
465 3486 535 3550 eius
562 3484 641 3548 deae
670 3486 848 3566 periculum
875 3487 979 3549 iacere
1001 3486 1117 3559 nollet,
1146 3486 1172 3546 si
1203 3486 1236 3547 in
1257 3486 1409 3566 petriam,
1441 3485 1468 3547 si
1490 3483 1531 3546 ad
1553 3485 1632 3547 deos

267 3586 453 3661 aspenates,
483 3578 511 3642 si
533 3578 664 3642 adeam
686 3579 888 3660 dignitatem,
915 3599 1010 3663 quam
1032 3580 1065 3641 in
1087 3578 1214 3641 civitate
1237 3577 1297 3642 sibi
1318 3578 1512 3661 propositam
1535 3577 1631 3651 ridet,

306 3674 333 3737 si
354 3674 394 3737 ad
415 3670 659 3737 iucundissimos
679 3671 808 3749 liberos,
830 3673 857 3737 si
874 3672 913 3736 ed
930 3673 1136 3756 clarissimum
1151 3693 1302 3757 generum
1317 3672 1421 3736 redire
1434 3681 1630 3756 properaret,

305 3769 332 3831 si
354 3769 387 3832 in
403 3765 594 3850 Capitolium
614 3766 722 3829 invehi
745 3768 845 3830 victor
865 3788 936 3831 cnm
959 3767 1014 3830 ille
1034 3767 1151 3849 insigni
1172 3766 1267 3830 laude
1286 3767 1428 3848 gestiret,
1451 3767 1478 3829 si
1493 3766 1630 3849 demque

305 3863 428 3924 timeret
450 3880 557 3925 casum
578 3860 736 3943 aliquem,
759 3862 815 3943 qui
835 3862 881 3925 illi
902 3869 1025 3926 tantum
1048 3861 1164 3924 addere
1186 3862 1248 3924 iem
1268 3880 1331 3923 non
1352 3867 1456 3943 potest
1478 3866 1630 3944 qnantum

303 3955 443 4030 auterre,
466 3975 526 4019 nos
546 3962 650 4017 temen
673 3961 834 4037 oporteret
854 3956 893 4018 ab
915 3954 1027 4020 eodem
1047 3956 1103 4019 illa
1116 3956 1232 4027 omnia,
1254 3973 1352 4038 equo
1368 3954 1531 4036 profligata
1544 3960 1629 4025 sunt,

267 4067 295 4114 ao
304 4045 415 4112 confici
437 4047 529 4111 velle.
564 4047 641 4111 Cum
664 4068 739 4112 vcro
761 4048 815 4112 ille
837 4069 914 4112 suec
935 4049 1056 4131 gloriae
1077 4050 1140 4113 iem
1161 4049 1299 4132 pridem,
1321 4048 1367 4110 rei
1389 4047 1534 4130 publicae
1549 4065 1629 4109 non-

305 4143 378 4206 dum
401 4142 603 4207 satisfecerit
623 4150 655 4204 et
676 4141 765 4205 malit
786 4149 893 4205 temen
909 4143 1027 4206 tardius
1042 4144 1081 4205 ed
1100 4165 1229 4208 snorum
1252 4145 1393 4207 laborum
1416 4143 1537 4206 fruetus
1558 4161 1628 4226 per·

302 4236 411 4298 venire
432 4255 528 4317 qnam
551 4254 615 4298 non
637 4236 764 4319 explere
786 4244 966 4318 susceptum
989 4237 1034 4299 rei
1056 4239 1201 4319 publicae
1224 4258 1354 4310 munus,
1381 4256 1440 4300 neo
1460 4237 1630 4320 imperato·

303 4349 370 4392 rem
404 4329 568 4392 incensum
600 4329 642 4392 ad
675 4348 742 4391 rem
774 4329 930 4410 publicam
959 4330 1041 4392 bene
1071 4333 1241 4413 gerendam
1272 4349 1419 4394 revocare
1444 4348 1504 4393 nec
1530 4337 1627 4393 totam

303 4423 414 4486 Gallici
445 4422 520 4486 belli
550 4424 704 4487 rationem
734 4442 835 4505 prope
856 4424 919 4487 iam
942 4423 1130 4506 explicatam
1153 4425 1336 4507 perturbare
1357 4432 1452 4508 atque
1473 4423 1628 4507 impedire

265 4515 463 4581 asdebemus.
590 4528 593 4533 ·
1368 4539 1370 4543 ·

386 4612 455 4675 XV.
476 4607 529 4675 36.
557 4614 634 4675 Nam
663 4613 737 4677 illae
766 4613 940 4676 sententies
968 4613 1106 4676 virorum
1136 4613 1380 4677 clarissimorum
1404 4613 1533 4675 minime
1554 4630 1629 4694 pro·

302 4703 424 4769 bendee
446 4713 537 4780 sunt,
559 4725 695 4787 quorum
715 4707 797 4770 alter
816 4706 998 4770 ulteriorem
1013 4705 1148 4770 Galliam
1170 4706 1313 4770 decernit
1333 4725 1405 4769 cum
1427 4705 1527 4789 Syrte,
1549 4704 1629 4768 alter

367 5098 390 5149 4.
409 5099 701 5162 domettcornpotttGE
720 5126 748 5136 -
765 5100 947 5163 adsuefecit&
972 5096 1220 5162 odmtectttlll
1239 5121 1267 5134 -
1288 5100 1313 5148 2.
1333 5097 1478 5162 psutsl’t}
1496 5121 1523 5130 -
1542 5094 1567 5145 3.
1584 5095 1628 5158 [o-

300 5178 366 5224 ccret
382 5174 430 5224 GE
448 5200 475 5210 -
494 5175 548 5236 bes]
566 5176 634 5225 Fort.
653 5189 702 5226 eos.
724 5202 751 5211 -
770 5177 794 5225 a.
813 5181 914 5226 ceterae
930 5179 972 5236 P¹3
997 5181 1110 5226 coemes
1126 5177 1156 5224 pr
1173 5200 1201 5210 -
1222 5175 1247 5224 7.
1266 5173 1334 5238 qne]
1352 5173 1395 5233 qut
1411 5186 1462 5222 noo
1478 5173 1542 5230 om
1562 5173 1626 5222 ilem

301 5260 327 5298 v.
340 5249 364 5298 9.
381 5272 407 5284 -
427 5249 592 5311 doctoriquoe
607 5252 636 5300 ΡΙ
650 5277 677 5287 -
697 5250 737 5299 40.
753 5254 855 5310 poteret
870 5253 914 5301 Ptt
934 5252 1064 5314 dspntooet
1080 5250 1167 5301 P²Gli
1181 5276 1208 5286 -
1228 5249 1268 5299 43.
1287 5253 1363 5298 estse
1379 5251 1412 5299 P:
1431 5252 1489 5298 onte
1505 5247 1583 5297 GEO
1597 5272 1625 5281 —-

301 5322 341 5374 44.
359 5323 563 5386 multituditthec
578 5327 607 5375 Ρι
626 5351 653 5359 -
680 5325 720 5374 46.
736 5324 872 5386 prebuisse
888 5329 907 5377 P
927 5353 954 5363 -
978 5327 1051 5375 ltcent
1066 5328 1096 5376 Ι)ί
1114 5351 1140 5360 -
1159 5324 1239 5374 ellam
1255 5327 1275 5375 P
1294 5351 1320 5358 -
1340 5323 1379 5372 47.
1397 5322 1527 5387 montium]
1544 5323 1628 5371 mont-

300 5405 353 5450 tam
369 5404 410 5460 P¹;
429 5400 553 5450 mattam
569 5401 604 5461 G,
622 5400 756 5450 monotes
771 5400 791 5450 E
810 5426 837 5436 -
857 5400 897 5450 48.
912 5413 998 5462 pesse
1014 5401 1033 5449 P
1052 5425 1080 5435 -
1099 5398 1138 5448 49.
1157 5400 1314 5462 αάειήηρονο
1329 5401 1373 5449 1²¹:
1394 5399 1533 5461 ostrtspsrs
1549 5398 1579 5446 ΡΙ
1597 5422 1624 5432 -

299 5476 340 5526 2⁰.
354 5473 466 5539 acerbes]
484 5487 590 5536 espace
604 5474 758 5539 Nipperdey
774 5475 859 5526 maol.
876 5475 1028 5525 sennense.
1042 5475 1084 5534 111,
1098 5488 1125 5539 p.
1140 5473 1202 5534 444;
1220 5476 1315 5524 mdes
1330 5471 1457 5523 Halmius.
1470 5498 1498 5508 -
1516 5473 1557 5522 at.
1570 5475 1627 5520 sant

300 5563 354 5601 om.
367 5549 424 5600 Gli⁴
436 5573 463 5586 -
480 5551 596 5613 efferrent
611 5552 631 5601 P
651 5576 677 5586 -
695 5550 860 5600 reetrdescsnt
877 5551 904 5599 P¹
923 5574 950 5586 α
969 5550 1011 5599 23.
1026 5548 1085 5612 fidei
1100 5549 1191 5598 eisteti
1206 5550 1271 5600 GE:
1292 5549 1350 5613 fidet
1366 5548 1460 5596 otrtstc
1475 5547 1509 5605 1³3
1527 5545 1624 5603 otrtutt.
1728 5542 1737 5554 '

297 5622 1198 5688 Meto-fiddtcttottP¹-23.qatl³zqctodll;steetm0-
1220 5621 1627 5686 musanell-ibamus

300 5698 390 5748 Pe·
409 5697 631 5759 importatum
649 5723 675 5733 -
693 5699 847 5760 propostam
864 5701 927 5748 G·
945 5698 987 5748 26.
1004 5697 1080 5747 ltbsro
1097 5699 1160 5747 o-
1178 5710 1267 5762 μου
1283 5699 1351 5748 1²¹-
1371 5698 1412 5747 st.
1431 5696 1551 5746 bedec:
1570 5695 1625 5744 tos·

299 5772 418 5823 rcoo-
436 5772 478 5822 29.
495 5772 927 5837 coemento-propostam
946 5798 974 5809 ·-
993 5773 1033 5823 3⁰.
1052 5773 1146 5825 tloel’
1165 5799 1193 5811 ·-
1210 5774 1248 5825 νει·
1266 5787 1299 5837 p.
1317 5773 1626 5834 nonten--sosccpam

299 5845 462 5912 tomarssine
479 5845 643 5900 babetl’-
662 5845 702 5898 33.
720 5848 855 5912 eamdam
871 5849 921 5901 GE
938 5873 966 5886 -
986 5848 1027 5900 at.
1046 5847 1175 5900 decernes
1192 5848 1211 5898 c
1231 5871 1259 5884 -
1277 5847 1319 5900 33.
1336 5847 1498 5900 mininoeP.
