<?xml version="1.0" encoding="UTF-8"?>
<!DOCTYPE html PUBLIC "-//W3C//DTD XHTML 1.0 Transitional//EN"
    "http://www.w3.org/TR/xhtml1/DTD/xhtml1-transitional.dtd">
<html xmlns="http://www.w3.org/1999/xhtml" xml:lang="en" lang="en">
 <head>
  <title>
</title>
<meta http-equiv="Content-Type" content="text/html;charset=utf-8" />
  <meta name='ocr-system' content='tesseract 3.04.00' />
  <meta name='ocr-capabilities' content='ocr_page ocr_carea ocr_par ocr_line ocrx_word'/>
</head>
<body>
  <div class='ocr_page' id='page_1' title='image "./operaquaesupers08halmgoog/operaquaesupers08halmgoog_0304.png"; bbox 0 0 3800 7350; ppageno 0'>
   <div class='ocr_carea' id='block_1_1' title="bbox 312 1143 1211 1211">
    <p class='ocr_par' dir='ltr' id='par_1_1' title="bbox 312 1143 1211 1211">
     <span class='ocr_line' id='line_1_1' title="bbox 312 1143 1211 1211; baseline -0.003 0"><span class='ocrx_word' id='word_1_1' title='bbox 312 1143 394 1211; x_wconf 73' lang='grc'><strong>4046</strong></span> <span class='ocrx_word' id='word_1_2' title='bbox 727 1144 878 1208; x_wconf 82' lang='lat' dir='ltr'>ORATIO</span> <span class='ocrx_word' id='word_1_3' title='bbox 901 1143 979 1208; x_wconf 82' lang='lat' dir='ltr'><strong>PliO</strong></span> <span class='ocrx_word' id='word_1_4' title='bbox 1001 1147 1043 1210; x_wconf 99' lang='grc' dir='ltr'><strong>Μ.</strong></span> <span class='ocrx_word' id='word_1_5' title='bbox 1066 1143 1211 1208; x_wconf 81' lang='lat' dir='ltr'>CAELIO</span> 
     </span>
    </p>
   </div>
   <div class='ocr_carea' id='block_1_2' title="bbox 266 1312 1634 4299">
    <p class='ocr_par' dir='ltr' id='par_1_2' title="bbox 266 1312 1634 4299">
     <span class='ocr_line' id='line_1_2' title="bbox 311 1312 1634 1399; baseline -0.002 -19"><span class='ocrx_word' id='word_1_6' title='bbox 311 1318 441 1399; x_wconf 89' lang='lat' dir='ltr'><strong>piditate</strong></span> <span class='ocrx_word' id='word_1_7' title='bbox 462 1314 626 1387; x_wconf 84' lang='lat' dir='ltr'><strong>vincendi,</strong></span> <span class='ocrx_word' id='word_1_8' title='bbox 647 1314 688 1392; x_wconf 87' lang='lat' dir='ltr'><strong>de</strong></span> <span class='ocrx_word' id='word_1_9' title='bbox 711 1313 824 1376; x_wconf 90' lang='lat' dir='ltr'><strong>ardore</strong></span> <span class='ocrx_word' id='word_1_10' title='bbox 847 1315 961 1378; x_wconf 88' lang='lat' dir='ltr'><strong>mentis</strong></span> <span class='ocrx_word' id='word_1_11' title='bbox 983 1314 1022 1376; x_wconf 90' lang='lat' dir='ltr'><strong>ad</strong></span> <span class='ocrx_word' id='word_1_12' title='bbox 1045 1313 1192 1396; x_wconf 80' lang='lat' dir='ltr'><strong>gloriam:</strong></span> <span class='ocrx_word' id='word_1_13' title='bbox 1214 1332 1295 1396; x_wconf 89' lang='lat' dir='ltr'><strong>quae</strong></span> <span class='ocrx_word' id='word_1_14' title='bbox 1318 1312 1422 1376; x_wconf 88' lang='lat' dir='ltr'><strong>studia</strong></span> <span class='ocrx_word' id='word_1_15' title='bbox 1443 1313 1548 1377; x_wconf 90' lang='lat' dir='ltr'><strong>iubis</strong></span> <span class='ocrx_word' id='word_1_16' title='bbox 1570 1315 1634 1380; x_wconf 88' lang='lat' dir='ltr'><strong>iam</strong></span> 
     </span>
     <span class='ocr_line' id='line_1_3' title="bbox 310 1406 1634 1491; baseline -0.002 -17"><span class='ocrx_word' id='word_1_17' title='bbox 310 1412 462 1474; x_wconf 88' lang='lat' dir='ltr'><strong>aetatibus</strong></span> <span class='ocrx_word' id='word_1_18' title='bbox 483 1409 598 1472; x_wconf 88' lang='lat' dir='ltr'><strong>nostris</strong></span> <span class='ocrx_word' id='word_1_19' title='bbox 620 1409 829 1471; x_wconf 81' lang='lat' dir='ltr'><strong>contractiora</strong></span> <span class='ocrx_word' id='word_1_20' title='bbox 852 1429 921 1470; x_wconf 91' lang='lat' dir='ltr'><strong>esse</strong></span> <span class='ocrx_word' id='word_1_21' title='bbox 943 1407 1075 1481; x_wconf 89' lang='lat' dir='ltr'><strong>debent,</strong></span> <span class='ocrx_word' id='word_1_22' title='bbox 1098 1408 1132 1469; x_wconf 94' lang='lat' dir='ltr'><strong>in</strong></span> <span class='ocrx_word' id='word_1_23' title='bbox 1153 1406 1366 1490; x_wconf 70' lang='lat' dir='ltr'><strong>adolescentia</strong></span> <span class='ocrx_word' id='word_1_24' title='bbox 1380 1425 1455 1470; x_wconf 85' lang='lat' dir='ltr'><strong>vero</strong></span> <span class='ocrx_word' id='word_1_25' title='bbox 1471 1414 1634 1491; x_wconf 82' lang='lat' dir='ltr'><strong>tamqnam</strong></span> 
     </span>
     <span class='ocr_line' id='line_1_4' title="bbox 309 1498 1633 1584; baseline 0 -18"><span class='ocrx_word' id='word_1_26' title='bbox 309 1504 340 1566; x_wconf 94' lang='lat' dir='ltr'><strong>in</strong></span> <span class='ocrx_word' id='word_1_27' title='bbox 364 1505 468 1568; x_wconf 86' lang='lat' dir='ltr'><strong>herbis</strong></span> <span class='ocrx_word' id='word_1_28' title='bbox 491 1501 686 1584; x_wconf 79' lang='lat' dir='ltr'><strong>significant,</strong></span> <span class='ocrx_word' id='word_1_29' title='bbox 709 1520 790 1583; x_wconf 90' lang='lat' dir='ltr'><strong>quae</strong></span> <span class='ocrx_word' id='word_1_30' title='bbox 812 1501 936 1564; x_wconf 85' lang='lat' dir='ltr'><strong>virtutis</strong></span> <span class='ocrx_word' id='word_1_31' title='bbox 960 1502 1121 1565; x_wconf 73' lang='lat' dir='ltr'><strong>maturitas</strong></span> <span class='ocrx_word' id='word_1_32' title='bbox 1137 1508 1169 1563; x_wconf 94' lang='lat' dir='ltr'><strong>et</strong></span> <span class='ocrx_word' id='word_1_33' title='bbox 1183 1508 1319 1584; x_wconf 84' lang='lat' dir='ltr'><strong>quantae</strong></span> <span class='ocrx_word' id='word_1_34' title='bbox 1334 1498 1441 1584; x_wconf 76' lang='lat' dir='ltr'><strong>fruges</strong></span> <span class='ocrx_word' id='word_1_35' title='bbox 1457 1501 1633 1566; x_wconf 83' lang='lat' dir='ltr'><strong>industriae</strong></span> 
     </span>
     <span class='ocr_line' id='line_1_5' title="bbox 309 1594 1634 1680; baseline -0.002 -18"><span class='ocrx_word' id='word_1_36' title='bbox 309 1599 371 1662; x_wconf 90' lang='lat' dir='ltr'><strong>sint</strong></span> <span class='ocrx_word' id='word_1_37' title='bbox 390 1598 524 1661; x_wconf 78' lang='lat' dir='ltr'><strong>futurae.</strong></span> <span class='ocrx_word' id='word_1_38' title='bbox 556 1595 681 1659; x_wconf 84' lang='lat' dir='ltr'><strong>Etenim</strong></span> <span class='ocrx_word' id='word_1_39' title='bbox 704 1614 828 1676; x_wconf 84' lang='lat' dir='ltr'><strong>semper</strong></span> <span class='ocrx_word' id='word_1_40' title='bbox 850 1615 964 1676; x_wconf 81' lang='lat' dir='ltr'><strong>magno</strong></span> <span class='ocrx_word' id='word_1_41' title='bbox 986 1594 1114 1677; x_wconf 80' lang='lat' dir='ltr'><strong>ingenio</strong></span> <span class='ocrx_word' id='word_1_42' title='bbox 1131 1594 1348 1658; x_wconf 87' lang='lat' dir='ltr'><strong>adolescentes</strong></span> <span class='ocrx_word' id='word_1_43' title='bbox 1370 1594 1552 1660; x_wconf 80' lang='lat' dir='ltr'><strong>refrenandi</strong></span> <span class='ocrx_word' id='word_1_44' title='bbox 1568 1611 1634 1680; x_wconf 72' lang='lat' dir='ltr'><strong>po·</strong></span> 
     </span>
     <span class='ocr_line' id='line_1_6' title="bbox 286 1687 1632 1774; baseline 0.003 -25"><span class='ocrx_word' id='word_1_45' title='bbox 286 1693 370 1755; x_wconf 83' lang='lat' dir='ltr'><strong>etius</strong></span> <span class='ocrx_word' id='word_1_46' title='bbox 398 1713 416 1754; x_wconf 91' lang='lat' dir='ltr'><strong>a</strong></span> <span class='ocrx_word' id='word_1_47' title='bbox 445 1691 545 1774; x_wconf 79' lang='lat' dir='ltr'><strong>gloria</strong></span> <span class='ocrx_word' id='word_1_48' title='bbox 566 1710 661 1773; x_wconf 91' lang='lat' dir='ltr'><strong>qnam</strong></span> <span class='ocrx_word' id='word_1_49' title='bbox 685 1688 837 1750; x_wconf 90' lang='lat' dir='ltr'><strong>incitandi</strong></span> <span class='ocrx_word' id='word_1_50' title='bbox 859 1687 1005 1752; x_wconf 81' lang='lat' dir='ltr'><strong>luerunt:</strong></span> <span class='ocrx_word' id='word_1_51' title='bbox 1034 1688 1225 1771; x_wconf 86' lang='lat' dir='ltr'><strong>amputanda</strong></span> <span class='ocrx_word' id='word_1_52' title='bbox 1248 1689 1339 1770; x_wconf 91' lang='lat' dir='ltr'><strong>plura</strong></span> <span class='ocrx_word' id='word_1_53' title='bbox 1361 1695 1436 1754; x_wconf 88' lang='lat' dir='ltr'><strong>sunt</strong></span> <span class='ocrx_word' id='word_1_54' title='bbox 1454 1687 1503 1752; x_wconf 89' lang='lat' dir='ltr'><strong>illi</strong></span> <span class='ocrx_word' id='word_1_55' title='bbox 1524 1690 1632 1765; x_wconf 79' lang='lat' dir='ltr'><strong>aetati,</strong></span> 
     </span>
     <span class='ocr_line' id='line_1_7' title="bbox 309 1780 1633 1869; baseline -0.002 -21"><span class='ocrx_word' id='word_1_56' title='bbox 309 1789 335 1850; x_wconf 92' lang='lat' dir='ltr'><strong>si</strong></span> <span class='ocrx_word' id='word_1_57' title='bbox 364 1786 492 1869; x_wconf 87' lang='lat' dir='ltr'><strong>quidem</strong></span> <span class='ocrx_word' id='word_1_58' title='bbox 521 1782 690 1846; x_wconf 82' lang='lat' dir='ltr'><strong>efflorescit</strong></span> <span class='ocrx_word' id='word_1_59' title='bbox 719 1781 839 1863; x_wconf 80' lang='lat' dir='ltr'><strong>ingenii</strong></span> <span class='ocrx_word' id='word_1_60' title='bbox 870 1781 1035 1856; x_wconf 84' lang='lat' dir='ltr'><strong>laudibus,</strong></span> <span class='ocrx_word' id='word_1_61' title='bbox 1067 1801 1161 1862; x_wconf 86' lang='lat' dir='ltr'><strong>quam</strong></span> <span class='ocrx_word' id='word_1_62' title='bbox 1183 1783 1359 1846; x_wconf 87' lang='lat' dir='ltr'><strong>inserenda.</strong></span> <span class='ocrx_word' id='word_1_63' title='bbox 1401 1780 1453 1844; x_wconf 78' lang='lat'><strong>77.</strong></span> <span class='ocrx_word' id='word_1_64' title='bbox 1476 1782 1583 1858; x_wconf 78' lang='lat' dir='ltr'><strong>Quare</strong></span> <span class='ocrx_word' id='word_1_65' title='bbox 1604 1784 1633 1845; x_wconf 89' lang='lat' dir='ltr'><strong>si</strong></span> 
     </span>
     <span class='ocr_line' id='line_1_8' title="bbox 308 1874 1633 1959; baseline -0.003 -17"><span class='ocrx_word' id='word_1_66' title='bbox 308 1881 357 1942; x_wconf 91' lang='lat' dir='ltr'><strong>cui</strong></span> <span class='ocrx_word' id='word_1_67' title='bbox 379 1881 511 1944; x_wconf 91' lang='lat' dir='ltr'><strong>nimium</strong></span> <span class='ocrx_word' id='word_1_68' title='bbox 532 1877 716 1940; x_wconf 80' lang='lat' dir='ltr'><strong>efferbuisse</strong></span> <span class='ocrx_word' id='word_1_69' title='bbox 737 1874 860 1939; x_wconf 81' lang='lat' dir='ltr'><strong>videtur</strong></span> <span class='ocrx_word' id='word_1_70' title='bbox 886 1875 980 1937; x_wconf 88' lang='lat' dir='ltr'><strong>huius</strong></span> <span class='ocrx_word' id='word_1_71' title='bbox 1001 1874 1052 1936; x_wconf 86' lang='lat' dir='ltr'><strong>rel</strong></span> <span class='ocrx_word' id='word_1_72' title='bbox 1074 1875 1107 1936; x_wconf 93' lang='lat' dir='ltr'><strong>in</strong></span> <span class='ocrx_word' id='word_1_73' title='bbox 1129 1875 1337 1958; x_wconf 84' lang='lat' dir='ltr'><strong>suscipiendis</strong></span> <span class='ocrx_word' id='word_1_74' title='bbox 1360 1875 1409 1938; x_wconf 80' lang='lat' dir='ltr'><strong>rel</strong></span> <span class='ocrx_word' id='word_1_75' title='bbox 1431 1876 1463 1938; x_wconf 92' lang='lat' dir='ltr'><strong>in</strong></span> <span class='ocrx_word' id='word_1_76' title='bbox 1485 1874 1633 1959; x_wconf 71' lang='lat' dir='ltr'><strong>gerendis</strong></span> 
     </span>
     <span class='ocr_line' id='line_1_9' title="bbox 307 1965 1633 2054; baseline -0.003 -19"><span class='ocrx_word' id='word_1_77' title='bbox 307 1974 479 2038; x_wconf 90' lang='lat' dir='ltr'><strong>inimicitiis</strong></span> <span class='ocrx_word' id='word_1_78' title='bbox 501 1973 565 2035; x_wconf 88' lang='lat' dir='ltr'><strong>suis</strong></span> <span class='ocrx_word' id='word_1_79' title='bbox 586 1970 749 2044; x_wconf 83' lang='lat' dir='ltr'><strong>ferocitas,</strong></span> <span class='ocrx_word' id='word_1_80' title='bbox 772 1970 797 2032; x_wconf 93' lang='lat' dir='ltr'><strong>si</strong></span> <span class='ocrx_word' id='word_1_81' title='bbox 821 1988 914 2052; x_wconf 88' lang='lat' dir='ltr'><strong>quem</strong></span> <span class='ocrx_word' id='word_1_82' title='bbox 937 1968 1030 2030; x_wconf 91' lang='lat' dir='ltr'><strong>etiam</strong></span> <span class='ocrx_word' id='word_1_83' title='bbox 1051 1967 1251 2032; x_wconf 91' lang='lat' dir='ltr'><strong>minimorum</strong></span> <span class='ocrx_word' id='word_1_84' title='bbox 1265 1969 1376 2032; x_wconf 92' lang='lat' dir='ltr'><strong>borum</strong></span> <span class='ocrx_word' id='word_1_85' title='bbox 1392 1967 1516 2054; x_wconf 88' lang='lat' dir='ltr'><strong>aliquid</strong></span> <span class='ocrx_word' id='word_1_86' title='bbox 1532 1965 1633 2032; x_wconf 86' lang='lat' dir='ltr'><strong>olien-</strong></span> 
     </span>
     <span class='ocr_line' id='line_1_10' title="bbox 308 2061 1630 2148; baseline 0 -21"><span class='ocrx_word' id='word_1_87' title='bbox 308 2066 370 2140; x_wconf 91' lang='lat' dir='ltr'><strong>dit,</strong></span> <span class='ocrx_word' id='word_1_88' title='bbox 392 2068 419 2130; x_wconf 93' lang='lat' dir='ltr'><strong>si</strong></span> <span class='ocrx_word' id='word_1_89' title='bbox 440 2085 597 2148; x_wconf 90' lang='lat' dir='ltr'><strong>purpurae</strong></span> <span class='ocrx_word' id='word_1_90' title='bbox 620 2084 737 2146; x_wconf 80' lang='lat' dir='ltr'><strong>genus,</strong></span> <span class='ocrx_word' id='word_1_91' title='bbox 759 2064 786 2126; x_wconf 89' lang='lat' dir='ltr'><strong>si</strong></span> <span class='ocrx_word' id='word_1_92' title='bbox 808 2063 982 2125; x_wconf 91' lang='lat' dir='ltr'><strong>amicorum</strong></span> <span class='ocrx_word' id='word_1_93' title='bbox 1005 2069 1158 2134; x_wconf 85' lang='lat' dir='ltr'><strong>catervae,</strong></span> <span class='ocrx_word' id='word_1_94' title='bbox 1181 2062 1208 2123; x_wconf 93' lang='lat' dir='ltr'><strong>si</strong></span> <span class='ocrx_word' id='word_1_95' title='bbox 1225 2061 1387 2145; x_wconf 84' lang='lat' dir='ltr'><strong>splendor,</strong></span> <span class='ocrx_word' id='word_1_96' title='bbox 1409 2063 1436 2124; x_wconf 91' lang='lat' dir='ltr'><strong>si</strong></span> <span class='ocrx_word' id='word_1_97' title='bbox 1451 2063 1545 2136; x_wconf 91' lang='lat' dir='ltr'><strong>nitor,</strong></span> <span class='ocrx_word' id='word_1_98' title='bbox 1567 2063 1630 2127; x_wconf 88' lang='lat' dir='ltr'><strong>iarn</strong></span> 
     </span>
     <span class='ocr_line' id='line_1_11' title="bbox 271 2154 1515 2238; baseline 0.004 -23"><span class='ocrx_word' id='word_1_99' title='bbox 271 2159 367 2222; x_wconf 85' lang='lat' dir='ltr'><strong>roista</strong></span> <span class='ocrx_word' id='word_1_100' title='bbox 389 2159 619 2231; x_wconf 82' lang='lat' dir='ltr'><strong>deferbuerint,</strong></span> <span class='ocrx_word' id='word_1_101' title='bbox 641 2159 702 2221; x_wconf 92' lang='lat' dir='ltr'><strong>iam</strong></span> <span class='ocrx_word' id='word_1_102' title='bbox 724 2164 811 2220; x_wconf 86' lang='lat' dir='ltr'><strong>aetas</strong></span> <span class='ocrx_word' id='word_1_103' title='bbox 833 2157 955 2230; x_wconf 91' lang='lat' dir='ltr'><strong>omnia,</strong></span> <span class='ocrx_word' id='word_1_104' title='bbox 978 2156 1039 2217; x_wconf 90' lang='lat' dir='ltr'><strong>iam</strong></span> <span class='ocrx_word' id='word_1_105' title='bbox 1062 2175 1154 2229; x_wconf 88' lang='lat' dir='ltr'><strong>usus,</strong></span> <span class='ocrx_word' id='word_1_106' title='bbox 1177 2155 1239 2217; x_wconf 91' lang='lat' dir='ltr'><strong>iam</strong></span> <span class='ocrx_word' id='word_1_107' title='bbox 1263 2154 1332 2217; x_wconf 86' lang='lat' dir='ltr'><strong>dies</strong></span> <span class='ocrx_word' id='word_1_108' title='bbox 1355 2155 1515 2238; x_wconf 79' lang='lat' dir='ltr'><strong>mitigarit.</strong></span> 
     </span>
     <span class='ocr_line' id='line_1_12' title="bbox 391 2246 1632 2333; baseline -0.001 -19"><span class='ocrx_word' id='word_1_109' title='bbox 391 2252 522 2314; x_wconf 83' lang='lat' dir='ltr'><strong>xxxii.</strong></span> <span class='ocrx_word' id='word_1_110' title='bbox 546 2251 735 2313; x_wconf 88' lang='lat' dir='ltr'><strong>Conservate</strong></span> <span class='ocrx_word' id='word_1_111' title='bbox 758 2250 853 2333; x_wconf 77' lang='lat' dir='ltr'><strong>igitur</strong></span> <span class='ocrx_word' id='word_1_112' title='bbox 873 2250 919 2312; x_wconf 90' lang='lat' dir='ltr'><strong>rei</strong></span> <span class='ocrx_word' id='word_1_113' title='bbox 942 2249 1103 2330; x_wconf 88' lang='lat' dir='ltr'><strong>publicae,</strong></span> <span class='ocrx_word' id='word_1_114' title='bbox 1125 2246 1265 2322; x_wconf 88' lang='lat' dir='ltr'><strong>iudices,</strong></span> <span class='ocrx_word' id='word_1_115' title='bbox 1288 2250 1387 2311; x_wconf 91' lang='lat' dir='ltr'><strong>civem</strong></span> <span class='ocrx_word' id='word_1_116' title='bbox 1407 2250 1562 2313; x_wconf 86' lang='lat' dir='ltr'><strong>bonarum</strong></span> <span class='ocrx_word' id='word_1_117' title='bbox 1582 2269 1632 2312; x_wconf 91' lang='lat' dir='ltr'><strong>ar·</strong></span> 
     </span>
     <span class='ocr_line' id='line_1_13' title="bbox 308 2342 1630 2424; baseline -0.005 -14"><span class='ocrx_word' id='word_1_118' title='bbox 308 2347 403 2420; x_wconf 88' lang='lat' dir='ltr'><strong>tium,</strong></span> <span class='ocrx_word' id='word_1_119' title='bbox 432 2346 583 2407; x_wconf 91' lang='lat' dir='ltr'><strong>bonarum</strong></span> <span class='ocrx_word' id='word_1_120' title='bbox 614 2344 768 2424; x_wconf 89' lang='lat' dir='ltr'><strong>partium,</strong></span> <span class='ocrx_word' id='word_1_121' title='bbox 797 2343 953 2405; x_wconf 92' lang='lat' dir='ltr'><strong>bonorum</strong></span> <span class='ocrx_word' id='word_1_122' title='bbox 977 2342 1125 2404; x_wconf 90' lang='lat' dir='ltr'><strong>virorum.</strong></span> <span class='ocrx_word' id='word_1_123' title='bbox 1164 2342 1314 2404; x_wconf 88' lang='lat' dir='ltr'><strong>Promitto</strong></span> <span class='ocrx_word' id='word_1_124' title='bbox 1336 2342 1398 2403; x_wconf 89' lang='lat' dir='ltr'><strong>boc</strong></span> <span class='ocrx_word' id='word_1_125' title='bbox 1420 2342 1509 2405; x_wconf 87' lang='lat' dir='ltr'><strong>vobis</strong></span> <span class='ocrx_word' id='word_1_126' title='bbox 1532 2350 1564 2405; x_wconf 92' lang='lat' dir='ltr'><strong>et</strong></span> <span class='ocrx_word' id='word_1_127' title='bbox 1585 2344 1630 2406; x_wconf 88' lang='lat' dir='ltr'><strong>rei</strong></span> 
     </span>
     <span class='ocr_line' id='line_1_14' title="bbox 307 2434 1631 2525; baseline -0.004 -21"><span class='ocrx_word' id='word_1_128' title='bbox 307 2441 453 2525; x_wconf 88' lang='lat' dir='ltr'><strong>publicae</strong></span> <span class='ocrx_word' id='word_1_129' title='bbox 481 2437 639 2519; x_wconf 86' lang='lat' dir='ltr'><strong>spondeo,</strong></span> <span class='ocrx_word' id='word_1_130' title='bbox 670 2436 695 2498; x_wconf 90' lang='lat' dir='ltr'><strong>si</strong></span> <span class='ocrx_word' id='word_1_131' title='bbox 719 2437 813 2499; x_wconf 88' lang='lat' dir='ltr'><strong>modo</strong></span> <span class='ocrx_word' id='word_1_132' title='bbox 835 2457 893 2499; x_wconf 93' lang='lat' dir='ltr'><strong>nos</strong></span> <span class='ocrx_word' id='word_1_133' title='bbox 918 2437 979 2517; x_wconf 89' lang='lat' dir='ltr'><strong>ipsi</strong></span> <span class='ocrx_word' id='word_1_134' title='bbox 1004 2436 1049 2497; x_wconf 92' lang='lat' dir='ltr'><strong>rei</strong></span> <span class='ocrx_word' id='word_1_135' title='bbox 1079 2435 1225 2516; x_wconf 88' lang='lat' dir='ltr'><strong>publicae</strong></span> <span class='ocrx_word' id='word_1_136' title='bbox 1257 2437 1332 2498; x_wconf 89' lang='lat' dir='ltr'><strong>satis</strong></span> <span class='ocrx_word' id='word_1_137' title='bbox 1360 2434 1513 2512; x_wconf 82' lang='lat' dir='ltr'><strong>lecimus,</strong></span> <span class='ocrx_word' id='word_1_138' title='bbox 1540 2457 1631 2508; x_wconf 89' lang='lat' dir='ltr'><strong>nnm-</strong></span> 
     </span>
     <span class='ocr_line' id='line_1_15' title="bbox 307 2527 1630 2618; baseline -0.001 -22"><span class='ocrx_word' id='word_1_139' title='bbox 307 2555 401 2618; x_wconf 91' lang='lat' dir='ltr'><strong>quam</strong></span> <span class='ocrx_word' id='word_1_140' title='bbox 423 2532 508 2597; x_wconf 89' lang='lat' dir='ltr'><strong>hunc</strong></span> <span class='ocrx_word' id='word_1_141' title='bbox 529 2551 549 2594; x_wconf 93' lang='lat' dir='ltr'><strong>a</strong></span> <span class='ocrx_word' id='word_1_142' title='bbox 570 2529 686 2592; x_wconf 91' lang='lat' dir='ltr'><strong>nostris</strong></span> <span class='ocrx_word' id='word_1_143' title='bbox 708 2529 884 2593; x_wconf 90' lang='lat' dir='ltr'><strong>rationibus</strong></span> <span class='ocrx_word' id='word_1_144' title='bbox 906 2531 1082 2593; x_wconf 89' lang='lat' dir='ltr'><strong>seiunctum</strong></span> <span class='ocrx_word' id='word_1_145' title='bbox 1103 2528 1182 2590; x_wconf 84' lang='lat' dir='ltr'><strong>fore.</strong></span> <span class='ocrx_word' id='word_1_146' title='bbox 1217 2527 1310 2603; x_wconf 88' lang='lat' dir='ltr'><strong>Quod</strong></span> <span class='ocrx_word' id='word_1_147' title='bbox 1325 2549 1395 2591; x_wconf 92' lang='lat' dir='ltr'><strong>cum</strong></span> <span class='ocrx_word' id='word_1_148' title='bbox 1409 2528 1510 2593; x_wconf 78' lang='lat' dir='ltr'><strong>fretus</strong></span> <span class='ocrx_word' id='word_1_149' title='bbox 1523 2538 1630 2595; x_wconf 87' lang='lat' dir='ltr'><strong>nostra</strong></span> 
     </span>
     <span class='ocr_line' id='line_1_16' title="bbox 270 2621 1630 2707; baseline 0.002 -23"><span class='ocrx_word' id='word_1_150' title='bbox 270 2626 515 2690; x_wconf 83' lang='lat' dir='ltr'><strong>teiamiliaritate</strong></span> <span class='ocrx_word' id='word_1_151' title='bbox 538 2623 694 2707; x_wconf 90' lang='lat' dir='ltr'><strong>promitto,</strong></span> <span class='ocrx_word' id='word_1_152' title='bbox 716 2632 783 2686; x_wconf 88' lang='lat' dir='ltr'><strong>turn</strong></span> <span class='ocrx_word' id='word_1_153' title='bbox 804 2621 890 2707; x_wconf 87' lang='lat' dir='ltr'><strong>quod</strong></span> <span class='ocrx_word' id='word_1_154' title='bbox 907 2622 1083 2685; x_wconf 89' lang='lat' dir='ltr'><strong>durissimis</strong></span> <span class='ocrx_word' id='word_1_155' title='bbox 1105 2642 1139 2684; x_wconf 92' lang='lat' dir='ltr'><strong>se</strong></span> <span class='ocrx_word' id='word_1_156' title='bbox 1160 2623 1229 2705; x_wconf 88' lang='lat' dir='ltr'><strong>ipsc</strong></span> <span class='ocrx_word' id='word_1_157' title='bbox 1252 2621 1374 2705; x_wconf 81' lang='lat' dir='ltr'><strong>legibus</strong></span> <span class='ocrx_word' id='word_1_158' title='bbox 1393 2623 1455 2685; x_wconf 89' lang='lat' dir='ltr'><strong>iam</strong></span> <span class='ocrx_word' id='word_1_159' title='bbox 1470 2623 1630 2706; x_wconf 79' lang='lat' dir='ltr'><strong>obligavit.</strong></span> 
     </span>
     <span class='ocr_line' id='line_1_17' title="bbox 306 2715 1631 2799; baseline -0.002 -16"><span class='ocrx_word' id='word_1_160' title='bbox 306 2718 357 2783; x_wconf 80' lang='lat'><strong>78.</strong></span> <span class='ocrx_word' id='word_1_161' title='bbox 379 2722 450 2783; x_wconf 89' lang='lat' dir='ltr'><strong>Non</strong></span> <span class='ocrx_word' id='word_1_162' title='bbox 473 2718 557 2780; x_wconf 89' lang='lat' dir='ltr'><strong>enim</strong></span> <span class='ocrx_word' id='word_1_163' title='bbox 579 2722 700 2797; x_wconf 86' lang='lat' dir='ltr'><strong>potest,</strong></span> <span class='ocrx_word' id='word_1_164' title='bbox 723 2716 778 2799; x_wconf 89' lang='lat' dir='ltr'><strong>qui</strong></span> <span class='ocrx_word' id='word_1_165' title='bbox 798 2715 959 2780; x_wconf 88' lang='lat' dir='ltr'><strong>hominem</strong></span> <span class='ocrx_word' id='word_1_166' title='bbox 981 2715 1195 2789; x_wconf 88' lang='lat' dir='ltr'><strong>consularem,</strong></span> <span class='ocrx_word' id='word_1_167' title='bbox 1219 2716 1304 2798; x_wconf 89' lang='lat' dir='ltr'><strong>quod</strong></span> <span class='ocrx_word' id='word_1_168' title='bbox 1322 2715 1362 2778; x_wconf 92' lang='lat' dir='ltr'><strong>ab</strong></span> <span class='ocrx_word' id='word_1_169' title='bbox 1378 2735 1416 2779; x_wconf 90' lang='lat' dir='ltr'><strong>eo</strong></span> <span class='ocrx_word' id='word_1_170' title='bbox 1439 2737 1506 2780; x_wconf 90' lang='lat' dir='ltr'><strong>rem</strong></span> <span class='ocrx_word' id='word_1_171' title='bbox 1526 2716 1631 2799; x_wconf 90' lang='lat' dir='ltr'><strong>publi-</strong></span> 
     </span>
     <span class='ocr_line' id='line_1_18' title="bbox 306 2808 1630 2893; baseline -0.005 -14"><span class='ocrx_word' id='word_1_172' title='bbox 306 2835 374 2878; x_wconf 86' lang='lat' dir='ltr'><strong>cam</strong></span> <span class='ocrx_word' id='word_1_173' title='bbox 396 2813 545 2879; x_wconf 86' lang='lat' dir='ltr'><strong>riolatam</strong></span> <span class='ocrx_word' id='word_1_174' title='bbox 567 2809 706 2884; x_wconf 89' lang='lat' dir='ltr'><strong>diceret,</strong></span> <span class='ocrx_word' id='word_1_175' title='bbox 728 2810 760 2872; x_wconf 92' lang='lat' dir='ltr'><strong>in</strong></span> <span class='ocrx_word' id='word_1_176' title='bbox 781 2810 932 2873; x_wconf 92' lang='lat' dir='ltr'><strong>iudicium</strong></span> <span class='ocrx_word' id='word_1_177' title='bbox 954 2809 1091 2882; x_wconf 86' lang='lat' dir='ltr'><strong>vocarit,</strong></span> <span class='ocrx_word' id='word_1_178' title='bbox 1112 2810 1182 2891; x_wconf 89' lang='lat' dir='ltr'><strong>ipsc</strong></span> <span class='ocrx_word' id='word_1_179' title='bbox 1204 2828 1274 2871; x_wconf 92' lang='lat' dir='ltr'><strong>esse</strong></span> <span class='ocrx_word' id='word_1_180' title='bbox 1297 2808 1331 2871; x_wconf 93' lang='lat' dir='ltr'><strong>in</strong></span> <span class='ocrx_word' id='word_1_181' title='bbox 1352 2828 1386 2872; x_wconf 91' lang='lat' dir='ltr'><strong>re</strong></span> <span class='ocrx_word' id='word_1_182' title='bbox 1409 2811 1534 2893; x_wconf 88' lang='lat' dir='ltr'><strong>publica</strong></span> <span class='ocrx_word' id='word_1_183' title='bbox 1553 2810 1630 2873; x_wconf 83' lang='lat' dir='ltr'><strong>civis</strong></span> 
     </span>
     <span class='ocr_line' id='line_1_19' title="bbox 306 2901 1629 2986; baseline -0.005 -12"><span class='ocrx_word' id='word_1_184' title='bbox 306 2909 521 2974; x_wconf 85' lang='lat' dir='ltr'><strong>turbulentus:</strong></span> <span class='ocrx_word' id='word_1_185' title='bbox 543 2923 608 2967; x_wconf 91' lang='lat' dir='ltr'><strong>non</strong></span> <span class='ocrx_word' id='word_1_186' title='bbox 630 2911 749 2985; x_wconf 88' lang='lat' dir='ltr'><strong>potest,</strong></span> <span class='ocrx_word' id='word_1_187' title='bbox 772 2903 827 2986; x_wconf 94' lang='lat' dir='ltr'><strong>qui</strong></span> <span class='ocrx_word' id='word_1_188' title='bbox 849 2902 968 2966; x_wconf 90' lang='lat' dir='ltr'><strong>ambitu</strong></span> <span class='ocrx_word' id='word_1_189' title='bbox 990 2922 1030 2964; x_wconf 89' lang='lat' dir='ltr'><strong>ne</strong></span> <span class='ocrx_word' id='word_1_190' title='bbox 1052 2903 1231 2966; x_wconf 90' lang='lat' dir='ltr'><strong>absolutum</strong></span> <span class='ocrx_word' id='word_1_191' title='bbox 1251 2901 1380 2986; x_wconf 92' lang='lat' dir='ltr'><strong>quidem</strong></span> <span class='ocrx_word' id='word_1_192' title='bbox 1402 2904 1539 2985; x_wconf 87' lang='lat' dir='ltr'><strong>patiatur</strong></span> <span class='ocrx_word' id='word_1_193' title='bbox 1559 2923 1629 2967; x_wconf 87' lang='lat' dir='ltr'><strong>esse</strong></span> 
     </span>
     <span class='ocr_line' id='line_1_20' title="bbox 305 2994 1629 3079; baseline -0.006 -11"><span class='ocrx_word' id='word_1_194' title='bbox 305 3003 500 3074; x_wconf 91' lang='lat' dir='ltr'><strong>absolutum,</strong></span> <span class='ocrx_word' id='word_1_195' title='bbox 532 2998 601 3079; x_wconf 89' lang='lat' dir='ltr'><strong>ipse</strong></span> <span class='ocrx_word' id='word_1_196' title='bbox 627 2998 756 3077; x_wconf 89' lang='lat' dir='ltr'><strong>impune</strong></span> <span class='ocrx_word' id='word_1_197' title='bbox 778 3016 927 3079; x_wconf 89' lang='lat' dir='ltr'><strong>umquam</strong></span> <span class='ocrx_word' id='word_1_198' title='bbox 949 3015 1019 3058; x_wconf 88' lang='lat' dir='ltr'><strong>esse</strong></span> <span class='ocrx_word' id='word_1_199' title='bbox 1041 2996 1182 3078; x_wconf 76' lang='lat' dir='ltr'><strong>largitor.</strong></span> <span class='ocrx_word' id='word_1_200' title='bbox 1222 2994 1325 3058; x_wconf 91' lang='lat' dir='ltr'><strong>llabet</strong></span> <span class='ocrx_word' id='word_1_201' title='bbox 1346 3016 1366 3058; x_wconf 88' lang='lat' dir='ltr'><strong>a</strong></span> <span class='ocrx_word' id='word_1_202' title='bbox 1386 2998 1428 3058; x_wconf 89' lang='grc' dir='ltr'><strong>Μ.</strong></span> <span class='ocrx_word' id='word_1_203' title='bbox 1452 2996 1557 3060; x_wconf 82' lang='lat' dir='ltr'><strong>Caelio</strong></span> <span class='ocrx_word' id='word_1_204' title='bbox 1579 3016 1629 3060; x_wconf 86' lang='lat' dir='ltr'><strong>res</strong></span> 
     </span>
     <span class='ocr_line' id='line_1_21' title="bbox 267 3089 1630 3182; baseline 0 -27"><span class='ocrx_word' id='word_1_205' title='bbox 267 3097 447 3182; x_wconf 77' lang='lat' dir='ltr'><strong>aopnblica,</strong></span> <span class='ocrx_word' id='word_1_206' title='bbox 469 3091 605 3164; x_wconf 87' lang='lat' dir='ltr'><strong>iudices,</strong></span> <span class='ocrx_word' id='word_1_207' title='bbox 628 3091 706 3154; x_wconf 90' lang='lat' dir='ltr'><strong>duas</strong></span> <span class='ocrx_word' id='word_1_208' title='bbox 728 3090 944 3154; x_wconf 84' lang='lat' dir='ltr'><strong>accusationes</strong></span> <span class='ocrx_word' id='word_1_209' title='bbox 967 3089 1018 3153; x_wconf 85' lang='lat' dir='ltr'><strong>vel</strong></span> <span class='ocrx_word' id='word_1_210' title='bbox 1040 3089 1167 3156; x_wconf 83' lang='lat' dir='ltr'><strong>obsides</strong></span> <span class='ocrx_word' id='word_1_211' title='bbox 1196 3089 1327 3173; x_wconf 87' lang='lat' dir='ltr'><strong>periculi</strong></span> <span class='ocrx_word' id='word_1_212' title='bbox 1349 3089 1400 3152; x_wconf 86' lang='lat' dir='ltr'><strong>rel</strong></span> <span class='ocrx_word' id='word_1_213' title='bbox 1422 3092 1556 3174; x_wconf 80' lang='lat' dir='ltr'><strong>pignora</strong></span> <span class='ocrx_word' id='word_1_214' title='bbox 1576 3112 1630 3156; x_wconf 85' lang='lat' dir='ltr'><strong>ro·</strong></span> 
     </span>
     <span class='ocr_line' id='line_1_22' title="bbox 305 3183 1629 3272; baseline -0.003 -19"><span class='ocrx_word' id='word_1_215' title='bbox 305 3191 444 3255; x_wconf 86' lang='lat' dir='ltr'><strong>luntatis.</strong></span> <span class='ocrx_word' id='word_1_216' title='bbox 480 3186 585 3262; x_wconf 88' lang='lat' dir='ltr'><strong>Quare</strong></span> <span class='ocrx_word' id='word_1_217' title='bbox 607 3205 663 3248; x_wconf 94' lang='lat' dir='ltr'><strong>oro</strong></span> <span class='ocrx_word' id='word_1_218' title='bbox 686 3185 892 3272; x_wconf 81' lang='lat' dir='ltr'><strong>obtestorque</strong></span> <span class='ocrx_word' id='word_1_219' title='bbox 915 3203 989 3258; x_wconf 88' lang='lat' dir='ltr'><strong>vos,</strong></span> <span class='ocrx_word' id='word_1_220' title='bbox 1015 3183 1154 3258; x_wconf 90' lang='lat' dir='ltr'><strong>iudices,</strong></span> <span class='ocrx_word' id='word_1_221' title='bbox 1175 3190 1211 3245; x_wconf 90' lang='lat' dir='ltr'><strong>ut</strong></span> <span class='ocrx_word' id='word_1_222' title='bbox 1232 3184 1349 3268; x_wconf 77' lang='lat' dir='ltr'><strong>quain</strong></span> <span class='ocrx_word' id='word_1_223' title='bbox 1371 3184 1497 3248; x_wconf 87' lang='lat' dir='ltr'><strong>civitate</strong></span> <span class='ocrx_word' id='word_1_224' title='bbox 1517 3186 1629 3268; x_wconf 84' lang='lat' dir='ltr'><strong>paneis</strong></span> 
     </span>
     <span class='ocr_line' id='line_1_23' title="bbox 304 3276 1629 3359; baseline -0.004 -11"><span class='ocrx_word' id='word_1_225' title='bbox 304 3283 487 3349; x_wconf 89' lang='lat' dir='ltr'><strong>hisdiebus</strong></span> <span class='ocrx_word' id='word_1_226' title='bbox 511 3280 584 3342; x_wconf 86' lang='lat' dir='ltr'><strong>Sex.</strong></span> <span class='ocrx_word' id='word_1_227' title='bbox 608 3277 737 3342; x_wconf 90' lang='lat' dir='ltr'><strong>Clodius</strong></span> <span class='ocrx_word' id='word_1_228' title='bbox 759 3277 922 3341; x_wconf 89' lang='lat' dir='ltr'><strong>absolutus</strong></span> <span class='ocrx_word' id='word_1_229' title='bbox 945 3276 1001 3348; x_wconf 89' lang='lat' dir='ltr'><strong>sit,</strong></span> <span class='ocrx_word' id='word_1_230' title='bbox 1031 3297 1124 3359; x_wconf 90' lang='lat' dir='ltr'><strong>quem</strong></span> <span class='ocrx_word' id='word_1_231' title='bbox 1148 3296 1204 3338; x_wconf 84' lang='lat' dir='ltr'><strong>vos</strong></span> <span class='ocrx_word' id='word_1_232' title='bbox 1234 3296 1290 3359; x_wconf 91' lang='lat' dir='ltr'><strong>per</strong></span> <span class='ocrx_word' id='word_1_233' title='bbox 1311 3276 1475 3340; x_wconf 89' lang='lat' dir='ltr'><strong>biennium</strong></span> <span class='ocrx_word' id='word_1_234' title='bbox 1495 3285 1551 3342; x_wconf 83' lang='lat' dir='ltr'><strong>aut</strong></span> <span class='ocrx_word' id='word_1_235' title='bbox 1571 3277 1629 3343; x_wconf 85' lang='lat' dir='ltr'><strong>mi·</strong></span> 
     </span>
     <span class='ocr_line' id='line_1_24' title="bbox 304 3368 1629 3454; baseline -0.005 -11"><span class='ocrx_word' id='word_1_236' title='bbox 304 3380 437 3442; x_wconf 92' lang='lat' dir='ltr'><strong>nistrnm</strong></span> <span class='ocrx_word' id='word_1_237' title='bbox 464 3373 628 3437; x_wconf 90' lang='lat' dir='ltr'><strong>seditionis</strong></span> <span class='ocrx_word' id='word_1_238' title='bbox 655 3380 711 3435; x_wconf 93' lang='lat' dir='ltr'><strong>aut</strong></span> <span class='ocrx_word' id='word_1_239' title='bbox 739 3372 850 3434; x_wconf 88' lang='lat' dir='ltr'><strong>ducem</strong></span> <span class='ocrx_word' id='word_1_240' title='bbox 882 3368 1022 3441; x_wconf 83' lang='lat' dir='ltr'><strong>vidistis,</strong></span> <span class='ocrx_word' id='word_1_241' title='bbox 1057 3371 1111 3454; x_wconf 90' lang='lat' dir='ltr'><strong>qui</strong></span> <span class='ocrx_word' id='word_1_242' title='bbox 1138 3370 1233 3432; x_wconf 85' lang='lat' dir='ltr'><strong>aedes</strong></span> <span class='ocrx_word' id='word_1_243' title='bbox 1262 3390 1382 3444; x_wconf 88' lang='lat' dir='ltr'><strong>sacras,</strong></span> <span class='ocrx_word' id='word_1_244' title='bbox 1412 3371 1468 3453; x_wconf 92' lang='lat' dir='ltr'><strong>qui</strong></span> <span class='ocrx_word' id='word_1_245' title='bbox 1499 3392 1629 3436; x_wconf 88' lang='lat' dir='ltr'><strong>censum</strong></span> 
     </span>
     <span class='ocr_line' id='line_1_25' title="bbox 304 3461 1628 3555; baseline -0.004 -20"><span class='ocrx_word' id='word_1_246' title='bbox 304 3471 412 3555; x_wconf 93' lang='lat' dir='ltr'><strong>populi</strong></span> <span class='ocrx_word' id='word_1_247' title='bbox 434 3466 582 3539; x_wconf 87' lang='lat' dir='ltr'><strong>Romani,</strong></span> <span class='ocrx_word' id='word_1_248' title='bbox 605 3466 659 3546; x_wconf 89' lang='lat' dir='ltr'><strong>qui</strong></span> <span class='ocrx_word' id='word_1_249' title='bbox 683 3464 864 3540; x_wconf 87' lang='lat' dir='ltr'><strong>memoriam</strong></span> <span class='ocrx_word' id='word_1_250' title='bbox 879 3461 1035 3544; x_wconf 81' lang='lat' dir='ltr'><strong>publicam</strong></span> <span class='ocrx_word' id='word_1_251' title='bbox 1051 3463 1117 3526; x_wconf 90' lang='lat' dir='ltr'><strong>suis</strong></span> <span class='ocrx_word' id='word_1_252' title='bbox 1133 3464 1278 3526; x_wconf 91' lang='lat' dir='ltr'><strong>manibus</strong></span> <span class='ocrx_word' id='word_1_253' title='bbox 1294 3462 1446 3540; x_wconf 91' lang='lat' dir='ltr'><strong>incendit,</strong></span> <span class='ocrx_word' id='word_1_254' title='bbox 1467 3465 1628 3530; x_wconf 83' lang='lat' dir='ltr'><strong>bominem</strong></span> 
     </span>
     <span class='ocr_line' id='line_1_26' title="bbox 266 3556 1627 3641; baseline -0.004 -18"><span class='ocrx_word' id='word_1_255' title='bbox 266 3564 373 3627; x_wconf 76' lang='lat' dir='ltr'><strong>sosine</strong></span> <span class='ocrx_word' id='word_1_256' title='bbox 395 3583 447 3636; x_wconf 91' lang='lat' dir='ltr'><strong>re,</strong></span> <span class='ocrx_word' id='word_1_257' title='bbox 469 3559 539 3622; x_wconf 89' lang='lat' dir='ltr'><strong>sine</strong></span> <span class='ocrx_word' id='word_1_258' title='bbox 560 3557 640 3631; x_wconf 89' lang='lat' dir='ltr'><strong>lide,</strong></span> <span class='ocrx_word' id='word_1_259' title='bbox 663 3559 731 3622; x_wconf 91' lang='lat' dir='ltr'><strong>sine</strong></span> <span class='ocrx_word' id='word_1_260' title='bbox 746 3579 820 3640; x_wconf 90' lang='lat' dir='ltr'><strong>spe,</strong></span> <span class='ocrx_word' id='word_1_261' title='bbox 844 3559 912 3620; x_wconf 90' lang='lat' dir='ltr'><strong>sine</strong></span> <span class='ocrx_word' id='word_1_262' title='bbox 926 3556 1015 3630; x_wconf 88' lang='lat' dir='ltr'><strong>sede,</strong></span> <span class='ocrx_word' id='word_1_263' title='bbox 1038 3557 1106 3619; x_wconf 91' lang='lat' dir='ltr'><strong>sine</strong></span> <span class='ocrx_word' id='word_1_264' title='bbox 1128 3557 1273 3631; x_wconf 84' lang='lat' dir='ltr'><strong>fortunis,</strong></span> <span class='ocrx_word' id='word_1_265' title='bbox 1296 3577 1361 3630; x_wconf 86' lang='lat' dir='ltr'><strong>ore,</strong></span> <span class='ocrx_word' id='word_1_266' title='bbox 1382 3557 1500 3641; x_wconf 75' lang='lat' dir='ltr'><strong>lingua,</strong></span> <span class='ocrx_word' id='word_1_267' title='bbox 1522 3580 1627 3635; x_wconf 80' lang='lat' dir='ltr'><strong>manu,</strong></span> 
     </span>
     <span class='ocr_line' id='line_1_27' title="bbox 303 3647 1628 3737; baseline -0.002 -15"><span class='ocrx_word' id='word_1_268' title='bbox 303 3658 367 3722; x_wconf 82' lang='lat' dir='ltr'><strong>viu</strong></span> <span class='ocrx_word' id='word_1_269' title='bbox 397 3655 482 3719; x_wconf 90' lang='lat' dir='ltr'><strong>omni</strong></span> <span class='ocrx_word' id='word_1_270' title='bbox 508 3653 725 3737; x_wconf 69' lang='lat' dir='ltr'><strong>inquinatum</strong></span> <span class='ocrx_word' id='word_1_271' title='bbox 756 3654 811 3736; x_wconf 91' lang='lat' dir='ltr'><strong>qui</strong></span> <span class='ocrx_word' id='word_1_272' title='bbox 836 3651 938 3715; x_wconf 83' lang='lat' dir='ltr'><strong>Catuli</strong></span> <span class='ocrx_word' id='word_1_273' title='bbox 961 3660 1197 3717; x_wconf 86' lang='lat' dir='ltr'><strong>monumentum</strong></span> <span class='ocrx_word' id='word_1_274' title='bbox 1218 3647 1346 3726; x_wconf 78' lang='lat' dir='ltr'><strong>afflixit,</strong></span> <span class='ocrx_word' id='word_1_275' title='bbox 1376 3673 1477 3716; x_wconf 90' lang='lat' dir='ltr'><strong>meam</strong></span> <span class='ocrx_word' id='word_1_276' title='bbox 1499 3652 1628 3719; x_wconf 88' lang='lat' dir='ltr'><strong>domum</strong></span> 
     </span>
     <span class='ocr_line' id='line_1_28' title="bbox 304 3745 1628 3830; baseline -0.001 -18"><span class='ocrx_word' id='word_1_277' title='bbox 304 3751 414 3824; x_wconf 90' lang='lat' dir='ltr'><strong>diruit,</strong></span> <span class='ocrx_word' id='word_1_278' title='bbox 435 3749 497 3812; x_wconf 86' lang='lat' dir='ltr'><strong>mci</strong></span> <span class='ocrx_word' id='word_1_279' title='bbox 518 3745 799 3822; x_wconf 70' lang='lat' dir='ltr'><strong>transmeantis,</strong></span> <span class='ocrx_word' id='word_1_280' title='bbox 822 3746 876 3830; x_wconf 86' lang='lat' dir='ltr'><strong>qui</strong></span> <span class='ocrx_word' id='word_1_281' title='bbox 898 3747 931 3808; x_wconf 92' lang='lat' dir='ltr'><strong>in</strong></span> <span class='ocrx_word' id='word_1_282' title='bbox 954 3746 1073 3810; x_wconf 91' lang='lat' dir='ltr'><strong>Palatio</strong></span> <span class='ocrx_word' id='word_1_283' title='bbox 1095 3755 1191 3830; x_wconf 89' lang='lat' dir='ltr'><strong>atque</strong></span> <span class='ocrx_word' id='word_1_284' title='bbox 1211 3745 1245 3809; x_wconf 92' lang='lat' dir='ltr'><strong>in</strong></span> <span class='ocrx_word' id='word_1_285' title='bbox 1267 3747 1356 3810; x_wconf 90' lang='lat' dir='ltr'><strong>urbis</strong></span> <span class='ocrx_word' id='word_1_286' title='bbox 1377 3747 1478 3810; x_wconf 92' lang='lat' dir='ltr'><strong>oculis</strong></span> <span class='ocrx_word' id='word_1_287' title='bbox 1499 3747 1628 3823; x_wconf 77' lang='lat' dir='ltr'><strong>servitia</strong></span> 
     </span>
     <span class='ocr_line' id='line_1_29' title="bbox 304 3838 1627 3924; baseline -0.002 -17"><span class='ocrx_word' id='word_1_288' title='bbox 304 3843 343 3907; x_wconf 90' lang='lat' dir='ltr'><strong>ad</strong></span> <span class='ocrx_word' id='word_1_289' title='bbox 366 3843 495 3907; x_wconf 89' lang='lat' dir='ltr'><strong>caedem</strong></span> <span class='ocrx_word' id='word_1_290' title='bbox 517 3848 548 3902; x_wconf 89' lang='lat' dir='ltr'><strong>et</strong></span> <span class='ocrx_word' id='word_1_291' title='bbox 569 3838 825 3903; x_wconf 85' lang='lat' dir='ltr'><strong>inflammandam</strong></span> <span class='ocrx_word' id='word_1_292' title='bbox 838 3838 948 3903; x_wconf 90' lang='lat' dir='ltr'><strong>urbem</strong></span> <span class='ocrx_word' id='word_1_293' title='bbox 964 3840 1124 3903; x_wconf 83' lang='lat' dir='ltr'><strong>incitavit:</strong></span> <span class='ocrx_word' id='word_1_294' title='bbox 1147 3839 1181 3902; x_wconf 93' lang='lat' dir='ltr'><strong>in</strong></span> <span class='ocrx_word' id='word_1_295' title='bbox 1194 3840 1254 3902; x_wconf 90' lang='lat' dir='ltr'><strong>hac</strong></span> <span class='ocrx_word' id='word_1_296' title='bbox 1269 3839 1395 3903; x_wconf 88' lang='lat' dir='ltr'><strong>civitate</strong></span> <span class='ocrx_word' id='word_1_297' title='bbox 1411 3860 1451 3902; x_wconf 92' lang='lat' dir='ltr'><strong>ne</strong></span> <span class='ocrx_word' id='word_1_298' title='bbox 1466 3840 1627 3924; x_wconf 88' lang='lat' dir='ltr'><strong>patiamini</strong></span> 
     </span>
     <span class='ocr_line' id='line_1_30' title="bbox 303 3924 1628 4016; baseline 0.002 -19"><span class='ocrx_word' id='word_1_299' title='bbox 303 3924 393 4000; x_wconf 88' lang='lat' dir='ltr'><strong>illum</strong></span> <span class='ocrx_word' id='word_1_300' title='bbox 414 3935 591 3998; x_wconf 90' lang='lat' dir='ltr'><strong>absolutum</strong></span> <span class='ocrx_word' id='word_1_301' title='bbox 613 3933 756 3997; x_wconf 88' lang='lat' dir='ltr'><strong>muliebri</strong></span> <span class='ocrx_word' id='word_1_302' title='bbox 778 3934 898 4016; x_wconf 74' lang='lat' dir='ltr'><strong>gratia,</strong></span> <span class='ocrx_word' id='word_1_303' title='bbox 927 3935 968 3997; x_wconf 90' lang='lat' dir='ltr'><strong>bl.</strong></span> <span class='ocrx_word' id='word_1_304' title='bbox 993 3933 1133 3996; x_wconf 85' lang='lat' dir='ltr'><strong>Caelium</strong></span> <span class='ocrx_word' id='word_1_305' title='bbox 1156 3933 1279 3995; x_wconf 91' lang='lat' dir='ltr'><strong>libidini</strong></span> <span class='ocrx_word' id='word_1_306' title='bbox 1301 3934 1446 3997; x_wconf 89' lang='lat' dir='ltr'><strong>muliebri</strong></span> <span class='ocrx_word' id='word_1_307' title='bbox 1467 3933 1628 4000; x_wconf 80' lang='lat' dir='ltr'><strong>condona·</strong></span> 
     </span>
     <span class='ocr_line' id='line_1_31' title="bbox 267 4025 1628 4110; baseline 0 -17"><span class='ocrx_word' id='word_1_308' title='bbox 267 4038 386 4105; x_wconf 85' lang='lat' dir='ltr'><strong>actum,</strong></span> <span class='ocrx_word' id='word_1_309' title='bbox 418 4049 459 4092; x_wconf 92' lang='lat' dir='ltr'><strong>ne</strong></span> <span class='ocrx_word' id='word_1_310' title='bbox 486 4027 597 4090; x_wconf 89' lang='lat' dir='ltr'><strong>eadem</strong></span> <span class='ocrx_word' id='word_1_311' title='bbox 624 4025 736 4089; x_wconf 89' lang='lat' dir='ltr'><strong>mulier</strong></span> <span class='ocrx_word' id='word_1_312' title='bbox 763 4047 835 4088; x_wconf 91' lang='lat' dir='ltr'><strong>cum</strong></span> <span class='ocrx_word' id='word_1_313' title='bbox 861 4046 920 4089; x_wconf 92' lang='lat' dir='ltr'><strong>sno</strong></span> <span class='ocrx_word' id='word_1_314' title='bbox 948 4027 1086 4109; x_wconf 79' lang='lat' dir='ltr'><strong>coniuge</strong></span> <span class='ocrx_word' id='word_1_315' title='bbox 1117 4033 1148 4089; x_wconf 89' lang='lat' dir='ltr'><strong>et</strong></span> <span class='ocrx_word' id='word_1_316' title='bbox 1175 4026 1269 4091; x_wconf 83' lang='lat' dir='ltr'><strong>tratre</strong></span> <span class='ocrx_word' id='word_1_317' title='bbox 1293 4036 1325 4089; x_wconf 93' lang='lat' dir='ltr'><strong>et</strong></span> <span class='ocrx_word' id='word_1_318' title='bbox 1345 4028 1472 4110; x_wconf 90' lang='lat' dir='ltr'><strong>turpissi</strong></span> <span class='ocrx_word' id='word_1_319' title='bbox 1486 4049 1562 4092; x_wconf 55' lang='lat' dir='ltr'><strong>*arm</strong></span> <span class='ocrx_word' id='word_1_320' title='bbox 1581 4028 1628 4093; x_wconf 85' lang='lat' dir='ltr'><strong>la·</strong></span> 
     </span>
     <span class='ocr_line' id='line_1_32' title="bbox 302 4119 1617 4205; baseline 0.001 -19"><span class='ocrx_word' id='word_1_321' title='bbox 302 4131 424 4188; x_wconf 84' lang='lat' dir='ltr'><strong>tranem</strong></span> <span class='ocrx_word' id='word_1_322' title='bbox 453 4121 607 4204; x_wconf 90' lang='lat' dir='ltr'><strong>eripuisse</strong></span> <span class='ocrx_word' id='word_1_323' title='bbox 636 4130 668 4183; x_wconf 90' lang='lat' dir='ltr'><strong>et</strong></span> <span class='ocrx_word' id='word_1_324' title='bbox 694 4119 953 4183; x_wconf 89' lang='lat' dir='ltr'><strong>honestissimum</strong></span> <span class='ocrx_word' id='word_1_325' title='bbox 980 4119 1215 4185; x_wconf 86' lang='lat' dir='ltr'><strong>adolescentem</strong></span> <span class='ocrx_word' id='word_1_326' title='bbox 1244 4121 1443 4205; x_wconf 89' lang='lat' dir='ltr'><strong>oppressisse</strong></span> <span class='ocrx_word' id='word_1_327' title='bbox 1472 4125 1544 4188; x_wconf 68' lang='lat' dir='ltr'><strong>rice</strong></span> <span class='ocrx_word' id='word_1_328' title='bbox 1569 4164 1571 4175; x_wconf 88' lang='lat'>·</span> <span class='ocrx_word' id='word_1_329' title='bbox 1601 4143 1617 4158; x_wconf 81' lang='lat'><strong>·</strong></span> 
     </span>
     <span class='ocr_line' id='line_1_33' title="bbox 303 4213 1627 4299; baseline 0.002 -22"><span class='ocrx_word' id='word_1_330' title='bbox 303 4213 354 4278; x_wconf 84' lang='lat'><strong>79.</strong></span> <span class='ocrx_word' id='word_1_331' title='bbox 370 4215 461 4292; x_wconf 85' lang='lat' dir='ltr'><strong>Quod</strong></span> <span class='ocrx_word' id='word_1_332' title='bbox 484 4237 557 4278; x_wconf 91' lang='lat' dir='ltr'><strong>cum</strong></span> <span class='ocrx_word' id='word_1_333' title='bbox 578 4215 673 4278; x_wconf 90' lang='lat' dir='ltr'><strong>huius</strong></span> <span class='ocrx_word' id='word_1_334' title='bbox 687 4215 777 4278; x_wconf 75' lang='lat' dir='ltr'><strong>robis</strong></span> <span class='ocrx_word' id='word_1_335' title='bbox 792 4213 1039 4279; x_wconf 87' lang='lat' dir='ltr'><strong>adolescentiam</strong></span> <span class='ocrx_word' id='word_1_336' title='bbox 1055 4214 1302 4299; x_wconf 90' lang='lat' dir='ltr'><strong>proposueritis,</strong></span> <span class='ocrx_word' id='word_1_337' title='bbox 1324 4217 1539 4282; x_wconf 90' lang='lat' dir='ltr'><strong>constituitote</strong></span> <span class='ocrx_word' id='word_1_338' title='bbox 1553 4224 1627 4283; x_wconf 87' lang='lat' dir='ltr'><strong>aute</strong></span> 
     </span>
    </p>
   </div>
   <div class='ocr_carea' id='block_1_3' title="bbox 304 4474 1627 5897">
    <p class='ocr_par' dir='ltr' id='par_1_3' title="bbox 304 4474 1627 5897">
     <span class='ocr_line' id='line_1_34' title="bbox 370 4474 1623 4543; baseline -0.001 -13"><span class='ocrx_word' id='word_1_339' title='bbox 370 4483 393 4530; x_wconf 93' lang='grc'><strong>4.</strong></span> <span class='ocrx_word' id='word_1_340' title='bbox 412 4481 438 4528; x_wconf 89' lang='lat' dir='ltr'><strong>in</strong></span> <span class='ocrx_word' id='word_1_341' title='bbox 454 4478 491 4526; x_wconf 83' lang='lat' dir='ltr'><strong>bis</strong></span> <span class='ocrx_word' id='word_1_342' title='bbox 506 4477 559 4524; x_wconf 84' lang='lat' dir='ltr'><strong>iam</strong></span> <span class='ocrx_word' id='word_1_343' title='bbox 575 4477 609 4524; x_wconf 89' lang='lat' dir='ltr'><strong>P:</strong></span> <span class='ocrx_word' id='word_1_344' title='bbox 633 4474 687 4523; x_wconf 78' lang='lat' dir='ltr'><strong>iam</strong></span> <span class='ocrx_word' id='word_1_345' title='bbox 703 4475 728 4523; x_wconf 87' lang='lat' dir='ltr'><strong>in</strong></span> <span class='ocrx_word' id='word_1_346' title='bbox 745 4474 782 4524; x_wconf 85' lang='lat' dir='ltr'><strong>bis</strong></span> <span class='ocrx_word' id='word_1_347' title='bbox 799 4474 847 4525; x_wconf 87' lang='lat' dir='ltr'><strong>EG</strong></span> <span class='ocrx_word' id='word_1_348' title='bbox 866 4504 893 4512; x_wconf 97' lang='lat'>—</span> <span class='ocrx_word' id='word_1_349' title='bbox 919 4477 943 4525; x_wconf 83' lang='grc'><strong>4.</strong></span> <span class='ocrx_word' id='word_1_350' title='bbox 963 4476 1064 4527; x_wconf 59' lang='lat' dir='ltr'><strong>ducunt</strong></span> <span class='ocrx_word' id='word_1_351' title='bbox 1081 4477 1101 4526; x_wconf 87' lang='lat' dir='ltr'>E</span> <span class='ocrx_word' id='word_1_352' title='bbox 1120 4503 1146 4510; x_wconf 97' lang='lat'><em>-</em></span> <span class='ocrx_word' id='word_1_353' title='bbox 1166 4476 1190 4526; x_wconf 83' lang='lat'><strong>3.</strong></span> <span class='ocrx_word' id='word_1_354' title='bbox 1209 4477 1351 4541; x_wconf 58' lang='lat' dir='ltr'><strong>§unificant</strong></span> <span class='ocrx_word' id='word_1_355' title='bbox 1367 4479 1398 4526; x_wconf 89' lang='lat' dir='ltr'><strong>S:</strong></span> <span class='ocrx_word' id='word_1_356' title='bbox 1421 4478 1545 4543; x_wconf 62' lang='lat' dir='ltr'><strong>sionim</strong></span> <span class='ocrx_word' id='word_1_357' title='bbox 1562 4476 1623 4537; x_wconf 77' lang='lat' dir='ltr'><strong>PE3</strong></span> 
     </span>
     <span class='ocr_line' id='line_1_35' title="bbox 304 4548 1626 4619; baseline 0 -14"><span class='ocrx_word' id='word_1_358' title='bbox 304 4556 459 4618; x_wconf 69' lang='lat' dir='ltr'><strong>sinniicotur</strong></span> <span class='ocrx_word' id='word_1_359' title='bbox 476 4554 496 4602; x_wconf 88' lang='lat' dir='ltr'><strong>G</strong></span> <span class='ocrx_word' id='word_1_360' title='bbox 516 4577 542 4585; x_wconf 89' lang='lat'><em>-</em></span> <span class='ocrx_word' id='word_1_361' title='bbox 562 4552 586 4600; x_wconf 82' lang='lat'><strong>5.</strong></span> <span class='ocrx_word' id='word_1_362' title='bbox 605 4552 694 4600; x_wconf 83' lang='lat' dir='ltr'><strong>aetatis</strong></span> <span class='ocrx_word' id='word_1_363' title='bbox 711 4548 738 4600; x_wconf 74' lang='grc' dir='ltr'><strong>4)Ι</strong></span> <span class='ocrx_word' id='word_1_364' title='bbox 759 4578 785 4586; x_wconf 95' lang='grc'><strong>-</strong></span> <span class='ocrx_word' id='word_1_365' title='bbox 804 4552 828 4601; x_wconf 88' lang='grc'><strong>6.</strong></span> <span class='ocrx_word' id='word_1_366' title='bbox 847 4551 976 4613; x_wconf 61' lang='lat' dir='ltr'><strong>efflorescit</strong></span> <span class='ocrx_word' id='word_1_367' title='bbox 992 4554 1024 4601; x_wconf 89' lang='lat' dir='ltr'><strong>S:</strong></span> <span class='ocrx_word' id='word_1_368' title='bbox 1040 4553 1168 4615; x_wconf 70' lang='lat' dir='ltr'><strong>„itermod</strong></span> <span class='ocrx_word' id='word_1_369' title='bbox 1185 4553 1315 4613; x_wconf 74' lang='lat' dir='ltr'><strong>Pteratne</strong></span> <span class='ocrx_word' id='word_1_370' title='bbox 1333 4554 1503 4616; x_wconf 62' lang='lat' dir='ltr'><strong>uiuendi),</strong></span> <span class='ocrx_word' id='word_1_371' title='bbox 1519 4554 1626 4619; x_wconf 68' lang='grc'><strong>40444444</strong></span> 
     </span>
     <span class='ocr_line' id='line_1_36' title="bbox 306 4625 1627 4691; baseline -0.002 -12"><span class='ocrx_word' id='word_1_372' title='bbox 306 4631 354 4679; x_wconf 89' lang='lat' dir='ltr'><strong>EG</strong></span> <span class='ocrx_word' id='word_1_373' title='bbox 370 4656 391 4666; x_wconf 89' lang='lat'><em>-</em></span> <span class='ocrx_word' id='word_1_374' title='bbox 414 4631 438 4678; x_wconf 83' lang='lat'><strong>7.</strong></span> <span class='ocrx_word' id='word_1_375' title='bbox 457 4625 594 4691; x_wconf 72' lang='lat' dir='ltr'><strong>efferbuisse</strong></span> <span class='ocrx_word' id='word_1_376' title='bbox 610 4626 643 4675; x_wconf 87' lang='lat' dir='ltr'><strong>E:</strong></span> <span class='ocrx_word' id='word_1_377' title='bbox 663 4627 804 4688; x_wconf 72' lang='lat' dir='ltr'><strong>effemuisse</strong></span> <span class='ocrx_word' id='word_1_378' title='bbox 821 4627 862 4685; x_wconf 80' lang='lat' dir='ltr'><strong>P¹;</strong></span> <span class='ocrx_word' id='word_1_379' title='bbox 881 4628 1005 4690; x_wconf 75' lang='lat' dir='ltr'><strong>efferatisse</strong></span> <span class='ocrx_word' id='word_1_380' title='bbox 1021 4626 1078 4678; x_wconf 81' lang='lat' dir='ltr'><strong>P²G</strong></span> <span class='ocrx_word' id='word_1_381' title='bbox 1088 4628 1121 4685; x_wconf 87' lang='lat'><strong>0;</strong></span> <span class='ocrx_word' id='word_1_382' title='bbox 1140 4627 1173 4676; x_wconf 90' lang='lat' dir='ltr'><strong>ct.</strong></span> <span class='ocrx_word' id='word_1_383' title='bbox 1192 4627 1224 4676; x_wconf 93' lang='lat' dir='ltr'><strong>ad</strong></span> <span class='ocrx_word' id='word_1_384' title='bbox 1243 4627 1257 4689; x_wconf 71' lang='lat'>5</span> <span class='ocrx_word' id='word_1_385' title='bbox 1275 4626 1315 4677; x_wconf 89' lang='grc'><strong>43.</strong></span> <span class='ocrx_word' id='word_1_386' title='bbox 1337 4653 1363 4662; x_wconf 97' lang='grc'>-</span> <span class='ocrx_word' id='word_1_387' title='bbox 1384 4628 1408 4679; x_wconf 90' lang='lat'><strong>8.</strong></span> <span class='ocrx_word' id='word_1_388' title='bbox 1425 4629 1561 4679; x_wconf 80' lang='lat' dir='ltr'><strong>inimicitiis</strong></span> <span class='ocrx_word' id='word_1_389' title='bbox 1574 4628 1627 4677; x_wconf 74' lang='lat' dir='ltr'><strong>niis</strong></span> 
     </span>
     <span class='ocr_line' id='line_1_37' title="bbox 305 4700 1623 4768; baseline -0.002 -14"><span class='ocrx_word' id='word_1_390' title='bbox 305 4702 414 4767; x_wconf 84' lang='lat' dir='ltr'><strong>scripsi:</strong></span> <span class='ocrx_word' id='word_1_391' title='bbox 439 4701 573 4751; x_wconf 77' lang='lat' dir='ltr'><strong>inimicitiis</strong></span> <span class='ocrx_word' id='word_1_392' title='bbox 592 4701 631 4750; x_wconf 85' lang='lat' dir='ltr'><strong>uir</strong></span> <span class='ocrx_word' id='word_1_393' title='bbox 654 4703 712 4751; x_wconf 87' lang='lat' dir='ltr'><strong>CO.</strong></span> <span class='ocrx_word' id='word_1_394' title='bbox 744 4701 916 4765; x_wconf 70' lang='lat' dir='ltr'><strong>«asyndeton</strong></span> <span class='ocrx_word' id='word_1_395' title='bbox 937 4702 1088 4753; x_wconf 86' lang='lat' dir='ltr'><strong>bimembre</strong></span> <span class='ocrx_word' id='word_1_396' title='bbox 1111 4702 1163 4752; x_wconf 86' lang='lat' dir='ltr'><strong>boc</strong></span> <span class='ocrx_word' id='word_1_397' title='bbox 1179 4700 1287 4764; x_wconf 88' lang='lat' dir='ltr'><strong>quidem</strong></span> <span class='ocrx_word' id='word_1_398' title='bbox 1304 4700 1363 4753; x_wconf 89' lang='lat' dir='ltr'><strong>loco</strong></span> <span class='ocrx_word' id='word_1_399' title='bbox 1380 4702 1442 4755; x_wconf 89' lang='lat' dir='ltr'><strong>terri</strong></span> <span class='ocrx_word' id='word_1_400' title='bbox 1458 4717 1512 4755; x_wconf 90' lang='lat' dir='ltr'><strong>non</strong></span> <span class='ocrx_word' id='word_1_401' title='bbox 1527 4703 1623 4768; x_wconf 87' lang='lat' dir='ltr'><strong>potest.</strong></span> 
     </span>
     <span class='ocr_line' id='line_1_38' title="bbox 305 4774 1626 4843; baseline 0.001 -14"><span class='ocrx_word' id='word_1_402' title='bbox 305 4779 429 4843; x_wconf 87' lang='lat' dir='ltr'><strong>Suspicor</strong></span> <span class='ocrx_word' id='word_1_403' title='bbox 445 4788 529 4840; x_wconf 86' lang='lat' dir='ltr'><strong>paene</strong></span> <span class='ocrx_word' id='word_1_404' title='bbox 545 4776 586 4825; x_wconf 82' lang='lat' dir='ltr'><strong>uia</strong></span> <span class='ocrx_word' id='word_1_405' title='bbox 601 4778 689 4826; x_wconf 89' lang='lat' dir='ltr'><strong>ortum</strong></span> <span class='ocrx_word' id='word_1_406' title='bbox 706 4789 765 4827; x_wconf 89' lang='lat' dir='ltr'><strong>esse</strong></span> <span class='ocrx_word' id='word_1_407' title='bbox 783 4790 816 4825; x_wconf 81' lang='lat' dir='ltr'><strong>or</strong></span> <span class='ocrx_word' id='word_1_408' title='bbox 833 4775 930 4827; x_wconf 90' lang='lat' dir='ltr'><strong>ultimis</strong></span> <span class='ocrx_word' id='word_1_409' title='bbox 947 4776 1029 4829; x_wconf 87' lang='lat' dir='ltr'><strong>literis</strong></span> <span class='ocrx_word' id='word_1_410' title='bbox 1045 4774 1167 4826; x_wconf 86' lang='lat' dir='ltr'><strong>vocabuli</strong></span> <span class='ocrx_word' id='word_1_411' title='bbox 1184 4776 1344 4826; x_wconf 67' lang='lat' dir='ltr'><strong>inspicietis.»</strong></span> <span class='ocrx_word' id='word_1_412' title='bbox 1362 4778 1472 4829; x_wconf 75' lang='lat' dir='ltr'><strong>idanus.</strong></span> <span class='ocrx_word' id='word_1_413' title='bbox 1491 4804 1519 4816; x_wconf 93' lang='lat'>-</span> <span class='ocrx_word' id='word_1_414' title='bbox 1536 4778 1626 4843; x_wconf 71' lang='lat' dir='ltr'><strong>suoci-</strong></span> 
     </span>
     <span class='ocr_line' id='line_1_39' title="bbox 305 4852 1624 4918; baseline 0.002 -16"><span class='ocrx_word' id='word_1_415' title='bbox 305 4859 343 4902; x_wconf 78' lang='lat' dir='ltr'><strong>tce</strong></span> <span class='ocrx_word' id='word_1_416' title='bbox 359 4853 445 4902; x_wconf 82' lang='lat' dir='ltr'>PEG:</span> <span class='ocrx_word' id='word_1_417' title='bbox 463 4852 579 4914; x_wconf 70' lang='lat' dir='ltr'><strong>ferocitas</strong></span> <span class='ocrx_word' id='word_1_418' title='bbox 592 4852 734 4914; x_wconf 81' lang='lat' dir='ltr'><strong>pertinacia</strong></span> <span class='ocrx_word' id='word_1_419' title='bbox 750 4852 793 4901; x_wconf 88' lang='lat' dir='ltr'><strong>SO</strong></span> <span class='ocrx_word' id='word_1_420' title='bbox 805 4879 829 4889; x_wconf 97' lang='lat'>-</span> <span class='ocrx_word' id='word_1_421' title='bbox 852 4853 891 4901; x_wconf 97' lang='grc' dir='ltr'><strong>40Ι</strong></span> <span class='ocrx_word' id='word_1_422' title='bbox 905 4853 1068 4915; x_wconf 72' lang='lat' dir='ltr'><strong>deferbuerint</strong></span> <span class='ocrx_word' id='word_1_423' title='bbox 1084 4865 1146 4903; x_wconf 89' lang='lat' dir='ltr'><strong>nos:</strong></span> <span class='ocrx_word' id='word_1_424' title='bbox 1165 4852 1376 4914; x_wconf 59' lang='lat' dir='ltr'><strong>defetiscentiam</strong></span> <span class='ocrx_word' id='word_1_425' title='bbox 1394 4853 1624 4918; x_wconf 71' lang='lat' dir='ltr'><strong>defnueeintEGO</strong></span> 
     </span>
     <span class='ocr_line' id='line_1_40' title="bbox 307 4928 1626 4994; baseline 0.002 -18"><span class='ocrx_word' id='word_1_426' title='bbox 307 4953 334 4963; x_wconf 97' lang='lat'><em>-</em></span> <span class='ocrx_word' id='word_1_427' title='bbox 350 4928 403 4976; x_wconf 81' lang='lat' dir='ltr'><strong>iam</strong></span> <span class='ocrx_word' id='word_1_428' title='bbox 418 4940 485 4986; x_wconf 79' lang='lat' dir='ltr'><strong>unu,</strong></span> <span class='ocrx_word' id='word_1_429' title='bbox 503 4929 557 4977; x_wconf 86' lang='lat' dir='ltr'><strong>iam</strong></span> <span class='ocrx_word' id='word_1_430' title='bbox 573 4929 623 4977; x_wconf 87' lang='lat' dir='ltr'><strong>dies</strong></span> <span class='ocrx_word' id='word_1_431' title='bbox 639 4928 748 4977; x_wconf 77' lang='lat' dir='ltr'><strong>tianius:</strong></span> <span class='ocrx_word' id='word_1_432' title='bbox 767 4928 820 4977; x_wconf 85' lang='lat' dir='ltr'><strong>iam</strong></span> <span class='ocrx_word' id='word_1_433' title='bbox 835 4928 884 4976; x_wconf 74' lang='lat' dir='ltr'><strong>uin</strong></span> <span class='ocrx_word' id='word_1_434' title='bbox 932 4929 983 4977; x_wconf 81' lang='lat' dir='ltr'><strong>dies</strong></span> <span class='ocrx_word' id='word_1_435' title='bbox 1000 4930 1018 4977; x_wconf 88' lang='lat' dir='ltr'>P</span> <span class='ocrx_word' id='word_1_436' title='bbox 1032 4928 1089 4991; x_wconf 89' lang='lat' dir='ltr'><strong>(sed</strong></span> <span class='ocrx_word' id='word_1_437' title='bbox 1106 4929 1133 4977; x_wconf 85' lang='lat' dir='ltr'><strong>io</strong></span> <span class='ocrx_word' id='word_1_438' title='bbox 1149 4929 1175 4977; x_wconf 90' lang='lat' dir='ltr'><strong>in</strong></span> <span class='ocrx_word' id='word_1_439' title='bbox 1192 4929 1282 4978; x_wconf 86' lang='lat' dir='ltr'><strong>iamet</strong></span> <span class='ocrx_word' id='word_1_440' title='bbox 1298 4929 1347 4978; x_wconf 83' lang='lat' dir='ltr'><strong>istc</strong></span> <span class='ocrx_word' id='word_1_441' title='bbox 1365 4929 1391 4978; x_wconf 91' lang='lat' dir='ltr'><strong>in</strong></span> <span class='ocrx_word' id='word_1_442' title='bbox 1402 4943 1455 4982; x_wconf 86' lang='lat' dir='ltr'><strong>ras.</strong></span> <span class='ocrx_word' id='word_1_443' title='bbox 1468 4943 1505 4981; x_wconf 93' lang='lat' dir='ltr'><strong>m.</strong></span> <span class='ocrx_word' id='word_1_444' title='bbox 1516 4931 1547 4990; x_wconf 89' lang='grc'><strong>4;</strong></span> <span class='ocrx_word' id='word_1_445' title='bbox 1565 4931 1626 4994; x_wconf 88' lang='lat' dir='ltr'><strong>post</strong></span> 
     </span>
     <span class='ocr_line' id='line_1_41' title="bbox 304 5002 1622 5070; baseline 0.005 -19"><span class='ocrx_word' id='word_1_446' title='bbox 304 5003 353 5051; x_wconf 81' lang='lat' dir='ltr'><strong>iseo</strong></span> <span class='ocrx_word' id='word_1_447' title='bbox 369 5004 410 5051; x_wconf 87' lang='lat' dir='ltr'><strong>est</strong></span> <span class='ocrx_word' id='word_1_448' title='bbox 426 5002 539 5065; x_wconf 86' lang='lat' dir='ltr'><strong>spatium</strong></span> <span class='ocrx_word' id='word_1_449' title='bbox 557 5005 694 5063; x_wconf 85' lang='lat' dir='ltr'><strong>vacuum);</strong></span> <span class='ocrx_word' id='word_1_450' title='bbox 715 5002 768 5051; x_wconf 83' lang='lat' dir='ltr'><strong>tons</strong></span> <span class='ocrx_word' id='word_1_451' title='bbox 784 5003 834 5051; x_wconf 79' lang='lat' dir='ltr'><strong>ista</strong></span> <span class='ocrx_word' id='word_1_452' title='bbox 850 5003 901 5051; x_wconf 83' lang='lat' dir='ltr'><strong>dies</strong></span> <span class='ocrx_word' id='word_1_453' title='bbox 918 5003 1000 5060; x_wconf 78' lang='lat' dir='ltr'><strong>Eos;</strong></span> <span class='ocrx_word' id='word_1_454' title='bbox 1023 5003 1143 5063; x_wconf 80' lang='lat' dir='ltr'><strong>iamnes,</strong></span> <span class='ocrx_word' id='word_1_455' title='bbox 1165 5003 1219 5052; x_wconf 79' lang='lat' dir='ltr'><strong>iarn</strong></span> <span class='ocrx_word' id='word_1_456' title='bbox 1238 5003 1289 5053; x_wconf 80' lang='lat' dir='ltr'><strong>dies</strong></span> <span class='ocrx_word' id='word_1_457' title='bbox 1305 5003 1338 5063; x_wconf 80' lang='lat'><strong>03</strong></span> <span class='ocrx_word' id='word_1_458' title='bbox 1362 5002 1395 5054; x_wconf 88' lang='lat' dir='ltr'><strong>ct.</strong></span> <span class='ocrx_word' id='word_1_459' title='bbox 1413 5018 1440 5070; x_wconf 89' lang='lat' dir='ltr'><strong>p.</strong></span> <span class='ocrx_word' id='word_1_460' title='bbox 1459 5005 1517 5068; x_wconf 84' lang='lat' dir='ltr'><strong>iii,</strong></span> <span class='ocrx_word' id='word_1_461' title='bbox 1533 5005 1575 5056; x_wconf 82' lang='grc'><strong>48.</strong></span> <span class='ocrx_word' id='word_1_462' title='bbox 1595 5029 1622 5039; x_wconf 90' lang='grc'><strong>-</strong></span> 
     </span>
     <span class='ocr_line' id='line_1_42' title="bbox 305 5075 1626 5147; baseline 0.005 -23"><span class='ocrx_word' id='word_1_463' title='bbox 305 5076 345 5125; x_wconf 84' lang='grc'><strong>44.</strong></span> <span class='ocrx_word' id='word_1_464' title='bbox 357 5075 476 5124; x_wconf 77' lang='lat' dir='ltr'><strong>bononem</strong></span> <span class='ocrx_word' id='word_1_465' title='bbox 491 5089 591 5126; x_wconf 80' lang='lat' dir='ltr'><strong>monum</strong></span> <span class='ocrx_word' id='word_1_466' title='bbox 601 5076 707 5126; x_wconf 84' lang='lat' dir='ltr'><strong>Weiske</strong></span> <span class='ocrx_word' id='word_1_467' title='bbox 722 5079 829 5139; x_wconf 88' lang='lat' dir='ltr'><strong>praeter</strong></span> <span class='ocrx_word' id='word_1_468' title='bbox 839 5077 1066 5127; x_wconf 83' lang='lat' dir='ltr'><strong>necessitatenr.—</strong></span> <span class='ocrx_word' id='word_1_469' title='bbox 1081 5079 1120 5129; x_wconf 84' lang='lat' dir='ltr'><strong>ta.</strong></span> <span class='ocrx_word' id='word_1_470' title='bbox 1133 5078 1321 5141; x_wconf 60' lang='lat' dir='ltr'><strong>censuerimus</strong></span> <span class='ocrx_word' id='word_1_471' title='bbox 1333 5079 1354 5129; x_wconf 84' lang='lat' dir='ltr'><strong>E</strong></span> <span class='ocrx_word' id='word_1_472' title='bbox 1366 5078 1448 5142; x_wconf 86' lang='lat' dir='ltr'><strong>solus,</strong></span> <span class='ocrx_word' id='word_1_473' title='bbox 1461 5078 1534 5144; x_wconf 84' lang='lat' dir='ltr'><strong>quod</strong></span> <span class='ocrx_word' id='word_1_474' title='bbox 1550 5094 1626 5147; x_wconf 85' lang='lat' dir='ltr'><strong>prae-</strong></span> 
     </span>
     <span class='ocr_line' id='line_1_43' title="bbox 306 5149 1626 5216; baseline 0.006 -17"><span class='ocrx_word' id='word_1_475' title='bbox 306 5150 356 5199; x_wconf 90' lang='lat' dir='ltr'><strong>tert</strong></span> <span class='ocrx_word' id='word_1_476' title='bbox 366 5149 582 5213; x_wconf 76' lang='lat' dir='ltr'><strong>Wesenbergius.</strong></span> <span class='ocrx_word' id='word_1_477' title='bbox 596 5176 623 5186; x_wconf 92' lang='lat'><em>-</em></span> <span class='ocrx_word' id='word_1_478' title='bbox 644 5149 684 5201; x_wconf 87' lang='grc'><strong>44.</strong></span> <span class='ocrx_word' id='word_1_479' title='bbox 698 5156 756 5213; x_wconf 79' lang='lat' dir='ltr'><strong>quot</strong></span> <span class='ocrx_word' id='word_1_480' title='bbox 771 5165 828 5200; x_wconf 87' lang='lat' dir='ltr'><strong>cum</strong></span> <span class='ocrx_word' id='word_1_481' title='bbox 844 5153 863 5201; x_wconf 92' lang='lat' dir='ltr'>P</span> <span class='ocrx_word' id='word_1_482' title='bbox 877 5177 903 5186; x_wconf 89' lang='lat'>—</span> <span class='ocrx_word' id='word_1_483' title='bbox 923 5153 964 5202; x_wconf 83' lang='grc'><strong>40.</strong></span> <span class='ocrx_word' id='word_1_484' title='bbox 982 5166 1031 5202; x_wconf 91' lang='lat' dir='ltr'><strong>non</strong></span> <span class='ocrx_word' id='word_1_485' title='bbox 1044 5154 1077 5203; x_wconf 85' lang='lat' dir='ltr'><strong>C:</strong></span> <span class='ocrx_word' id='word_1_486' title='bbox 1095 5166 1174 5216; x_wconf 80' lang='lat' dir='ltr'><strong>neque</strong></span> <span class='ocrx_word' id='word_1_487' title='bbox 1185 5155 1205 5205; x_wconf 89' lang='grc'><strong>0</strong></span> <span class='ocrx_word' id='word_1_488' title='bbox 1220 5178 1247 5189; x_wconf 94' lang='lat'><em>-</em></span> <span class='ocrx_word' id='word_1_489' title='bbox 1268 5154 1307 5203; x_wconf 81' lang='lat' dir='ltr'><strong>tt.</strong></span> <span class='ocrx_word' id='word_1_490' title='bbox 1326 5155 1353 5202; x_wconf 89' lang='lat' dir='ltr'><strong>in</strong></span> <span class='ocrx_word' id='word_1_491' title='bbox 1368 5152 1489 5205; x_wconf 79' lang='lat' dir='ltr'><strong>iudicium</strong></span> <span class='ocrx_word' id='word_1_492' title='bbox 1504 5168 1558 5207; x_wconf 92' lang='lat' dir='ltr'><strong>om.</strong></span> <span class='ocrx_word' id='word_1_493' title='bbox 1575 5157 1626 5207; x_wconf 84' lang='lat' dir='ltr'><strong>EG</strong></span> 
     </span>
     <span class='ocr_line' id='line_1_44' title="bbox 309 5225 1627 5295; baseline 0.009 -22"><span class='ocrx_word' id='word_1_494' title='bbox 309 5251 335 5262; x_wconf 96' lang='lat'>-</span> <span class='ocrx_word' id='word_1_495' title='bbox 347 5225 467 5275; x_wconf 82' lang='lat' dir='ltr'><strong>victutum</strong></span> <span class='ocrx_word' id='word_1_496' title='bbox 483 5238 533 5275; x_wconf 82' lang='lat' dir='ltr'><strong>esse</strong></span> <span class='ocrx_word' id='word_1_497' title='bbox 549 5225 673 5277; x_wconf 83' lang='lat' dir='ltr'><strong>Lamb.-</strong></span> <span class='ocrx_word' id='word_1_498' title='bbox 693 5226 731 5276; x_wconf 86' lang='grc'><strong>48.</strong></span> <span class='ocrx_word' id='word_1_499' title='bbox 747 5226 1079 5292; x_wconf 81' lang='lat' dir='ltr'><strong>potieturWesenbergius</strong></span> <span class='ocrx_word' id='word_1_500' title='bbox 1096 5231 1133 5293; x_wconf 91' lang='lat' dir='ltr'><strong>(et</strong></span> <span class='ocrx_word' id='word_1_501' title='bbox 1148 5233 1210 5294; x_wconf 88' lang='lat' dir='ltr'><strong>post</strong></span> <span class='ocrx_word' id='word_1_502' title='bbox 1223 5243 1285 5281; x_wconf 88' lang='lat' dir='ltr'><strong>eum</strong></span> <span class='ocrx_word' id='word_1_503' title='bbox 1304 5232 1374 5283; x_wconf 87' lang='lat' dir='ltr'><strong>Bake</strong></span> <span class='ocrx_word' id='word_1_504' title='bbox 1393 5234 1420 5283; x_wconf 90' lang='lat' dir='ltr'><strong>et</strong></span> <span class='ocrx_word' id='word_1_505' title='bbox 1436 5231 1532 5295; x_wconf 79' lang='lat' dir='ltr'><strong>Klotzl:</strong></span> <span class='ocrx_word' id='word_1_506' title='bbox 1549 5233 1627 5285; x_wconf 78' lang='lat' dir='ltr'><strong>datae·</strong></span> 
     </span>
     <span class='ocr_line' id='line_1_45' title="bbox 307 5299 1624 5368; baseline 0.008 -21"><span class='ocrx_word' id='word_1_507' title='bbox 307 5300 354 5348; x_wconf 89' lang='lat' dir='ltr'><strong>PE</strong></span> <span class='ocrx_word' id='word_1_508' title='bbox 367 5302 411 5358; x_wconf 81' lang='lat' dir='ltr'><strong>G¹;</strong></span> <span class='ocrx_word' id='word_1_509' title='bbox 431 5300 476 5349; x_wconf 86' lang='lat' dir='ltr'><strong>dot</strong></span> <span class='ocrx_word' id='word_1_510' title='bbox 492 5303 533 5359; x_wconf 76' lang='lat' dir='ltr'><strong>G²;</strong></span> <span class='ocrx_word' id='word_1_511' title='bbox 550 5303 648 5364; x_wconf 83' lang='lat' dir='ltr'><strong>petitur</strong></span> <span class='ocrx_word' id='word_1_512' title='bbox 665 5302 720 5351; x_wconf 88' lang='lat' dir='ltr'><strong>SO.</strong></span> <span class='ocrx_word' id='word_1_513' title='bbox 743 5299 879 5353; x_wconf 82' lang='lat' dir='ltr'><strong>Ctltladv.</strong></span> <span class='ocrx_word' id='word_1_514' title='bbox 892 5299 988 5365; x_wconf 77' lang='lat' dir='ltr'><strong>ploti.</strong></span> <span class='ocrx_word' id='word_1_515' title='bbox 1003 5327 1029 5338; x_wconf 97' lang='lat'><em>-</em></span> <span class='ocrx_word' id='word_1_516' title='bbox 1050 5305 1090 5355; x_wconf 86' lang='grc'><strong>49.</strong></span> <span class='ocrx_word' id='word_1_517' title='bbox 1108 5305 1199 5368; x_wconf 84' lang='lat' dir='ltr'><strong>inpune</strong></span> <span class='ocrx_word' id='word_1_518' title='bbox 1215 5310 1234 5357; x_wconf 94' lang='lat' dir='ltr'>P</span> <span class='ocrx_word' id='word_1_519' title='bbox 1248 5330 1275 5342; x_wconf 93' lang='lat'><em>-</em></span> <span class='ocrx_word' id='word_1_520' title='bbox 1295 5319 1312 5356; x_wconf 81' lang='lat' dir='ltr'><strong>a</strong></span> <span class='ocrx_word' id='word_1_521' title='bbox 1329 5309 1357 5357; x_wconf 88' lang='lat' dir='ltr'><strong>P.</strong></span> <span class='ocrx_word' id='word_1_522' title='bbox 1376 5308 1403 5356; x_wconf 92' lang='lat' dir='ltr'><strong>in</strong></span> <span class='ocrx_word' id='word_1_523' title='bbox 1420 5320 1473 5358; x_wconf 88' lang='lat' dir='ltr'><strong>ras.</strong></span> <span class='ocrx_word' id='word_1_524' title='bbox 1490 5305 1573 5359; x_wconf 81' lang='lat' dir='ltr'><strong>babet</strong></span> <span class='ocrx_word' id='word_1_525' title='bbox 1596 5333 1624 5344; x_wconf 94' lang='lat'>-</span> 
     </span>
     <span class='ocr_line' id='line_1_46' title="bbox 305 5372 1627 5439; baseline 0.008 -18"><span class='ocrx_word' id='word_1_526' title='bbox 305 5372 347 5421; x_wconf 92' lang='grc'><strong>44.</strong></span> <span class='ocrx_word' id='word_1_527' title='bbox 364 5378 518 5436; x_wconf 71' lang='lat' dir='ltr'><strong>opteuorque</strong></span> <span class='ocrx_word' id='word_1_528' title='bbox 533 5377 553 5426; x_wconf 88' lang='lat' dir='ltr'>P</span> <span class='ocrx_word' id='word_1_529' title='bbox 570 5402 597 5411; x_wconf 98' lang='lat'>-</span> <span class='ocrx_word' id='word_1_530' title='bbox 615 5389 658 5425; x_wconf 83' lang='lat' dir='ltr'><strong>cos</strong></span> <span class='ocrx_word' id='word_1_531' title='bbox 675 5389 727 5425; x_wconf 90' lang='lat' dir='ltr'><strong>om.</strong></span> <span class='ocrx_word' id='word_1_532' title='bbox 746 5376 766 5426; x_wconf 91' lang='lat' dir='ltr'>E</span> <span class='ocrx_word' id='word_1_533' title='bbox 782 5402 816 5413; x_wconf 93' lang='lat'>-</span> <span class='ocrx_word' id='word_1_534' title='bbox 828 5376 919 5439; x_wconf 75' lang='lat' dir='ltr'><strong>paucis</strong></span> <span class='ocrx_word' id='word_1_535' title='bbox 935 5379 955 5429; x_wconf 88' lang='lat' dir='ltr'>P</span> <span class='ocrx_word' id='word_1_536' title='bbox 971 5379 997 5426; x_wconf 92' lang='lat' dir='ltr'><strong>in</strong></span> <span class='ocrx_word' id='word_1_537' title='bbox 1014 5390 1066 5429; x_wconf 87' lang='lat' dir='ltr'><strong>ras.</strong></span> <span class='ocrx_word' id='word_1_538' title='bbox 1086 5377 1174 5429; x_wconf 87' lang='lat' dir='ltr'><strong>babet.</strong></span> <span class='ocrx_word' id='word_1_539' title='bbox 1195 5407 1222 5415; x_wconf 91' lang='lat'>—</span> <span class='ocrx_word' id='word_1_540' title='bbox 1240 5382 1282 5430; x_wconf 90' lang='grc'><strong>44.</strong></span> <span class='ocrx_word' id='word_1_541' title='bbox 1300 5381 1383 5432; x_wconf 84' lang='lat' dir='ltr'><strong>diebus</strong></span> <span class='ocrx_word' id='word_1_542' title='bbox 1399 5382 1436 5431; x_wconf 79' lang='lat' dir='ltr'><strong>nis</strong></span> <span class='ocrx_word' id='word_1_543' title='bbox 1452 5382 1505 5432; x_wconf 83' lang='lat' dir='ltr'><strong>EG</strong></span> <span class='ocrx_word' id='word_1_544' title='bbox 1522 5406 1550 5417; x_wconf 94' lang='lat'>-</span> <span class='ocrx_word' id='word_1_545' title='bbox 1569 5393 1627 5431; x_wconf 86' lang='lat' dir='ltr'><strong>coe-</strong></span> 
     </span>
     <span class='ocr_line' id='line_1_47' title="bbox 305 5446 1626 5512; baseline 0.01 -17"><span class='ocrx_word' id='word_1_546' title='bbox 305 5446 353 5496; x_wconf 84' lang='lat' dir='ltr'><strong>lius</strong></span> <span class='ocrx_word' id='word_1_547' title='bbox 369 5448 387 5496; x_wconf 89' lang='lat' dir='ltr'>P</span> <span class='ocrx_word' id='word_1_548' title='bbox 406 5447 462 5509; x_wconf 86' lang='lat' dir='ltr'><strong>(sed</strong></span> <span class='ocrx_word' id='word_1_549' title='bbox 479 5462 494 5498; x_wconf 92' lang='grc' dir='ltr'>ο</span> <span class='ocrx_word' id='word_1_550' title='bbox 511 5450 537 5499; x_wconf 93' lang='lat' dir='ltr'><strong>iu</strong></span> <span class='ocrx_word' id='word_1_551' title='bbox 555 5450 633 5512; x_wconf 62' lang='lat' dir='ltr'><strong>rasi,</strong></span> <span class='ocrx_word' id='word_1_552' title='bbox 651 5450 725 5500; x_wconf 75' lang='lat' dir='ltr'><strong>celino</strong></span> <span class='ocrx_word' id='word_1_553' title='bbox 741 5450 830 5501; x_wconf 87' lang='lat' dir='ltr'><strong>EG-</strong></span> <span class='ocrx_word' id='word_1_554' title='bbox 849 5450 890 5500; x_wconf 86' lang='grc'><strong>43.</strong></span> <span class='ocrx_word' id='word_1_555' title='bbox 908 5450 1054 5502; x_wconf 84' lang='lat' dir='ltr'><strong>seditionum</strong></span> <span class='ocrx_word' id='word_1_556' title='bbox 1071 5453 1090 5503; x_wconf 87' lang='lat' dir='ltr'>E</span> <span class='ocrx_word' id='word_1_557' title='bbox 1108 5478 1136 5490; x_wconf 91' lang='lat'><em>-</em></span> <span class='ocrx_word' id='word_1_558' title='bbox 1155 5456 1223 5504; x_wconf 83' lang='lat' dir='ltr'><strong>cedis</strong></span> <span class='ocrx_word' id='word_1_559' title='bbox 1238 5457 1329 5506; x_wconf 87' lang='lat' dir='ltr'><strong>PG-</strong></span> <span class='ocrx_word' id='word_1_560' title='bbox 1348 5456 1389 5508; x_wconf 92' lang='grc'><strong>44.</strong></span> <span class='ocrx_word' id='word_1_561' title='bbox 1404 5454 1488 5508; x_wconf 79' lang='lat' dir='ltr'><strong>verba</strong></span> <span class='ocrx_word' id='word_1_562' title='bbox 1503 5455 1626 5508; x_wconf 73' lang='grc'><strong>4044444444</strong></span> 
     </span>
     <span class='ocr_line' id='line_1_48' title="bbox 305 5523 1627 5596; baseline 0.01 -26"><span class='ocrx_word' id='word_1_563' title='bbox 305 5523 357 5571; x_wconf 87' lang='lat' dir='ltr'><strong>sine</strong></span> <span class='ocrx_word' id='word_1_564' title='bbox 372 5535 401 5572; x_wconf 87' lang='lat' dir='ltr'><strong>re</strong></span> <span class='ocrx_word' id='word_1_565' title='bbox 410 5549 426 5559; x_wconf 93' lang='lat'>-</span> <span class='ocrx_word' id='word_1_566' title='bbox 434 5549 448 5559; x_wconf 92' lang='lat'>-</span> <span class='ocrx_word' id='word_1_567' title='bbox 458 5525 616 5587; x_wconf 60' lang='lat' dir='ltr'><strong>minctum</strong></span> <span class='ocrx_word' id='word_1_568' title='bbox 633 5527 771 5577; x_wconf 83' lang='lat' dir='ltr'><strong>Garatonio</strong></span> <span class='ocrx_word' id='word_1_569' title='bbox 788 5528 848 5591; x_wconf 88' lang='lat' dir='ltr'><strong>post</strong></span> <span class='ocrx_word' id='word_1_570' title='bbox 863 5526 950 5576; x_wconf 82' lang='lat' dir='ltr'><strong>ducem</strong></span> <span class='ocrx_word' id='word_1_571' title='bbox 960 5526 1054 5576; x_wconf 69' lang='grc'><strong>44444444</strong></span> <span class='ocrx_word' id='word_1_572' title='bbox 1071 5527 1267 5592; x_wconf 72' lang='lat' dir='ltr'><strong>bansponendn</strong></span> <span class='ocrx_word' id='word_1_573' title='bbox 1277 5527 1410 5580; x_wconf 81' lang='lat' dir='ltr'><strong>videntur.</strong></span> <span class='ocrx_word' id='word_1_574' title='bbox 1425 5557 1453 5568; x_wconf 92' lang='lat'><em>-</em></span> <span class='ocrx_word' id='word_1_575' title='bbox 1471 5532 1513 5583; x_wconf 87' lang='grc'><strong>46.</strong></span> <span class='ocrx_word' id='word_1_576' title='bbox 1525 5531 1627 5596; x_wconf 67' lang='lat' dir='ltr'><strong>ammte</strong></span> 
     </span>
     <span class='ocr_line' id='line_1_49' title="bbox 307 5596 1623 5671; baseline 0.01 -26"><span class='ocrx_word' id='word_1_577' title='bbox 307 5598 325 5645; x_wconf 90' lang='lat' dir='ltr'>P</span> <span class='ocrx_word' id='word_1_578' title='bbox 344 5622 370 5631; x_wconf 97' lang='lat'><em>-</em></span> <span class='ocrx_word' id='word_1_579' title='bbox 389 5596 430 5647; x_wconf 86' lang='grc'><strong>48.</strong></span> <span class='ocrx_word' id='word_1_580' title='bbox 449 5603 472 5647; x_wconf 87' lang='lat' dir='ltr'><strong>et</strong></span> <span class='ocrx_word' id='word_1_581' title='bbox 488 5599 522 5649; x_wconf 85' lang='lat' dir='ltr'><strong>ud</strong></span> <span class='ocrx_word' id='word_1_582' title='bbox 537 5600 744 5663; x_wconf 69' lang='lat' dir='ltr'><strong>inflammandam</strong></span> <span class='ocrx_word' id='word_1_583' title='bbox 758 5603 837 5652; x_wconf 83' lang='lat' dir='ltr'><strong>Bake.</strong></span> <span class='ocrx_word' id='word_1_584' title='bbox 858 5624 885 5636; x_wconf 94' lang='lat'><em>-</em></span> <span class='ocrx_word' id='word_1_585' title='bbox 904 5600 999 5667; x_wconf 85' lang='lat' dir='ltr'><strong>urbem]</strong></span> <span class='ocrx_word' id='word_1_586' title='bbox 1016 5601 1143 5653; x_wconf 78' lang='lat' dir='ltr'><strong>ciuitatem</strong></span> <span class='ocrx_word' id='word_1_587' title='bbox 1159 5606 1188 5653; x_wconf 87' lang='lat' dir='ltr'><strong>G.</strong></span> <span class='ocrx_word' id='word_1_588' title='bbox 1213 5602 1252 5655; x_wconf 89' lang='lat' dir='ltr'><strong>Ct.</strong></span> <span class='ocrx_word' id='word_1_589' title='bbox 1270 5617 1326 5654; x_wconf 90' lang='lat' dir='ltr'><strong>var.</strong></span> <span class='ocrx_word' id='word_1_590' title='bbox 1345 5602 1406 5656; x_wconf 89' lang='lat' dir='ltr'><strong>lect.</strong></span> <span class='ocrx_word' id='word_1_591' title='bbox 1425 5604 1460 5657; x_wconf 86' lang='lat' dir='ltr'><strong>ad</strong></span> <span class='ocrx_word' id='word_1_592' title='bbox 1476 5620 1509 5671; x_wconf 90' lang='lat' dir='ltr'><strong>p..</strong></span> <span class='ocrx_word' id='word_1_593' title='bbox 1522 5607 1580 5668; x_wconf 80' lang='lat' dir='ltr'><strong>ise,</strong></span> <span class='ocrx_word' id='word_1_594' title='bbox 1598 5608 1623 5658; x_wconf 88' lang='grc'><strong>4.</strong></span> 
     </span>
     <span class='ocr_line' id='line_1_50' title="bbox 305 5671 1626 5741; baseline 0.01 -21"><span class='ocrx_word' id='word_1_595' title='bbox 305 5698 338 5709; x_wconf 92' lang='grc'>-</span> <span class='ocrx_word' id='word_1_596' title='bbox 354 5672 381 5720; x_wconf 90' lang='lat' dir='ltr'><strong>in</strong></span> <span class='ocrx_word' id='word_1_597' title='bbox 395 5671 443 5723; x_wconf 82' lang='lat' dir='ltr'><strong>iac</strong></span> <span class='ocrx_word' id='word_1_598' title='bbox 460 5673 498 5722; x_wconf 88' lang='lat' dir='ltr'><strong>C:</strong></span> <span class='ocrx_word' id='word_1_599' title='bbox 516 5672 543 5721; x_wconf 89' lang='lat' dir='ltr'><strong>in</strong></span> <span class='ocrx_word' id='word_1_600' title='bbox 559 5685 590 5722; x_wconf 87' lang='lat' dir='ltr'><strong>ec</strong></span> <span class='ocrx_word' id='word_1_601' title='bbox 602 5673 639 5734; x_wconf 85' lang='lat'><strong>·0;</strong></span> <span class='ocrx_word' id='word_1_602' title='bbox 658 5673 691 5724; x_wconf 89' lang='lat' dir='ltr'><strong>ct.</strong></span> <span class='ocrx_word' id='word_1_603' title='bbox 709 5674 724 5738; x_wconf 74' lang='grc'>5</span> <span class='ocrx_word' id='word_1_604' title='bbox 741 5676 771 5727; x_wconf 83' lang='lat' dir='ltr'><strong>to</strong></span> <span class='ocrx_word' id='word_1_605' title='bbox 789 5679 816 5727; x_wconf 90' lang='lat' dir='ltr'><strong>et</strong></span> <span class='ocrx_word' id='word_1_606' title='bbox 831 5673 918 5727; x_wconf 86' lang='lat' dir='ltr'><strong>bladv.</strong></span> <span class='ocrx_word' id='word_1_607' title='bbox 937 5673 971 5726; x_wconf 89' lang='lat' dir='ltr'><strong>de</strong></span> <span class='ocrx_word' id='word_1_608' title='bbox 988 5676 1059 5727; x_wconf 82' lang='lat' dir='ltr'><strong>Finn.</strong></span> <span class='ocrx_word' id='word_1_609' title='bbox 1078 5689 1104 5741; x_wconf 90' lang='lat' dir='ltr'><strong>p.</strong></span> <span class='ocrx_word' id='word_1_610' title='bbox 1123 5677 1180 5729; x_wconf 86' lang='grc'><strong>364.</strong></span> <span class='ocrx_word' id='word_1_611' title='bbox 1195 5704 1222 5717; x_wconf 91' lang='grc'>-</span> <span class='ocrx_word' id='word_1_612' title='bbox 1241 5679 1282 5729; x_wconf 84' lang='grc'><strong>49.</strong></span> <span class='ocrx_word' id='word_1_613' title='bbox 1299 5678 1404 5731; x_wconf 73' lang='lat' dir='ltr'><strong>lubidini</strong></span> <span class='ocrx_word' id='word_1_614' title='bbox 1419 5682 1440 5733; x_wconf 85' lang='lat' dir='ltr'>P</span> <span class='ocrx_word' id='word_1_615' title='bbox 1453 5707 1480 5719; x_wconf 96' lang='lat'>-</span> <span class='ocrx_word' id='word_1_616' title='bbox 1498 5680 1626 5733; x_wconf 72' lang='lat' dir='ltr'><strong>muliebria</strong></span> 
     </span>
     <span class='ocr_line' id='line_1_51' title="bbox 306 5746 1626 5812; baseline 0.009 -15"><span class='ocrx_word' id='word_1_617' title='bbox 306 5747 339 5805; x_wconf 71' lang='lat' dir='ltr'><strong>P,</strong></span> <span class='ocrx_word' id='word_1_618' title='bbox 356 5746 467 5797; x_wconf 60' lang='lat' dir='ltr'><strong>mulmis</strong></span> <span class='ocrx_word' id='word_1_619' title='bbox 483 5748 501 5797; x_wconf 88' lang='lat' dir='ltr'>S</span> <span class='ocrx_word' id='word_1_620' title='bbox 517 5749 544 5799; x_wconf 89' lang='lat' dir='ltr'><strong>et</strong></span> <span class='ocrx_word' id='word_1_621' title='bbox 556 5747 572 5799; x_wconf 96' lang='grc'><strong>4</strong></span> <span class='ocrx_word' id='word_1_622' title='bbox 586 5749 685 5799; x_wconf 83' lang='lat' dir='ltr'><strong>Oxonn.</strong></span> <span class='ocrx_word' id='word_1_623' title='bbox 701 5776 727 5784; x_wconf 98' lang='lat'><em>-</em></span> <span class='ocrx_word' id='word_1_624' title='bbox 746 5749 787 5800; x_wconf 84' lang='grc'><strong>30.</strong></span> <span class='ocrx_word' id='word_1_625' title='bbox 804 5754 828 5801; x_wconf 86' lang='lat' dir='ltr'><strong>et</strong></span> <span class='ocrx_word' id='word_1_626' title='bbox 842 5749 1012 5812; x_wconf 75' lang='lat' dir='ltr'><strong>turpissimam</strong></span> <span class='ocrx_word' id='word_1_627' title='bbox 1022 5751 1105 5801; x_wconf 81' lang='lat' dir='ltr'><strong>Bake:</strong></span> <span class='ocrx_word' id='word_1_628' title='bbox 1124 5759 1148 5804; x_wconf 89' lang='lat' dir='ltr'><strong>et</strong></span> <span class='ocrx_word' id='word_1_629' title='bbox 1164 5766 1217 5804; x_wconf 91' lang='lat' dir='ltr'><strong>om.</strong></span> <span class='ocrx_word' id='word_1_630' title='bbox 1231 5752 1309 5805; x_wconf 92' lang='lat' dir='ltr'><strong>codd.</strong></span> <span class='ocrx_word' id='word_1_631' title='bbox 1323 5754 1381 5805; x_wconf 84' lang='lat' dir='ltr'><strong>eto</strong></span> <span class='ocrx_word' id='word_1_632' title='bbox 1395 5780 1422 5791; x_wconf 99' lang='lat'>-</span> <span class='ocrx_word' id='word_1_633' title='bbox 1442 5755 1483 5807; x_wconf 80' lang='grc'><strong>34.</strong></span> <span class='ocrx_word' id='word_1_634' title='bbox 1494 5757 1626 5809; x_wconf 67' lang='grc'><strong>4044444444-</strong></span> 
     </span>
     <span class='ocr_line' id='line_1_52' title="bbox 305 5820 1622 5897; baseline 0.011 -29"><span class='ocrx_word' id='word_1_635' title='bbox 305 5823 354 5869; x_wconf 80' lang='lat' dir='ltr'><strong>tote</strong></span> <span class='ocrx_word' id='word_1_636' title='bbox 369 5820 460 5872; x_wconf 73' lang='lat' dir='ltr'><strong>PBG:</strong></span> <span class='ocrx_word' id='word_1_637' title='bbox 478 5821 641 5874; x_wconf 68' lang='lat' dir='ltr'><strong>constuuitote</strong></span> <span class='ocrx_word' id='word_1_638' title='bbox 654 5820 723 5873; x_wconf 81' lang='lat' dir='ltr'><strong>coeo</strong></span> <span class='ocrx_word' id='word_1_639' title='bbox 739 5823 792 5874; x_wconf 84' lang='lat' dir='ltr'><strong>so.</strong></span> <span class='ocrx_word' id='word_1_640' title='bbox 818 5820 946 5876; x_wconf 85' lang='lat' dir='ltr'><strong>Wesenb.</strong></span> <span class='ocrx_word' id='word_1_641' title='bbox 965 5822 1067 5877; x_wconf 76' lang='lat' dir='ltr'><strong>contem</strong></span> <span class='ocrx_word' id='word_1_642' title='bbox 1082 5837 1121 5879; x_wconf 90' lang='lat' dir='ltr'><strong>or.</strong></span> <span class='ocrx_word' id='word_1_643' title='bbox 1139 5838 1166 5891; x_wconf 92' lang='lat' dir='ltr'><strong>p.</strong></span> <span class='ocrx_word' id='word_1_644' title='bbox 1184 5827 1269 5880; x_wconf 82' lang='lat' dir='ltr'><strong>belot.</strong></span> <span class='ocrx_word' id='word_1_645' title='bbox 1287 5826 1303 5892; x_wconf 73' lang='grc'><strong>4</strong></span> <span class='ocrx_word' id='word_1_646' title='bbox 1319 5827 1352 5881; x_wconf 80' lang='grc'><strong>40</strong></span> <span class='ocrx_word' id='word_1_647' title='bbox 1368 5831 1396 5882; x_wconf 86' lang='lat' dir='ltr'><strong>st</strong></span> <span class='ocrx_word' id='word_1_648' title='bbox 1411 5827 1477 5884; x_wconf 82' lang='lat' dir='ltr'><strong>Platl.</strong></span> <span class='ocrx_word' id='word_1_649' title='bbox 1489 5830 1522 5896; x_wconf 87' lang='lat'><strong>11,</strong></span> <span class='ocrx_word' id='word_1_650' title='bbox 1535 5829 1552 5897; x_wconf 73' lang='grc'><strong>4</strong></span> <span class='ocrx_word' id='word_1_651' title='bbox 1563 5830 1622 5885; x_wconf 84' lang='grc'><strong>444.</strong></span> 
     </span>
    </p>
   </div>
   <div class='ocr_carea' id='block_1_4' title="bbox 0 0 1904 7350">
    <p class='ocr_par' dir='ltr' id='par_1_4' title="bbox 0 0 1904 7350">
     <span class='ocr_line' id='line_1_53' title="bbox 0 0 1904 7350; baseline 0 0"><span class='ocrx_word' id='word_1_652' title='bbox 0 0 1904 7350; x_wconf 95' lang='lat' dir='ltr'><strong> </strong></span> 
     </span>
    </p>
   </div>
  </div>
 </body>
</html>
