3800 7350
315 1161 399 1229 4440
623 1164 773 1231 ORATIO
795 1166 873 1231 PRO
897 1165 931 1230 C.
952 1164 1115 1231 RABIRIO
1136 1163 1328 1230 rossolio

315 1334 351 1398 in
373 1355 446 1399 eum
467 1334 538 1401 lites
560 1336 752 1400 aestimares.
774 1368 816 1383 -
836 1336 877 1400 At
896 1355 981 1400 nunc
1002 1336 1107 1400 audio.
1121 1370 1163 1382 -
1184 1337 1267 1399 Reus
1288 1335 1385 1417 igitur
1405 1334 1573 1397 Postumus
1588 1343 1638 1399 est

316 1449 355 1494 ea
376 1429 463 1512 lege,
486 1450 550 1514 qua
570 1450 636 1494 non
657 1430 752 1494 modo
773 1432 857 1516 ipse,
880 1431 935 1493 sed
958 1437 1044 1493 totus
1066 1430 1160 1494 etiam
1183 1430 1261 1493 ordo
1283 1428 1405 1492 solutus
1426 1447 1463 1492 ac
1484 1428 1638 1493 liberast.

315 1524 368 1587 Vl.
391 1519 441 1586 43.
462 1523 521 1587 4444
543 1543 601 1606 ego
622 1545 707 1588 nunc
729 1544 793 1587 non
815 1545 870 1589 vos
897 1524 985 1607 prius
1007 1524 1200 1606 implorabo,
1232 1523 1356 1607 equites
1378 1524 1527 1598 Romani,
1558 1544 1639 1608 quo·

314 1636 384 1680 rum
411 1616 461 1680 ius
491 1615 611 1681 iudicio
633 1624 788 1693 tentatur,
818 1637 913 1701 quam
934 1638 991 1681 vos
1014 1625 1193 1692 senatores,
1222 1636 1356 1701 quorum
1379 1617 1482 1699 agitur
1502 1617 1581 1681 fides
1603 1616 1638 1680 in

290 1710 399 1774 chuno
427 1712 588 1775 ordinem:
618 1732 699 1797 quae
728 1713 856 1795 quidem
885 1732 957 1774 cum
985 1730 1079 1793 saepe
1106 1719 1195 1785 ante,
1224 1717 1291 1774 tum
1319 1710 1351 1773 in
1372 1709 1433 1774 hac
1453 1710 1522 1793 ipsa
1544 1730 1639 1774 eausa

314 1824 416 1888 nuper
437 1812 485 1870 est
499 1807 634 1889 cognita.
656 1807 735 1869 Nam
751 1825 837 1879 cum,
860 1806 980 1888 optimo
997 1813 1028 1868 et
1042 1805 1311 1888 praestantissimo
1328 1804 1458 1868 consule
1474 1804 1530 1869 Cn.
1545 1807 1639 1869 Pom-

311 1899 387 1981 peio
411 1898 450 1963 de
471 1899 531 1962 hac
553 1900 622 1983 ipsa
643 1900 830 1983 quaestione
851 1898 1008 1962 referente
1014 1944 1024 1974 ,
1046 1901 1237 1963 exsisterent
1257 1919 1320 1962 non
1342 1898 1465 1974 nullae,
1488 1898 1543 1962 sed
1566 1920 1639 1982 per·

312 2012 432 2076 paucae
454 1999 559 2056 tamen
574 1993 703 2057 acerbae
718 1993 910 2067 sententiae,
934 2012 1016 2076 quae
1032 2000 1199 2057 censerent
1213 2000 1248 2056 ut
1267 1992 1403 2066 tribuni,
1425 2001 1461 2055 ut
1474 1992 1639 2076 praefecti,

313 2092 350 2148 ut
371 2085 509 2162 scribae,
530 2094 564 2150 ut
580 2088 708 2150 comites
725 2107 835 2150 omnes
851 2086 1089 2168 magistratuum
1105 2086 1174 2169 lege
1190 2086 1249 2149 hae
1262 2091 1461 2159 tenerentur,
1482 2107 1550 2161 444,
1571 2106 1638 2155 444,

277 2178 459 2261 uinquam,
482 2180 543 2265 ipsi
566 2188 599 2245 et
618 2188 746 2245 senatus
760 2181 912 2264 frequens
928 2181 1060 2243 restitit:
1084 2187 1116 2242 et
1131 2199 1320 2263 quamquam
1335 2187 1401 2241 tum
1416 2187 1544 2262 propter
1559 2180 1640 2242 mul·

314 2280 419 2336 torum
447 2273 561 2338 delicta
589 2275 683 2338 etiam
713 2275 753 2337 ad
782 2274 997 2338 innocentium
1019 2274 1195 2357 perieulum
1216 2281 1340 2356 tempus
1362 2273 1440 2336 illud
1464 2281 1639 2348 exarserat,

302 2374 435 2443 tamen,
463 2387 536 2431 cum
563 2367 672 2431 odium
700 2375 844 2431 nostrum
873 2366 1130 2449 restingueretis,
1159 2368 1235 2430 huic
1263 2367 1367 2429 ordini
1394 2368 1498 2450 ignem
1520 2388 1637 2433 novum

313 2461 425 2525 subiici
446 2481 512 2525 non
535 2462 663 2525 sitistis.
706 2458 757 2524 44.
779 2462 848 2526 Η44
869 2462 975 2525 animo
997 2462 1093 2543 igitur
1115 2467 1252 2524 senatus.
1292 2460 1399 2536 Ouidi
1421 2482 1494 2537 vos,
1516 2462 1639 2546 equites

314 2555 465 2631 Romani,
487 2555 565 2641 quid
586 2557 713 2620 tandem
735 2557 809 2620 estis
831 2556 955 2619 acturi?
977 2554 1105 2619 Glaucia
1123 2553 1261 2630 solebat,
1281 2554 1378 2617 homo
1400 2556 1558 2640 impurus,
1580 2554 1638 2619 sed

278 2662 306 2709 44
314 2658 420 2714 tamen
442 2656 569 2725 acutus,
591 2651 743 2734 populum
765 2670 895 2714 monere
917 2658 968 2723 ut,
991 2669 1063 2712 cum
1085 2649 1138 2712 lex
1159 2649 1265 2733 aliqua
1279 2649 1480 2725 recitaretur,
1501 2651 1638 2734 primum

314 2764 440 2810 versum
462 2744 656 2809 attenderet:
679 2746 707 2808 si
728 2752 812 2810 esset
833 2763 987 2808 4444444444
1009 2762 1124 2807 444444
1146 2762 1290 2806 44444444
1310 2760 1470 2807 44444444
1485 2764 1638 2819 44444444,

313 2858 355 2903 ne
377 2838 551 2913 laboraret;
573 2838 760 2902 sciretnihil
775 2838 814 2902 ad
831 2840 1055 2921 sepertinere:
1077 2836 1126 2900 sin
1148 2844 1232 2901 esset
1252 2855 1433 2911 ovrcvuovn
1455 2858 1532 2902 rosr
1554 2858 1636 2903 444444

314 2950 434 3006 arcun,
455 2929 580 2996 videret
597 2951 638 2994 ne
653 2951 715 3015 qua
733 2951 817 2995 nora
831 2933 1019 3014 quaestione
1033 2931 1222 3013 alligaretur.
1255 2926 1306 2994 45.
1320 2933 1410 2996 Nunc
1424 2952 1491 3009 444,
1513 2934 1637 3015 equites

314 3027 465 3100 Romani,
495 3024 611 3089 videte.
650 3025 742 3089 Scitis
771 3046 822 3089 me
845 3033 949 3089 ortum
972 3024 1120 3100 evolsis,
1149 3026 1253 3089 omnia
1275 3045 1399 3109 semper
1420 3027 1558 3092 sensisse
1579 3047 1637 3112 pro

278 3121 421 3185 44444444
450 3118 533 3184 nihil
558 3118 673 3182 horum
703 3120 771 3182 sine
802 3138 913 3201 magna
941 3138 1017 3182 cura
1045 3125 1077 3182 et
1103 3139 1223 3182 summa
1245 3121 1374 3183 caritate
1396 3121 1493 3184 vestri
1515 3114 1637 3185 ordinis

314 3216 439 3299 loquor.
470 3214 560 3277 Alius
581 3213 660 3276 alios
681 3212 826 3276 homines
849 3219 881 3276 et
902 3211 1045 3287 ordines,
1067 3231 1126 3294 ego
1142 3233 1199 3277 444
1216 3233 1341 3297 semper
1356 3215 1541 3298 complexus
1556 3235 1637 3278 sum.

314 3311 430 3374 idoneo
453 3314 486 3371 et
505 3307 666 3390 praedico,
688 3307 810 3390 integra
832 3327 866 3369 re
888 3326 1046 3389 causaque
1066 3307 1235 3381 denuntio,
1259 3327 1368 3371 omnes
1382 3309 1529 3372 homines
1545 3307 1637 3372 deos·

316 3424 378 3488 que
399 3410 513 3466 testor:
536 3401 609 3464 dum
631 3400 782 3483 potestis,
805 3401 878 3464 dum
901 3400 991 3473 lieet,
1022 3400 1187 3483 providete
1208 3422 1249 3464 ne
1271 3401 1428 3465 duriorem
1449 3404 1538 3467 vobis
1561 3423 1638 3466 con·

316 3497 470 3561 ditionem
492 3496 635 3559 statuatis
657 3494 824 3577 ordinique
847 3500 970 3568 vestro,
992 3513 1087 3577 quam
1108 3492 1191 3557 44444
1212 3496 1323 3578 possit.
1360 3497 1472 3580 Serpet
1492 3496 1553 3561 hoc
1572 3518 1638 3562 ma·

278 3593 398 3667 alum,
420 3590 497 3654 mihi
518 3590 652 3663 credite,
675 3588 799 3671 lougius
815 3608 909 3671 quam
931 3587 1059 3670 putatis.
1102 3589 1169 3650 Vll.
1185 3583 1235 3651 46.
1258 3590 1477 3655 Potentissimo
1495 3600 1526 3655 et
1546 3593 1637 3657 nohi-

315 3688 437 3750 lissimo
459 3685 586 3748 tribuno
608 3684 661 3766 pl.,
683 3686 724 3748 ll.
739 3684 858 3757 Druso,
880 3702 995 3745 novam
1010 3682 1044 3743 in
1060 3691 1239 3765 equestrem
1255 3684 1398 3748 ordinem
1415 3686 1635 3768 quaestionem

314 3780 428 3845 terenti
456 3800 484 3842 sr
514 3797 583 3851 4444
614 3797 653 3840 44
680 3798 745 3840 unu
775 3796 968 3840 rvnrcaunau
996 3794 1157 3840 nncvurau
1184 3797 1345 3853 csrrsssr,
1378 3787 1483 3862 aperte
1511 3781 1636 3864 equites

315 3875 448 3940 Romani
470 3872 663 3937 restiterunt.
700 3871 807 3947 Quid?
835 3871 895 3933 hoo
918 3871 1013 3934 licere
1040 3869 1210 3933 volebant?
1240 3872 1384 3948 minime;
1406 3893 1511 3957 neque
1533 3874 1636 3937 solum

313 3970 375 4033 hoc
404 3989 504 4053 genus
533 3967 686 4051 pecuniae
715 3966 884 4049 capiendae
906 3971 1015 4048 turpe,
1044 3964 1099 4026 sed
1122 3965 1214 4027 etiam
1237 3964 1392 4028 nefarium
1414 3986 1484 4030 esse
1506 3968 1637 4031 arbitra-

277 4064 439 4131 toliantur.
472 4063 519 4126 444
540 4069 644 4125 tamen
665 4061 711 4123 ita
732 4059 932 4142 disputabant
947 4078 1001 4121 eos
1017 4059 1117 4121 teneri
1130 4058 1254 4141 legibus
1268 4061 1308 4122 iis
1322 4067 1484 4140 oportere,
1507 4060 1563 4144 qui
1578 4080 1636 4124 suo

313 4157 432 4221 indicio
462 4162 568 4219 essent
593 4153 678 4217 illam
701 4152 914 4217 conditionem
937 4153 1020 4215 vitae
1041 4153 1151 4215 secuti.
1188 4155 1248 4216 «Te
1269 4153 1404 4217 delectat
1424 4154 1636 4238 amplissimus

314 4249 451 4314 civitatis
473 4247 604 4331 gradus,
634 4246 711 4310 sella
739 4237 877 4321 curulis,
896 4246 1015 4320 444444,
1043 4246 1192 4328 imperia,
1221 4247 1418 4330 pmvinciae,
1449 4247 1635 4322 sacerdotia,

314 4342 479 4428 triumphi,
512 4341 649 4425 denique
683 4341 786 4424 imago
816 4340 884 4423 ipsa
911 4338 952 4402 ad
988 4340 1179 4422 posteritatis
1210 4341 1394 4405 memoriam
1421 4342 1564 4424 prodita:
1594 4341 1637 4405 sit

313 4438 407 4501 simul
430 4438 523 4501 etiam
546 4434 722 4499 sollicitudo
744 4435 853 4519 aliqua
874 4442 905 4497 et
926 4434 1032 4516 legum
1056 4442 1087 4496 44
1107 4434 1293 4498 iudiciorum
1312 4437 1411 4499 maior
1426 4437 1555 4521 quidam
1569 4456 1637 4499 me·

313 4539 375 4598 tus.
414 4527 466 4595 47.
487 4532 552 4593 Nos
579 4530 640 4592 ista
663 4547 835 4612 numquam
858 4527 1103 4611 contempsimus
1124 4561 1166 4575 -
1188 4528 1232 4591 ita
1254 4529 1338 4593 enim
1361 4531 1563 4614 disputabant
1582 4564 1635 4607 —,

313 4811 472 4876 Madvigius:
490 4809 556 4872 quod
571 4808 598 4858 in
615 4807 645 4858 G.
660 4807 739 4857 44444
754 4819 816 4857 esses
832 4807 901 4869 (ercet
912 4806 940 4868 G)
958 4806 1021 4857 ninii
1034 4807 1135 4871 gabinio
1151 4807 1209 4857 doto
1227 4807 1273 4870 (sic
1288 4809 1364 4860 EGS
1380 4811 1408 4861 et
1423 4812 1529 4873 4044.;
1548 4812 1635 4863 dotum

315 4890 373 4952 UV)
390 4900 448 4937 4444
463 4886 490 4936 in
506 4897 562 4935 nen
578 4883 631 4932 liter
647 4882 789 4932 4444444444
805 4880 912 4933 4444444
930 4885 1027 4942 444444ῑ;
1045 4897 1120 4946 quom
1135 4884 1162 4933 in
1177 4898 1204 4948 g.
1220 4884 1298 4935 iudeo
1313 4898 1375 4936 44444
1391 4899 1466 4949 quom
1482 4889 1504 4939 et
1519 4887 1573 4938 liter
1588 4900 1635 4938 ee-

312 4966 477 5016 etimcrentnr
491 4959 554 5009 nihil
567 4957 663 5007 4404444
680 4957 767 5007 444444
782 4970 839 5006 enm
856 4961 907 5008 cet.
926 4958 1007 5015 Ciot.;
1031 4972 1105 5021 44444
1121 4959 1147 5009 in
1165 4959 1195 5009 G.
1213 4959 1231 5010 i.
1249 4973 1323 5022 esses,
1344 4962 1406 5011 44444
1422 4963 1452 5013 de
1468 4961 1569 5013 Rabirio
1585 4975 1636 5013 an-

314 5041 405 5100 444444,
427 5036 489 5087 nihil
510 5047 584 5098 quom
604 5033 627 5084 ei
646 5033 700 5082 lites
719 5033 911 5082 aestimarentur
930 5034 1048 5084 Muretus
1069 5032 1086 5085 l.
1106 5047 1141 5093 4.,
1167 5033 1214 5084 ubi
1232 5035 1375 5086 verborum
1393 5038 1634 5101 transpositionem,

313 5126 395 5180 quam
412 5114 437 5163 in
455 5110 515 5162 cod.
535 5107 598 5160 Cioi.
617 5108 767 5168 invenerat,
785 5107 904 5171 prolerre
922 5106 1044 5170 neglexit.
1064 5133 1091 5144 -
1117 5109 1140 5157 4.
1159 5113 1194 5158 est
1209 5121 1262 5160 om.
1281 5111 1302 5160 E
1320 5137 1347 5146 -
1370 5110 1394 5161 3.
1412 5110 1516 5173 implebo
1533 5113 1566 5172 E;
1585 5114 1636 5162 in-

310 5192 384 5255 ploro
401 5187 461 5239 cod.
480 5189 572 5237 Franc.
592 5210 620 5221 -
643 5183 668 5234 l.
686 5183 777 5232 4444444
794 5184 840 5233 444
856 5185 982 5233 Patricius
1001 5210 1028 5220 -
1053 5188 1166 5233 teneatur
1182 5184 1201 5234 U
1221 5211 1248 5222 -
1272 5185 1297 5235 8.
1312 5199 1411 5248 paucae
1428 5187 1472 5237 ed.
1491 5186 1584 5239 Lamln
1603 5213 1632 5225 -

313 5278 378 5330 4444
394 5265 437 5327 qni
453 5265 577 5313 censerent
593 5259 643 5309 EV
662 5281 689 5293 -
712 5258 736 5307 9.
753 5259 931 5320 magistratum
949 5258 968 5307 Ε
988 5284 1015 5294 -
1041 5259 1081 5307 te.
1099 5263 1211 5308 44444444
1227 5260 1344 5323 Madvig:
1362 5275 1412 5310 non
1429 5261 1508 5312 codd.
1527 5265 1555 5312 44
1571 5261 1633 5314 edd.
1717 5306 1722 5316 .

316 5367 345 5378 ..
364 5339 404 5389 43.
421 5337 498 5387 subici
515 5337 544 5391 S;
562 5334 616 5384 4444
632 5334 693 5383 Ε-
713 5332 752 5382 li.
769 5333 843 5382 sciret
859 5345 888 5381 v:
906 5333 1043 5395 scireCG,
1062 5334 1153 5384 4044.
1168 5361 1196 5370 -
1214 5334 1253 5384 sin
1269 5341 1328 5385 esset
1345 5336 1412 5385 CG:
1430 5336 1470 5385 sin
1486 5341 1569 5386 autem
1585 5336 1635 5389 bo

316 5438 345 5452 -
363 5414 405 5464 44.
423 5411 549 5472 44444414
569 5436 597 5447 -
613 5407 655 5459 il.
670 5408 768 5469 44444444
784 5409 898 5459 coniecit
914 5408 1040 5459 Patricius
1059 5435 1087 5445 -
1110 5409 1151 5458 26.
1169 5422 1261 5459 nouam
1276 5409 1392 5473 Madvig:
1416 5425 1494 5461 unam
1511 5410 1589 5463 codd.
1608 5414 1636 5463 et

315 5487 378 5541 edd.
397 5513 426 5524 -
444 5487 485 5537 47.
502 5485 594 5548 [necte
609 5484 630 5531 V
648 5496 688 5546 pr.
706 5495 742 5533 m.
763 5507 790 5519 -
811 5484 971 5533 iudicandam
988 5483 1127 5534 Patricius:
1149 5484 1288 5534 4444444444
1305 5483 1384 5534 4444.
1404 5489 1430 5536 44
1447 5487 1476 5538 0.
1500 5485 1539 5537 Cl.
1557 5486 1634 5539 Vera.

314 5567 373 5618 Act.
390 5565 415 5624 1,
433 5561 465 5626 §5
482 5561 522 5613 38.
541 5560 582 5609 39.
600 5557 644 5607 lib.
663 5559 701 5619 11,
724 5558 739 5621 g
757 5558 797 5609 78.
816 5559 875 5608 Tac.
894 5561 961 5608 Ana.
979 5558 1027 5619 lV,
1045 5557 1086 5609 34.
1110 5556 1214 5618 Quintil.
1232 5559 1264 5618 V,
1283 5559 1323 5619 40,
1341 5559 1372 5610 84
1389 5563 1442 5611 cet.
1462 5587 1489 5597 —
1508 5561 1549 5611 28.
1566 5561 1636 5612 4444-

314 5640 379 5692 batn
394 5640 429 5702 E,
447 5638 463 5690 t
480 5638 543 5688 0444.
563 5659 591 5670 -
613 5647 692 5696 neque
707 5633 772 5682 enim
787 5634 867 5683 solum
882 5633 1009 5683 Patricius
1029 5657 1056 5670 -
1079 5632 1120 5681 29.
1139 5646 1189 5683 esse
1204 5632 1293 5682 arbitr.
1312 5634 1402 5683 GSV:
1425 5636 1514 5686 444444.
1532 5649 1582 5686 esse
1598 5636 1633 5696 E;

314 5729 365 5768 esse
381 5728 435 5766 om.
454 5713 502 5766 UO
521 5737 549 5748 -
571 5710 612 5760 30.
630 5723 662 5758 44
678 5714 761 5759 tanen
777 5709 895 5769 EGSV‚
918 5709 934 5758 3
952 5709 1029 5760 Oris:
1054 5710 1230 5762 adamantio
1248 5735 1276 5746 -
1298 5710 1329 5759 iis
1347 5709 1448 5762 addidit
1464 5711 1589 5762 Patricius
1607 5714 1635 5760 44

315 5802 343 5841 v,
355 5788 382 5840 34
404 5789 436 5840 To
453 5814 478 5825 -
498 5785 539 5837 33.
554 5784 672 5847 44444444
688 5784 720 5833 ait
734 5783 808 5833 444444
818 5784 1021 5834 Mommsenius:
1037 5785 1147 5848 proditu.
1166 5786 1210 5837 list
1224 5785 1298 5836 4444444
1313 5785 1392 5838 codd.
1405 5788 1463 5840 440
1476 5814 1504 5825 -
1522 5787 1563 5840 at.
1575 5800 1634 5838 444-

315 5863 400 5916 cosm
415 5860 510 5923 codd.;
528 5873 598 5912 corr.
615 5860 779 5911 Hotomanus
797 5885 825 5897 -
842 5860 967 5922 quaedam
983 5860 1011 5912 U.
