3800 7350
674 1188 747 1253 on.
769 1187 968 1251 xx-xxr.
995 1183 1041 1271 §s
1063 1183 1210 1254 sr-oa.
1511 1180 1592 1249 altr

286 1358 364 1442 ipsis
392 1357 529 1421 comitiis
556 1354 664 1421 consul
691 1362 746 1418 aut
773 1364 856 1419 certe
884 1357 916 1419 in
946 1357 1035 1420 illum
1061 1376 1195 1420 annum:
1224 1355 1358 1420 aedilem
1379 1363 1413 1419 tu
1434 1356 1594 1419 Plancium

285 1451 401 1515 iactum
424 1471 493 1514 esse
515 1450 651 1523 miraris,
672 1450 705 1513 in
727 1469 790 1532 quo
813 1469 877 1513 non
899 1451 1014 1533 exigua
1035 1452 1107 1533 pars
1128 1451 1252 1535 populi,
1275 1450 1329 1516 sed
1350 1451 1515 1514 universus
1537 1469 1595 1532 po·

284 1545 377 1629 pulus
399 1544 592 1608 voluntatem
614 1563 702 1607 suam
725 1542 898 1618 declararit,
920 1544 1010 1607 cuins
1030 1545 1063 1606 in
1077 1544 1199 1607 honore
1213 1565 1277 1607 non
1293 1546 1386 1608 unius
1400 1546 1499 1609 tribus
1512 1564 1595 1627 pars,

286 1639 341 1702 sed
363 1637 490 1703 comitia
516 1645 584 1701 tota
611 1637 746 1700 comitiis
773 1637 890 1700 inerint
916 1639 1156 1720 praerogativa?
1198 1635 1249 1699 50.
1271 1637 1342 1713 Quo
1369 1639 1497 1722 quidem
1518 1646 1597 1701 tem·

284 1751 377 1815 pore,
409 1731 603 1804 Laterensis,
636 1730 662 1794 si
690 1729 723 1791 id
749 1728 853 1793 iacere
883 1730 1037 1794 voluisses
1059 1738 1114 1794 aut
1134 1732 1161 1795 si
1182 1731 1342 1814 gravitatis
1363 1753 1434 1796 esse
1454 1734 1620 1816 putassesl

285 1835 377 1900 tuae,
400 1825 486 1909 quod
507 1823 597 1887 multi
618 1824 739 1886 nobiles
761 1843 854 1906 saepo
874 1823 1032 1899 lecerunt,
1055 1831 1106 1899 nt,
1128 1844 1198 1888 cum
1219 1825 1321 1887 minus
1343 1824 1513 1890 valuissent
1534 1824 1598 1888 auf·

285 1919 393 2002 fragiis
415 1938 510 2003 quam
530 1924 710 2001 putassent,
738 1925 847 1999 postea
874 1917 1005 2000 prolatis
1027 1917 1161 1981 comitiis
1182 1924 1414 2000 prosternerent
1434 1937 1469 1981 se
1490 1925 1522 1981 et
1541 1937 1599 2000 po-

286 2012 361 2096 pulo
382 2012 524 2075 Romano
545 2009 642 2074 fracto
664 2009 770 2073 animo
792 2017 888 2094 atque
910 2009 1022 2074 humili
1044 2010 1277 2093 supplicarent,
1305 2030 1369 2073 non
1391 2009 1499 2074 dubito
1521 2011 1598 2093 quin

286 2105 389 2168 omnis
410 2104 449 2167 ad
472 2114 503 2169 te
525 2122 713 2167 conversura
734 2102 827 2167 inerit
850 2102 1027 2168 multitudo.
1059 2105 1236 2186 Numquam
1251 2104 1335 2167 enim
1354 2102 1422 2167 iore
1443 2104 1599 2178 nobilitas,

286 2199 408 2282 integra
429 2198 612 2283 praesertim
632 2205 728 2281 atque
751 2197 919 2271 innocens,
940 2217 960 2260 a
981 2197 1099 2281 populo
1121 2199 1262 2261 Romano
1281 2198 1416 2281 supplex
1435 2196 1599 2281 repudiata
1609 2205 1635 2251 ⁰⁰

287 2300 344 2356 ost.
378 2292 440 2355 Sed
462 2293 489 2357 si
512 2292 568 2355 tibi
590 2291 724 2374 gravitas
746 2298 800 2353 tua
821 2299 853 2354 et
875 2292 1056 2374 magnitudo
1078 2290 1173 2354 animi
1195 2291 1294 2372 pluris
1315 2290 1393 2366 init,
1418 2290 1509 2354 sicuti
1530 2311 1599 2355 esso

287 2387 412 2461 debuit,
434 2406 529 2471 quam
550 2384 703 2457 aedilitas,
730 2382 815 2458 noli,
836 2404 908 2447 cum
928 2383 1045 2447 babeas
1066 2384 1114 2458 id,
1136 2382 1222 2467 quod
1243 2383 1400 2458 malueris,
1422 2385 1600 2450 desiderare

287 2479 337 2554 id,
364 2479 449 2562 qnod
479 2478 609 2542 minoris
638 2478 767 2560 putaris.
809 2475 965 2561 Equidem
993 2478 1129 2560 primum
1157 2483 1194 2539 ut
1213 2476 1332 2541 bonore
1354 2478 1467 2561 dignus
1488 2498 1600 2552 essem,

288 2573 423 2636 maxime
445 2592 569 2655 semper
586 2569 743 2643 laboravi,
765 2569 906 2635 secundo
921 2579 956 2634 ut
971 2571 1167 2634 existimarer
1176 2592 1188 2632 ι·
1204 2572 1331 2634 tertium
1346 2571 1422 2633 mibi
1436 2569 1497 2634 init
1509 2571 1600 2647 illud,

288 2666 375 2750 quod
395 2666 555 2751 plerisque
577 2665 713 2747 primum
734 2672 798 2739 est,
820 2665 888 2746 ipso
908 2665 1026 2739 bonos,
1051 2664 1105 2747 qui
1126 2664 1167 2727 iis
1189 2665 1326 2749 denique
1348 2664 1441 2729 debet
1461 2685 1531 2728 esse
1552 2665 1638 2728 ira-u

289 2760 427 2834 candus,
450 2778 586 2843 quorum
602 2757 745 2842 dignitati
762 2757 898 2842 populus
913 2758 1069 2822 Romanus
1083 2757 1316 2834 testimonium,
1336 2778 1401 2823 non
1413 2755 1601 2823 beneficium

288 2853 449 2918 ambitioni
471 2852 567 2917 dedit

374 2947 459 3009 XXI.
481 2942 532 3009 54.
563 2945 696 3022 Quaeris
725 2944 836 3019 etiam,
866 2944 1061 3019 Laterensis,
1095 2945 1173 3029 qnid
1202 2944 1389 3028 imaginibus
1417 2948 1495 3024 tuis,
1525 2947 1603 3030 qnid

291 3040 490 3105 ornatissimo
511 3047 608 3122 atque
630 3039 748 3123 optimo
770 3038 856 3111 viro,
878 3038 958 3122 patri
979 3045 1050 3113 tiro,
1070 3037 1261 3122 respondeas
1281 3046 1415 3104 mortuo.
1450 3042 1521 3106 Noli
1543 3042 1603 3105 ista

290 3134 434 3199 meditari
461 3141 556 3218 atque
584 3132 663 3196 illud
685 3151 762 3196 cave
789 3132 910 3215 potius,
937 3151 978 3194 ne
999 3139 1054 3196 tua
1074 3134 1134 3196 ista
1156 3131 1295 3216 querella
1313 3133 1466 3218 dolorque
1487 3135 1640 3197 nimiusll

291 3230 329 3292 ab
351 3228 414 3291 illia
436 3226 675 3313 sapientissimis
696 3225 773 3288 viris
793 3226 1050 3308 reprebendatur.
1078 3226 1165 3288 Vidit
1178 3228 1262 3289 enim
1276 3234 1366 3308 pater
1379 3236 1451 3291 tuus
1464 3227 1603 3311 Appium

292 3321 475 3396 Claudium,
497 3320 727 3383 nobilissimum
748 3319 927 3395 bominem,
948 3320 1021 3384 rivo
1042 3326 1131 3404 patre
1153 3339 1228 3393 suo,
1249 3321 1469 3403 potentissimo
1490 3329 1522 3385 et
1542 3321 1604 3384 cla·

290 3415 415 3478 rissimo
444 3414 522 3489 civi,
551 3412 584 3475 C.
607 3412 756 3488 Claudio,
787 3413 919 3477 aedilem
941 3433 1007 3477 non
1029 3432 1099 3476 esse
1119 3412 1237 3477 iactum
1258 3420 1290 3477 et
1311 3413 1445 3477 eundem
1465 3414 1534 3477 sine
1554 3433 1604 3477 re-

291 3508 383 3592 pulsa
409 3507 525 3572 iactum
554 3525 624 3570 esse
653 3506 831 3582 consulem;
860 3506 938 3570 vidit
966 3507 1123 3570 bominem
1153 3506 1215 3569 sibi
1237 3508 1371 3571 maxime
1393 3508 1604 3582 coniunctum,

293 3602 452 3687 egregium
473 3601 590 3677 urum,
612 3601 647 3663 L.
668 3599 862 3674 Volcatium,
885 3600 965 3663 vidit
985 3602 1026 3663 bl.
1041 3598 1186 3663 Pisonem
1207 3600 1268 3664 ista
1285 3601 1318 3664 in
1333 3600 1492 3665 aedilitate
1506 3602 1642 3665 ouen-sn

292 3697 433 3761 aiuncula
455 3703 583 3780 accepta
604 3714 742 3758 summos
764 3714 783 3758 a
803 3695 918 3778 populo
940 3696 1081 3759 Romano
1103 3713 1172 3758 esse
1193 3694 1330 3760 honores
1345 3695 1487 3777 adeptos.
1519 3696 1604 3759 Avus

292 3810 374 3856 vero
390 3797 462 3853 tuus
484 3796 516 3852 et
545 3791 577 3852 P.
599 3789 731 3852 Nasicae
756 3789 814 3852 tibi
836 3788 1012 3852 aediliciam
1032 3787 1227 3872 praedicaret
1247 3790 1422 3872 repulsam,
1451 3809 1514 3872 qno
1536 3789 1605 3852 cive

292 3885 447 3948 neminem
470 3903 528 3965 ego
549 3890 652 3947 statam
673 3883 706 3945 in
726 3882 786 3946 bac
807 3901 841 3945 re
862 3882 989 3967 publica
1009 3881 1187 3958 fortiorem,
1215 3891 1245 3947 et
1268 3884 1302 3946 C.
1324 3884 1430 3958 Marii,
1451 3884 1507 3967 qui
1529 3882 1606 3946 dua-

291 3980 351 4042 bus
372 3976 540 4041 aedilitatis
561 3976 697 4060 acceptis
718 3975 853 4058 repulsis
875 3976 1013 4060 septiens
1036 3977 1146 4039 consul
1161 3984 1209 4040 est
1226 3975 1337 4052 lactus,
1359 3984 1391 4040 et
1403 3977 1438 4040 Ι..
1455 3976 1606 4051 Caesaris,

295 4071 350 4135 Cn.
372 4071 511 4146 Octavii,
533 4073 576 4134 bl.
598 4069 709 4144 Tullii,
732 4089 812 4152 quos
834 4083 944 4133 omnes
959 4070 1075 4133 scimus
1089 4069 1248 4134 aedilitate
1261 4071 1444 4153 praeteritos
1458 4068 1642 4134 consulesao

294 4183 363 4228 esse
385 4162 495 4227 iactos.
538 4161 588 4226 52.
612 4162 674 4226 Sed
702 4161 778 4246 quid
806 4182 865 4246 ego
892 4162 1051 4226 aedilicias
1072 4163 1215 4245 repulsas
1235 4163 1377 4246 colligo?
1406 4183 1489 4248 quae
1510 4182 1605 4246 saepe

294 4259 362 4322 eins
383 4257 472 4320 modi
491 4257 617 4320 habitae
639 4262 730 4330 sunt,
751 4263 786 4319 ut
806 4255 864 4331 iis,
886 4255 940 4340 qui
962 4257 1125 4340 praeteriti
1147 4265 1265 4334 essent,
1291 4257 1428 4340 benigne
1447 4278 1467 4321 a
1488 4257 1605 4342 populo

294 4352 409 4416 iactum
431 4350 596 4416 videretur.
636 4350 794 4413 Tribunus
826 4349 963 4413 militum
984 4350 1020 4412 L.
1041 4349 1221 4433 Philippus,
1251 4371 1373 4414 summa
1393 4352 1553 4417 nobilitate
1575 4358 1606 4415 et

295 4447 491 4530 eloquentia,
517 4451 666 4528 quaestor
693 4443 726 4507 C.
749 4443 891 4517 Caelius,
920 4443 1111 4507 clarissimus
1139 4463 1176 4507 ao
1203 4443 1393 4509 fortissimus
1414 4444 1606 4520 adolescens,

295 4540 411 4602 tribuni
432 4539 476 4623 pl.
497 4539 531 4602 P.
552 4537 688 4601 liutilius
708 4536 825 4612 Rufus,
858 4536 892 4600 C.
913 4537 1065 4612 Fimbria,
1088 4535 1121 4599 C.
1145 4537 1284 4614 Cassius,
1307 4537 1363 4602 Cn.
1384 4536 1511 4602 Orestes
1531 4537 1643 4601 tactim

294 4653 358 4696 non
386 4639 476 4709 sunt,
505 4652 585 4717 quos
613 4639 718 4696 umen
749 4650 859 4695 omnes
890 4630 1038 4694 consules
1058 4629 1157 4694 iactos
1178 4630 1295 4696 scimus
1320 4650 1407 4696 esset
1437 4651 1520 4716 quae
1547 4631 1606 4695 tibi

359 4900 534 4954 besselii:
559 4900 704 4951 om.0-
728 4899 961 4963 3.tauom(sic)‘l
983 4925 1016 4937 -
1039 4899 1607 4965 i.ssdom.T-coositio]comitiol'-

293 4974 1608 5043 omina-t.ummauauzstu,noursoso0-apopotoa.lpoa-asos

295 5055 378 5105 dubito
394 5055 454 5117 quio
470 5053 549 5103 comis
563 5064 714 5103 cosoomro
728 5052 804 5116 tamt
819 5051 949 5101 madtitudo
965 5049 1048 5102 babet
1063 5051 1206 5102 Arusianus
1222 5051 1256 5101 ll.
1274 5064 1296 5101 s.
1314 5050 1521 5102 amaturae
1536 5051 1570 5100 od
1585 5057 1609 5102 ts

293 5145 342 5194 pro
357 5130 532 5182 convertendus
547 5142 573 5192 p.
586 5127 630 5178 tat
652 5126 695 5179 ed.
709 5127 827 5178 Lindem.
839 5153 873 5164 -
888 5141 938 5177 noo
954 5125 1045 5192 simitu]
1062 5139 1128 5176 usuc
1143 5124 1225 5175 boddo
1236 5126 1299 5175 Τ-
1314 5124 1339 5174 9.
1351 5125 1496 5186 Nunquam
1506 5139 1609 5188 ··snp-

295 5202 766 5269 plsnbabetV—sersom.v-
790 5200 1022 5266 tdiotoqsr'l—
1045 5199 1477 5252 amomis-samu:
1499 5203 1606 5262 susti,

297 5281 345 5343 [ott
361 5280 390 5330 0.
412 5277 451 5330 Cl.
469 5276 634 5340 Wesenberg
651 5277 685 5327 ad
702 5290 740 5328 or.
758 5290 786 5342 p.
804 5278 888 5328 Sestio
903 5290 930 5342 p.
944 5275 976 5328 ib
993 5290 1019 5327 n.
1040 5300 1067 5312 -
1086 5275 1167 5325 sitiit·
1183 5276 1240 5327 T·
1262 5277 1302 5327 tt.
1320 5275 1359 5342 iis]
1376 5275 1473 5326 isl-
1489 5275 1609 5327 ᾶοσυιὰιι

298 5355 364 5405 Ε-
387 5352 529 5417 tdpupol.
555 5353 670 5402 .r.T-
695 5352 921 5415 adquaestum
945 5351 1046 5415 qundo
1067 5351 1116 5402 EO
1138 5376 1166 5387 -
1188 5350 1392 5402 tt.Vtes·tT-
1415 5349 1606 5403 aaronis:

298 5422 1608 5490 closo-ao.ootooumsass-tuo--ocosptansbetarisctannslu,atu-tunm

299 5506 326 5555 et
341 5502 504 5554 Priscianus:
523 5502 616 5553 letata
632 5502 652 5553 0
670 5526 699 5540 -
716 5501 859 5554 adiutam·
876 5528 904 5538 -
922 5502 964 5554 26.
981 5501 1160 5553 hemmam
1176 5500 1323 5566 (expunctis
1337 5498 1430 5551 litterb
1444 5500 1530 5563 misal
1546 5501 1605 5552 Τ-

297 5575 1609 5641 soso--rspouonnsbotv-27.Noscoutv-as.tmuma-moetT-ts.oe

298 5651 401 5703 dilttntts
415 5644 731 5717 cceptistsictrspulstslt
748 5649 1192 5714 mootutuuropmutsolnsm
1205 5676 1233 5687 -
1248 5649 1419 5714 musano
1432 5651 1608 5703 -duootast

298 5724 1607 5794 a-muta-as.msa-aa.osupaa-33.poupppssa-3amamma-eq

299 5796 1607 5865 Q.rE-aoatsscsssT-ao.sumtis—pensistutto-tomuos-wesbs-

298 5875 854 5942 hotv—onmisv-eeitausfoctotii.
