3800 7350
638 1183 711 1246 cu».
733 1183 1022 1247 xxvr-xxvu.
1050 1182 1096 1267 §3
1119 1181 1154 1248 et
1167 1183 1266 1250 -cc,
1530 1182 1612 1247 lose

292 1350 387 1414 tantis
409 1348 589 1413 nationibus
611 1351 763 1424 subactis,
791 1354 884 1414 tantis
907 1354 1001 1416 rebus
1023 1355 1132 1436 gestis,
1161 1356 1289 1418 minime
1311 1355 1445 1417 fructum
1468 1355 1611 1417 laborum

291 1452 432 1518 tuorum,
464 1443 603 1525 praemia
640 1445 869 1526 periculorum,
906 1448 1030 1510 virtutis
1063 1449 1199 1530 insignia
1232 1457 1431 1512 contemnere
1465 1447 1611 1510 debuisti.

290 1539 399 1621 Neque
431 1557 506 1600 vero
539 1539 755 1612 contemsisti,
788 1541 831 1601 sis
860 1540 934 1603 licet
960 1539 1120 1604 Themista
1149 1543 1341 1624 sapientior,
1374 1542 1429 1605 sed
1459 1563 1494 1605 os
1523 1551 1610 1605 tuum

288 1628 425 1693 ferreum
446 1638 576 1695 senatus
598 1632 743 1695 convicio
764 1633 922 1695 verberari
945 1634 1086 1696 noluisti.
1491 1686 1495 1693 .

373 1724 437 1786 lam
460 1724 564 1798 vides,
587 1716 736 1809 quoniam
759 1726 889 1809 quidem
912 1728 957 1790 ita
978 1728 1121 1791 mihimet
1142 1727 1187 1790 sni
1211 1729 1374 1806 inimicos,
1396 1738 1494 1793 utma
1509 1740 1636 1795 tecnms

288 1837 517 1901 compararem,
540 1827 572 1882 et
593 1820 769 1902 digressum
792 1841 896 1883 meum
919 1830 949 1884 et
971 1822 1144 1885 absentiam
1168 1831 1199 1884 et
1220 1821 1355 1885 reditum
1378 1826 1421 1886 ita
1443 1822 1535 1907 longe
1558 1834 1611 1887 tuo

289 1912 497 1993 praestitisse,
526 1922 559 1975 nt
581 1912 657 1975 mibi
681 1913 733 1976 ills
757 1916 862 1976 onrnin
884 1914 1093 1978 immortalem
1116 1917 1248 1996 gloriam
1270 1917 1429 1989 dederint,
1451 1917 1508 1979 tibi
1531 1938 1612 1981 sem·

288 2007 442 2088 piternam
475 2007 702 2089 turpitudinem
735 2009 915 2070 indixerint.
961 2005 1011 2069 66.
1045 2011 1124 2072 Num
1155 2013 1247 2073 etiam
1277 2011 1309 2072 in
1339 2012 1397 2073 hac
1427 2013 1611 2096 quetidiana

288 2099 417 2162 assidua¹
437 2098 619 2182 urbanaque
642 2101 705 2162 vita
729 2102 928 2183 splendorem
953 2110 1057 2175 tirum,
1088 2106 1237 2185 gratiam,
1268 2104 1482 2169 celebritatem
1505 2107 1612 2171 dorne·

288 2193 416 2266 sticam,
431 2213 558 2277 operam
573 2193 749 2265 sorensem,
773 2195 957 2266 consilinm,
980 2196 1149 2271 auxilinm,
1171 2198 1408 2274 auctoritatem,
1424 2202 1610 2264 sententiam
1622 2214 1650 2260 tc

287 2287 474 2350 senatoriam
497 2286 588 2348 nobis
609 2295 678 2360 ant,
709 2296 745 2349 ut
767 2289 871 2349 verius
893 2290 1013 2362 dicam,
1047 2290 1194 2373 cuiqnam
1222 2312 1256 2354 es
1278 2293 1387 2356 intimo
1409 2314 1445 2357 66
1469 2295 1613 2378 despica-

287 2380 407 2443 tissimo
422 2381 644 2443 antelaturns‘l
687 2381 817 2442 xxvii.
840 2387 921 2463 nge,
945 2390 1073 2445 senatus
1095 2384 1164 2447 edit
1186 2393 1233 2459 te,
1256 2387 1342 2469 qnod
1365 2407 1438 2450 enm
1460 2395 1493 2451 tu
1509 2389 1611 2453 lacere

287 2474 355 2536 iure
378 2472 543 2546 concedis,
577 2473 761 2537 asllictorem
785 2495 822 2538 ac
845 2474 1036 2555 perditorem
1059 2496 1123 2538 nnn
1146 2477 1240 2540 modo
1264 2478 1428 2561 dignitatis
1450 2489 1482 2544 et
1503 2491 1613 2547 aucto-

287 2567 403 2640 ritatis,
427 2567 483 2629 sed
505 2567 634 2629 omnino
656 2569 776 2629 ordinis
799 2587 835 2630 ac
858 2568 995 2631 neminis
1018 2570 1088 2631 sni:
1118 2569 1225 2632 videre
1248 2572 1371 2655 equites
1394 2574 1525 2639 Romani
1549 2598 1611 2640 non

286 2668 432 2743 possunt,
455 2680 520 2743 que
543 2681 583 2723 ex
606 2661 717 2723 ordine
741 2663 788 2724 vir
809 2662 1098 2744 praestantissimus
1121 2671 1153 2725 et
1175 2665 1411 2740 ornatissimus,
1438 2668 1472 2729 L.
1492 2669 1649 2744 belinum

286 2761 335 2817 est
356 2762 386 2816 te
409 2753 541 2818 consule
563 2754 735 2837 relegatus:
757 2755 847 2838 plebs
870 2755 1011 2819 Romana
1034 2756 1191 2838 perditum
1213 2758 1316 2841 cupit,
1343 2760 1377 2823 in
1399 2759 1488 2823 cuius
1510 2769 1543 2824 tu
1564 2761 1612 2824 in·

286 2849 413 2938 iamiam*
434 2867 489 2923 ea,
524 2868 606 2932 quae
628 2869 687 2931 per
709 2849 845 2912 latrones
869 2855 899 2910 et
929 2869 984 2931 per
1005 2869 1115 2912 servos
1137 2849 1176 2911 de
1198 2871 1248 2915 me
1271 2871 1397 2936 egeras,
1430 2854 1611 2919 contulisti:

287 2943 375 3006 ltalia
396 2951 510 3005 cuncta
532 2950 732 3016 exsecretur,
767 2942 855 3004 cuius
885 2941 968 3004 idern
991 2949 1025 3004 tu
1048 2943 1271 3026 superbissime
1295 2945 1422 3011 decreta
1448 2955 1480 3011 et
1502 2968 1611 3032 preces

285 3037 467 3121 repudiasti.
511 3033 561 3097 66.
585 3038 645 3099 Fac
668 3036 761 3100 buius
777 3036 842 3100 odii
860 3036 938 3098 tanti
956 3056 992 3097 ac
1009 3045 1072 3098 tam
1087 3038 1227 3099 universi
1243 3038 1436 3121 periculum,
1459 3043 1485 3106 si
1501 3043 1610 3106 audes.

285 3132 404 3193 lnstant
425 3136 498 3213 post
517 3128 681 3193 bominum
698 3130 881 3193 memoriam
897 3130 1128 3211 apparatissimi
1144 3127 1511 3220 magnificentissimique
1532 3136 1647 3209 ludim

284 3223 393 3309 quales
420 3243 486 3286 non
516 3222 612 3286 mode
642 3244 816 3306 numquam
844 3224 993 3296 fuerunt,
1028 3224 1084 3286 sed
1114 3243 1155 3286 ne
1183 3244 1248 3307 qno
1271 3225 1364 3290 modo
1386 3227 1456 3290 lieri
1479 3228 1608 3311 quidem

283 3316 415 3400 posthac
437 3319 573 3399 possint,
596 3337 725 3399 possum
750 3317 816 3379 ullo
838 3324 931 3401 pacto
954 3318 1118 3401 suspicari.
1161 3319 1209 3380 Da
1231 3327 1262 3380 te
1284 3320 1420 3403 populo,
1449 3324 1608 3387 committe

284 3410 376 3473 ludis.
410 3410 543 3473 Sibilum
566 3411 701 3473 metuis?
724 3411 777 3474 nbi
801 3419 876 3473 sunt
898 3419 1020 3473 vestrae
1042 3410 1196 3474 scholae?
1219 3414 1264 3474 Ne
1284 3413 1476 3479 acclametur
1494 3417 1607 3494 times?

284 3524 322 3568 ne
343 3501 376 3566 id
399 3502 527 3588 quidem
551 3512 599 3566 est
621 3523 728 3567 curare
751 3503 940 3586 philosophi.
990 3506 1103 3566 Manus
1133 3505 1188 3566 tibi
1218 3526 1258 3568 ne
1287 3506 1483 3570 afferantur?
1516 3509 1608 3573 dolor

283 3599 364 3661 enim
387 3604 436 3660 est
456 3597 589 3670 malum,
622 3605 656 3659 ut
678 3606 712 3660 tu
735 3597 896 3680 disputas:
933 3597 1139 3671 existimatio,
1162 3597 1317 3672 dedecus,
1339 3599 1484 3674 infamia,
1507 3605 1644 3687 turpi-ss

284 3691 359 3755 tudo
380 3690 475 3754 rerba
498 3700 594 3774 atque
617 3692 766 3775 ineptiae.
811 3692 873 3753 Sed
896 3692 935 3755 de
957 3692 1018 3754 boc
1040 3711 1105 3753 non
1127 3691 1259 3755 dubito:
1282 3714 1344 3756 non
1368 3693 1497 3758 audebit
1518 3717 1606 3759 acce·

282 3785 356 3849 dere
378 3785 418 3848 ad
439 3784 542 3848 ludos.
586 3784 637 3847 66.
671 3785 855 3849 Conuiuium
877 3786 1038 3868 poblicum
1062 3803 1126 3846 non
1150 3784 1311 3866 dignitatis
1334 3806 1430 3849 causa
1450 3787 1543 3851 inibit
1563 3822 1604 3836 -

283 3881 341 3943 nisi
367 3878 463 3952 sorte,
492 3887 527 3941 ut
555 3900 626 3941 cum
653 3880 794 3962 patribus
816 3879 1020 3961 conscriptis,
1052 3878 1113 3940 boc
1135 3887 1198 3950 est,
1232 3900 1303 3941 cnm
1325 3881 1517 3944 amatoribus
1538 3884 1604 3946 suis

281 3978 373 4037 cenet
386 4004 443 4044 -,
466 3972 522 4035 sed
543 3973 637 4055 plane
659 3973 756 4036 animi
780 3973 828 4033 sui
851 3991 960 4035 cansa:
986 3970 1077 4033 ludos
1093 3972 1186 4034 nobis
1201 3972 1309 4034 idiotis
1324 3974 1499 4056 relinquet;
1521 3977 1603 4039 solet

281 4068 364 4131 enim
386 4067 420 4129 in
442 4064 707 4148 disputationibus
730 4065 795 4127 suis
818 4064 980 4126 oculorum
1004 4073 1035 4126 et
1056 4066 1179 4127 aurium
1203 4063 1404 4128 delectationi
1426 4067 1639 4137 abdominisac

281 4162 457 4245 voluptates
487 4159 652 4222 anteferre.
711 4160 790 4219 Nam
819 4159 905 4240 quod
935 4158 1024 4220 vobis
1054 4160 1112 4221 iste
1146 4166 1268 4221 tantum
1297 4158 1392 4221 modo
1423 4159 1601 4244 improbus,

281 4255 433 4327 crudelis,
456 4253 533 4317 olim
555 4251 756 4324 furunculus,
779 4271 863 4312 nunc
886 4271 962 4314 vero
978 4252 1072 4314 etiarn
1087 4271 1204 4335 rapax,
1227 4251 1313 4336 quod
1328 4251 1491 4328 sordidus,
1515 4256 1601 4340 quod

281 4354 466 4422 contumax,
499 4345 585 4431 quod
607 4345 776 4429 superbus,
808 4343 894 4426 quod
916 4343 1028 4419 fallax,
1056 4345 1140 4428 qued
1163 4346 1371 4428 perfidiosus,
1394 4348 1478 4429 qnod
1500 4349 1601 4432 impu·

345 4590 369 4642 3.
387 4591 422 4640 sic
436 4589 527 4640 TVS:
546 4601 596 4639 orn.
617 4588 726 4638 sealt
740 4615 766 4624 -
785 4590 828 4637 scd
843 4587 932 4637 ivs:
951 4589 973 4636 si
990 4589 1126 4639 EFGltP
1140 4615 1166 4624 —
1186 4587 1210 4638 6.
1223 4588 1356 4639 ambarum
1371 4590 1388 4639 S
1403 4617 1430 4627 -
1448 4593 1473 4642 s.
1486 4593 1601 4654 quondo·

281 4666 378 4730 663666
394 4664 445 4717 su
459 4688 486 4701 -
505 4665 543 4714 ito
556 4669 605 4713 osci
620 4663 681 4712 mibi
697 4664 729 4724 V,
748 4663 818 4713 unde
836 4661 1010 4728 probabiliter
1021 4663 1159 4713 Garatoni:
1179 4665 1215 4713 ito
1232 4669 1325 4727 sponsi
1340 4665 1402 4713 miti
1415 4692 1442 4701 -
1460 4665 1485 4714 s.
1504 4667 1600 4729 diores-

281 4755 335 4793 sem
350 4740 418 4794 VC:
441 4741 582 4804 6666666666
603 4739 622 4788 0
644 4751 706 4789 cum
729 4737 821 4788 lamb.
842 4765 869 4774 -
896 4738 921 4788 8.
938 4739 1006 4787 Num
1026 4738 1234 4787 ctiam-metite
1259 4752 1284 4802 p.
1304 4738 1377 4799 6990,
1395 4741 1411 4791 2
1434 4738 1516 4790 66666
1532 4740 1552 4790 Τ
1571 4768 1597 4778 -

281 4830 340 4867 own
355 4816 422 4866 TV:
439 4827 506 4864 6666
523 4815 542 4864 C
562 4839 588 4850 -
608 4814 632 4863 9.
650 4815 799 4875 assiduaque
815 4814 861 4863 Es
880 4839 907 4850 -
925 4819 950 4862 ct
965 4813 1068 4863 urbana
1084 4814 1100 4861 S
1114 4840 1141 4849 —
1160 4825 1241 4876 snper
1257 4814 1416 4864 domesticam
1433 4813 1527 4878 legitur
1544 4816 1601 4866 inT

280 4890 424 4943 modestiam
440 4915 467 4925 -
487 4890 528 4940 69.
544 4885 642 4947 forense
657 4889 677 4938 T
696 4916 721 4924 -
742 4890 781 4938 tt.
799 4894 828 4938 ut
844 4903 897 4938 om.
916 4889 935 4938 C
955 4915 982 4924 -
1001 4902 1027 4938 es
1043 4888 1086 4937 hic
1103 4888 1191 4938 cmv
1208 4891 1235 4938 et
1251 4886 1333 4938 babet
1347 4889 1381 4937 sis
1396 4892 1458 4940 ante
1475 4889 1602 4939 66666666-

279 4979 323 5017 nr
340 4991 367 5001 -
385 4965 470 5029 6616666
487 4963 550 5013 TV:
568 4964 766 5027 infirmissimoc
781 4990 808 4999 -
827 4964 1019 5025 despicatissimo
1036 4961 1179 5013 Lambinus
1196 4961 1238 5023 [ct.
1251 4961 1326 5012 verr.
1339 4962 1387 5022 lit,
1405 4961 1472 5025 398.
1492 4975 1518 5026 p.
1531 4964 1600 5015 sest.

280 5041 361 5104 §ibit
379 5039 575 5103 damnatissima
592 5037 670 5088 codd.
684 5038 742 5088 etO
756 5063 782 5072 —·
802 5037 842 5088 63.
856 5052 887 5088 66
904 5039 999 5087 VEG:
1018 5043 1041 5086 ct
1057 5037 1242 5099 96916669-
1261 5037 1415 5100 practerea
1431 5038 1456 5087 bt
1474 5063 1500 5073 -
1520 5036 1560 5088 tl.
1579 5044 1602 5087 ct

278 5116 385 5167 ommis
400 5117 421 5165 G
439 5142 467 5153 -
485 5114 585 5163 romani
600 5114 686 5162 colunt
703 5127 752 5163 666
767 5118 869 5174 possunt
885 5113 907 5161 V
926 5139 952 5148 —
973 5115 1012 5163 65.
1031 5118 1054 5162 et
1070 5112 1242 5161 omassum
1258 5112 1350 5162 66666
1367 5114 1395 5161 66
1411 5110 1473 5161 666.
1493 5114 1556 5161 vett.
1572 5138 1598 5147 -

280 5190 320 5241 66.
337 5189 459 5253 reliquias
474 5190 520 5239 EF
539 5216 566 5224 -
587 5189 626 5238 ti.
645 5194 667 5237 et
684 5201 737 5237 em.
756 5189 777 5237 V
792 5216 818 5225 -
838 5187 877 5239 t8.
896 5186 996 5247 ttemv,
1015 5190 1044 5235 ut
1061 5187 1139 5236 etiam
1158 5186 1259 5237 Ernesti
1272 5185 1361 5237 veluit.
1377 5213 1403 5225 -
1424 5185 1465 5236 69.
1482 5190 1535 5235 mm
1546 5198 1600 5236 om.

280 5264 305 5315 n
322 5291 351 5303 -·
374 5263 415 5314 ao.
433 5264 574 5315 instentn
586 5265 708 5326 uapicari
730 5262 811 5313 habet
832 5265 853 5312 Α
873 5289 899 5298 -
926 5261 1081 5324 paratissimi
1098 5261 1117 5309 C
1139 5286 1165 5295 -
1191 5260 1232 5309 96.
1250 5273 1362 5322 aequem
1379 5257 1478 5324 aliquot
1495 5260 1603 5310 codices

279 5339 427 5390 6666666666.
448 5361 476 5379 ··
495 5353 544 5402 quo
561 5339 683 5388 omittunt
700 5335 778 5388 codd.
791 5342 852 5386 Asc.
868 5364 895 5373 —
914 5338 1012 5398 quidem
1025 5336 1083 5400 steri
1101 5335 1154 5384 due
1172 5333 1251 5384 codd.
1264 5337 1324 5385 Asc.
1343 5336 1371 5384 et
1387 5332 1430 5384 66.
1443 5334 1527 5398 princ.
1542 5336 1602 5384 Asc.

281 5439 308 5450 -
326 5413 368 5465 66.
383 5419 486 5476 possem
502 5415 522 5464 E
541 5415 601 5477 (nen
619 5414 648 5475 G)
669 5439 696 5448 -
718 5412 841 5461 committe
857 5415 880 5462 tc
897 5413 966 5461 coni.
985 5411 1096 5461 Ernesti.
1117 5435 1143 5444 -
1171 5409 1213 5460 93.
1231 5410 1300 5460 times
1316 5409 1353 5459 V:
1374 5422 1428 5460 om.
1448 5408 1526 5458 codd.
1546 5407 1602 5458 rell.

281 5488 352 5551 660,
370 5491 416 5553 qni
433 5488 534 5541 habent
549 5490 619 5540 times
635 5491 695 5554 post
706 5490 860 5550 offerentum
880 5488 987 5538 omnino
1000 5484 1097 5536 delevit
1107 5482 1231 5534 Klotztus.
1244 5511 1270 5523 -·
1288 5482 1330 5534 ils.
1343 5495 1435 5533 666666
1445 5482 1465 5532 Τ
1477 5508 1504 5518 -
1523 5482 1565 5533 25.
1577 5490 1606 5532 et
1704 5483 1711 5490 ’

280 5567 308 5613 te
323 5564 343 5614 T
359 5564 418 5627 (sed
435 5579 495 5630 sup.
514 5563 584 5626 limi:
601 5568 630 5614 ct
646 5562 725 5613 codd.
744 5560 799 5612 rell.
813 5565 841 5612 et
857 5562 878 5616 0
897 5589 924 5599 -
943 5562 985 5612 96.
1002 5559 1080 5610 carbo
1095 5559 1157 5609 TV:
1175 5558 1252 5611 cerba
1267 5563 1325 5609 6666
1341 5558 1361 5609 C
1380 5584 1406 5595 -
1426 5554 1603 5620 otqttcTsup.

281 5635 324 5689 lin.
342 5637 432 5689 habet.
454 5666 481 5676 -
504 5640 546 5690 md
560 5639 622 5690 6666
638 5652 688 5688 oea
704 5636 796 5687 dubito.
814 5650 875 5687 mam
893 5650 943 5687 ooo
959 5634 1058 5685 audebit
1074 5633 1106 5694 V,
1124 5632 1196 5698 quod
1214 5634 1295 5696 teret,
1313 5635 1344 5683 ut
1359 5634 1434 5683 reete
1451 5632 1539 5681 Garat.
1558 5643 1606 5680 ex·

283 5713 387 5777 plicuit:
407 5714 457 5765 sed
472 5714 540 5766 haec
557 5714 639 5765 metui
656 5726 671 5763 a
688 5714 782 5764 Pisone
799 5724 853 5761 nen
869 5709 977 5769 dnbit0;
995 5722 1056 5759 nem
1073 5710 1125 5759 cet.
1140 5735 1168 5744 -
1186 5707 1288 5759 6666966
1303 5708 1329 5758 lt
1345 5733 1373 5742 -
1391 5707 1434 5756 27.
1447 5717 1526 5755 ccccc
1540 5705 1604 5754 TC:

281 5789 367 5851 oratic
383 5788 442 5852 Vt‘t)
460 5788 521 5840 edd.
540 5793 605 5841 cett.
625 5815 651 5825 —
670 5789 712 5839 68.
730 5786 885 5838 commotus
902 5786 936 5835 V:
954 5783 1093 5836 maioribus
1107 5783 1156 5834 TC
1185 5809 1211 5820 -
1238 5782 1280 5833 29.
1297 5787 1381 5834 666666
1396 5782 1418 5832 0
1435 5806 1463 5818 -
1482 5779 1523 5830 39.
1541 5781 1607 5830 enim

281 5862 348 5912 TV:
367 5876 421 5916 om.
440 5865 459 5917 C
480 5892 506 5902 -
526 5864 685 5918 abdominis
705 5889 730 5901 -
750 5863 790 5913 ³2.
809 5862 1015 5924 etimurcpor.
1031 5860 1109 5912 atiert
1124 5859 1207 5911 Prisc.
1225 5858 1273 5919 111,
1292 5858 1322 5923 6,
1341 5857 1357 5921 s
1374 5854 1414 5907 at.

326 5954 417 6007 came
431 5956 493 6007 nn
1349 5946 1391 6013 69
