3800 7350
297 1161 379 1230 itai
670 1167 822 1233 ORATIO
844 1167 922 1232 PRO
943 1167 987 1233 bt.
1007 1167 1224 1233 MARCELLO

298 1347 440 1402 naturam
462 1339 562 1419 ipsam
584 1336 761 1420 expleveris
781 1338 923 1401 satietate
939 1337 1081 1412 vivendi,
1104 1338 1178 1400 satis
1199 1337 1254 1400 diu
1270 1337 1387 1400 vixisse
1401 1335 1509 1401 dicito.
1534 1336 1626 1414 Quid

300 1440 348 1496 est
369 1432 452 1495 enim
473 1431 534 1493 hoc
555 1430 659 1512 ipsum
681 1429 753 1503 diu,
775 1431 809 1494 in
831 1451 895 1514 quo
918 1439 968 1494 est
981 1430 1101 1514 aliquid
1118 1432 1314 1495 extremum?
1337 1430 1507 1513 quodcum
1524 1432 1625 1503 venit,

300 1527 400 1591 omnis
428 1524 574 1605 voluptas
602 1525 771 1604 praeterita
798 1544 855 1607 pro
883 1524 984 1587 nihilo
1007 1532 1071 1598 est,
1100 1524 1175 1608 quia
1195 1531 1305 1607 postea
1325 1524 1413 1587 nulia
1434 1532 1484 1587 eet
1502 1523 1625 1588 futura.

301 1620 499 1701 Quamquam
520 1616 579 1680 iste
602 1624 677 1679 tuus
698 1618 822 1680 animus
844 1636 1017 1701 numquam
1038 1617 1088 1680 bis
1110 1618 1280 1700 angustiis,
1304 1637 1382 1701 quas
1400 1627 1512 1683 natura
1525 1618 1626 1682 nobis

277 1712 339 1780 tad
360 1709 528 1776 vivendum
550 1709 656 1783 dedit,
677 1717 843 1773 contentus
857 1710 926 1785 fuit,
949 1731 1073 1794 semper
1087 1710 1329 1774 immortalitatis
1344 1730 1452 1774 amore
1466 1711 1625 1796 flagravit.

299 1802 350 1868 28.
371 1806 436 1868 Nec
456 1823 531 1867 vero
552 1804 631 1868 baec
650 1811 706 1867 tua
726 1804 790 1868 vita
811 1803 953 1867 ducenda
975 1815 1038 1878 est,
1067 1824 1149 1887 qnae
1180 1823 1311 1886 corpore
1334 1812 1366 1867 et
1386 1805 1497 1887 spiritu
1519 1805 1628 1869 conti·

299 1905 406 1962 netur:
436 1896 506 1970 iila,
528 1898 673 1980 inquam,
694 1897 748 1960 illa
770 1897 834 1961 vita
855 1905 903 1960 est
923 1905 988 1972 tua,
1010 1918 1090 1981 quae
1112 1896 1230 1979 vigebit
1252 1897 1401 1960 memoria
1422 1898 1626 1962 saeculorum

300 1994 458 2067 omnium,
493 2010 588 2075 quarn
616 1991 780 2074 posteritas
807 1991 885 2065 alet,
913 2011 1009 2074 qnam
1036 1992 1104 2074 ipsa
1133 1991 1302 2054 aeternitas
1325 2009 1449 2074 semper
1470 1992 1626 2056 tuebitur.

299 2086 382 2149 Huic
402 2092 436 2150 tu
458 2084 628 2159 inservias,
657 2086 732 2149 huic
752 2093 784 2148 te
807 2091 946 2149 ostentes
970 2091 1109 2167 oportet,
1133 2103 1215 2167 quae
1237 2083 1364 2166 quidem
1387 2104 1469 2168 quae
1490 2086 1629 2150 miretur

264 2182 362 2248 roiam
384 2181 505 2263 pridem
527 2178 626 2243 multa
645 2178 757 2254 babet,
784 2180 985 2242 nuncetiam
1009 2197 1090 2262 quae
1114 2176 1222 2240 laudet
1249 2185 1420 2259 exspectat
1463 2177 1628 2263 Obstupe-

301 2282 390 2338 scent
411 2272 528 2356 posteri
551 2280 634 2336 certe
655 2273 803 2355 imperia,
825 2272 1018 2354 provincias,
1039 2270 1198 2345 Rhenum,
1220 2269 1397 2347 Oceanum,
1421 2273 1541 2348 Nilum,
1563 2294 1628 2356 pu·

302 2386 378 2451 quas
400 2366 655 2441 innumerabiles,
677 2366 878 2430 incredibiles
895 2365 1052 2439 victorias,
1074 2365 1275 2439 monimenta,
1290 2385 1430 2441 munera,
1444 2366 1628 2449 triumphos

302 2460 466 2524 audientes
488 2467 519 2523 et
539 2460 680 2542 legentes
702 2468 784 2524 tuos.
826 2456 878 2522 29.
902 2459 965 2522 Sed
985 2460 1046 2521 nisi
1068 2458 1147 2522 haec
1161 2458 1234 2521 urbs
1249 2457 1388 2521 stabilita
1402 2460 1464 2523 tuis
1480 2460 1626 2525 consiliis

303 2561 334 2617 et
356 2552 508 2616 institutis
530 2553 605 2627 erit,
626 2553 790 2635 vagabitur
810 2553 905 2617 modo
927 2562 1017 2617 tuum
1038 2571 1153 2614 nomen
1174 2551 1269 2633 longe
1291 2557 1387 2634 atquc
1409 2551 1488 2629 iate,
1510 2554 1626 2619 sedern

266 2646 444 2717 restabilem
474 2654 506 2709 et
535 2647 729 2711 domicilium
757 2655 876 2737 certum
898 2666 964 2709 non
985 2644 1122 2708 babebit
1161 2644 1230 2707 Erit
1255 2646 1337 2708 inter
1357 2665 1413 2708 eos
1439 2648 1534 2713 etiam
1564 2649 1625 2734 qui

302 2747 484 2813 nascentur,
513 2741 595 2803 sicut
621 2741 782 2804 internos
804 2740 881 2815 fuit,
910 2757 1022 2820 magna
1044 2736 1216 2812 dissensio,
1244 2759 1315 2801 cum
1336 2738 1390 2802 aiii
1413 2740 1558 2806 laudibus
1582 2744 1625 2806 ad

302 2834 423 2897 caelum
450 2853 500 2896 res
528 2841 599 2897 tuas
625 2842 728 2915 gestas
758 2835 905 2909 ederent,
934 2832 988 2896 alii
1020 2830 1153 2894 fortasse
1181 2830 1301 2914 aliquid
1330 2833 1493 2915 requirent
1521 2836 1624 2920 idque

301 2927 353 2990 vel
374 2927 560 3001 maximum,
589 2928 652 2990 nisi
673 2927 748 2991 belli
771 2928 872 2990 civilis
894 2923 1072 2989 incendium
1095 2924 1196 2988 salute
1217 2925 1337 3007 patriae
1358 2929 1557 3004 restinctis,
1588 2938 1626 2994 ut

302 3020 381 3084 illud
403 3019 458 3083 iati
480 3019 579 3083 fuisse
601 3020 761 3095 videatur,
790 3021 850 3084 boc
872 3019 1007 3083 consilii.
1049 3018 1138 3081 Servi
1159 3019 1256 3100 igitur
1276 3019 1315 3082 iis
1336 3022 1432 3083 etiam
1453 3021 1623 3098 iudicibus,

266 3116 358 3198 requi
379 3114 484 3177 multis
506 3123 579 3198 post
599 3116 734 3178 saeculis
749 3116 789 3178 de
810 3123 841 3177 te
864 3113 1047 3176 indicabunt
1063 3112 1238 3196 etquidem
1259 3113 1346 3176 hand
1368 3116 1433 3177 scio
1455 3135 1496 3178 an
1517 3116 1623 3179 incor-

302 3208 425 3289 ruptius
448 3228 542 3292 quam
564 3230 641 3284 nos;
668 3229 740 3272 nam
763 3218 795 3272 et
816 3210 884 3272 sine
906 3226 1011 3272 amore
1034 3214 1065 3270 et
1086 3208 1155 3269 sine
1177 3207 1347 3291 cupiditate
1370 3215 1402 3270 et
1422 3228 1532 3272 rursus
1552 3209 1624 3272 sine

303 3301 377 3365 odio
405 3309 437 3365 et
458 3302 526 3366 sine
547 3304 666 3368 invidia
688 3303 880 3367 iudicabunt
924 3300 1032 3363 30.1u
1055 3309 1159 3363 autern
1183 3301 1276 3363 etiam
1303 3303 1328 3364 si
1359 3309 1423 3364 tum
1446 3302 1487 3366 ad
1508 3310 1557 3377 te,
1587 3310 1624 3366 ut

304 3397 432 3481 quidam
453 3397 532 3462 falso
554 3406 680 3483 putant,
713 3419 778 3462 non
798 3396 981 3481 pertinebit,
1004 3414 1086 3456 nunc
1108 3403 1191 3457 certe
1213 3396 1350 3478 pertinet
1371 3415 1441 3459 esse
1462 3405 1493 3458 te
1515 3396 1622 3471 talem,

302 3500 339 3555 ut
359 3500 429 3556 tuas
449 3492 559 3555 laudes
582 3492 784 3555 obscuratura
803 3491 892 3554 nulla
913 3510 1061 3573 umquam
1084 3490 1124 3551 sit
1145 3489 1272 3551 oblivio.
1442 3568 1444 3572 ,

267 3604 296 3653 sc
388 3584 428 3646 X.
450 3586 598 3649 Diversae
612 3585 790 3648 voluntates
812 3586 926 3648 civium
948 3582 1076 3646 inerunt
1095 3583 1325 3667 distractaeque
1341 3585 1532 3649 sententiae:
1554 3605 1621 3649 non

303 3679 387 3741 enim
417 3679 557 3742 consiliis
585 3679 686 3742 sotum
716 3686 746 3741 ct
773 3679 902 3754 studiis,
932 3678 987 3741 sed
1014 3679 1108 3740 armis
1135 3679 1228 3742 ctiam
1255 3688 1285 3741 et
1310 3680 1419 3743 castris
1445 3680 1621 3743 dissideba-

303 3791 392 3847 mus3
426 3779 493 3835 erat
527 3773 610 3836 enim
641 3773 812 3836 obscuritas
840 3774 1010 3857 quaedam,
1040 3780 1107 3835 erat
1135 3781 1291 3836 certarnen
1319 3773 1402 3835 inter
1430 3774 1620 3839 clarissimos

303 3865 416 3942 duccs3
438 3866 528 3929 multi
551 3867 734 3930 dubitabant
754 3868 831 3950 quid
853 3870 1005 3951 optimum
1028 3875 1127 3940 essct,
1149 3867 1239 3930 multi
1262 3866 1339 3950 quid
1363 3867 1422 3931 sibi
1445 3866 1621 3949 expediret,

303 3961 392 4025 multi
415 3959 492 4044 quid
514 3960 650 4035 deceret,
671 3980 736 4023 non
758 3961 837 4024 nulli
859 3962 952 4023 etiam
973 3961 1048 4043 qnid
1071 3961 1188 4024 liceret.
1231 3957 1281 4022 3t.
1304 3961 1469 4024 Perfuncta
1490 3982 1540 4025 res
1564 3984 1622 4045 pu-

266 4055 384 4124 aeblica
406 4062 454 4117 cst
479 4055 540 4117 hoc
562 4054 675 4118 misero
704 4054 854 4138 fatalique
882 4055 983 4117 bello:
1014 4057 1087 4118 vicit
1113 4057 1156 4130 is,
1190 4056 1243 4138 qui
1266 4075 1330 4118 non
1351 4055 1478 4118 fortuna
1498 4056 1624 4119 inflam-

303 4157 402 4213 maret
429 4148 535 4211 udium
570 4169 678 4222 suurn,
709 4149 764 4211 sed
794 4149 932 4212 bonitate
964 4151 1091 4223 leniret,
1125 4170 1229 4231 neque
1261 4169 1386 4222 omnes,
1416 4149 1532 4232 quibus
1561 4150 1623 4213 ira·

303 4250 353 4305 tus
382 4250 480 4314 esset,
511 4240 638 4304 eosdem
667 4241 779 4304 exsilio
809 4249 863 4306 aut
889 4251 991 4305 morte
1024 4242 1136 4324 dignos
1165 4244 1326 4306 iudicaret.
1373 4245 1467 4304 Arma
1490 4243 1530 4306 ab
1551 4243 1623 4306 aliis

303 4335 421 4418 posita,
448 4334 487 4396 ub
517 4336 587 4399 aliis
610 4345 718 4418 erepta
739 4344 823 4398 sunt.
866 4339 1010 4418 Ingratus
1032 4344 1080 4399 est
1099 4337 1299 4418 iniustusque
1322 4337 1413 4410 civis,
1445 4337 1498 4420 qui
1519 4356 1623 4400 armo-

303 4449 371 4492 rum
403 4429 544 4511 periculo
571 4429 720 4493 liberatus
752 4431 892 4493 animum
919 4437 1023 4494 minen
1051 4432 1163 4494 retinet
1190 4440 1359 4506 armatum,
1382 4421 1424 4494 bt
1451 4432 1545 4495 etiam
1566 4431 1622 4495 ille

369 4805 392 4854 4.
410 4803 517 4866 quid--
528 4808 666 4854 extrenum
682 4802 758 4854 affert
775 4804 881 4854 Servius
898 4804 932 4854 ad
949 4803 1045 4868 Vergil.
1060 4807 1125 4855 Aen.
1138 4806 1174 4866 X,
1187 4803 1244 4856 467.
1261 4832 1287 4842 -
1306 4805 1331 4855 2.
1350 4811 1384 4856 cst
1399 4807 1464 4856 enim
1481 4808 1497 4856 S
1515 4809 1542 4858 et
1558 4808 1620 4858 Ser·

302 4880 376 4930 sius:
393 4879 458 4929 euim
474 4884 508 4928 cst
525 4879 584 4929 C-
603 4879 648 4928 boc
663 4879 744 4940 ipsum
760 4881 777 4929 S
795 4881 821 4929 et
832 4879 950 4929 Servius:
970 4882 1070 4930 omniuo
1087 4881 1166 4942 ipsum
1183 4880 1247 4938 Fu,
1266 4881 1365 4930 omniuo
1379 4882 1425 4932 boc
1440 4882 1521 4945 ipsum
1537 4884 1619 4935 GEO.

304 4955 343 5005 Ci.
361 4952 526 5018 Wesenberg
543 4953 577 5004 ed
594 4966 632 5004 or.
651 4967 677 5018 p.
695 4955 779 5006 Sestio
801 4967 827 5017 p.
847 4955 877 5004 45
895 4968 920 5004 n.
941 4981 967 4990 -
986 4956 1080 5006 venerit
1096 4957 1121 5006 bi
1143 4982 1167 4990 -
1195 4955 1218 5005 3.
1237 4959 1272 5005 cst
1298 4957 1357 5018 post
1378 4956 1453 5004 sibilo
1476 4970 1528 5006 om.
1547 4960 1573 5009 bi
1591 4984 1618 4994 -

299 5034 386 5093 posteo
401 5041 453 5078 om.
473 5031 539 5080 G-
558 5033 592 5079 cst
607 5029 696 5092 factm
713 5030 750 5079 C:
771 5029 860 5091 [muru
875 5034 910 5077 cst
926 5030 946 5078 0
965 5057 991 5065 -
1010 5032 1034 5080 5.
1053 5043 1150 5092 semper
1167 5031 1200 5078 C:
1224 5042 1366 5090 auupcrquc
1382 5030 1402 5080 0
1421 5058 1448 5065 -
1467 5033 1491 5082 6.
1510 5035 1622 5084 ducende

302 5097 373 5154 GE¹:
392 5104 494 5154 dicenda
510 5101 628 5154 ΝΜΟ
643 5130 669 5140 -
688 5104 713 5154 8.
731 5105 787 5167 ipsu
804 5115 857 5152 om.
873 5102 987 5154 F-'te
1000 5109 1101 5168 expetet
1117 5105 1173 5153 b'-
1193 5103 1360 5166 obstupescunt
1378 5105 1395 5153 F
1409 5132 1435 5141 ·-
1455 5107 1495 5158 ti.
1513 5109 1623 5159 incredi-

300 5179 405 5242 bitcsque
421 5179 472 5229 Fbi
485 5205 512 5215 -
529 5179 756 5229 montcontour:
775 5179 1003 5229 mouumentuEbi
1021 5207 1045 5215 -
1065 5193 1172 5230 murima
1189 5180 1278 5230 GEM:
1297 5181 1496 5232 icaumcruF-
1515 5184 1555 5234 43.
1568 5190 1624 5235 tuos

299 5254 431 5318 thcntcsF
444 5279 472 5290 -
492 5252 531 5304 ti.
548 5253 625 5316 sumt
642 5254 659 5302 F
674 5280 701 5289 -
718 5253 799 5318 modo]
811 5258 937 5303 mortuum
948 5254 981 5310 F;
1000 5267 1053 5303 om.
1067 5254 1126 5305 cod.
1140 5253 1233 5304 Seiisb.
1249 5282 1276 5291 -
1295 5260 1365 5305 tuum
1381 5270 1469 5307 nomen
1486 5260 1557 5309 uit:
1575 5275 1623 5310 co-

300 5333 441 5380 meatuum
457 5328 531 5378 EFO
551 5355 577 5364 -
596 5328 676 5378 sedon
692 5329 758 5379 GE:
782 5329 862 5380 sedem
878 5334 961 5378 autem
979 5329 1010 5387 t;
1029 5331 1108 5380 sedon
1125 5331 1223 5392 quidem
1240 5330 1294 5379 th
1314 5357 1341 5367 ·-
1362 5332 1400 5380 46.
1419 5332 1464 5382 atii
1481 5335 1573 5384 umbi
1589 5363 1623 5372 —

301 5404 340 5452 47.
353 5403 479 5464 requirent
495 5402 540 5452 aiii
554 5402 688 5465 sortosteS
702 5429 728 5439 -
747 5404 828 5469 idque]
847 5405 874 5454 id
885 5406 949 5466 quod
965 5406 990 5455 bi
1004 5431 1030 5440 -
1051 5406 1091 5455 48.
1103 5405 1263 5456 restrinxeris
1279 5406 1327 5456 ibi
1346 5407 1402 5467 (sed
1419 5406 1445 5456 in
1457 5408 1475 5457 F
1486 5421 1621 5473 superscr.

299 5477 452 5537 restiuacrist
465 5501 492 5511 -
512 5478 551 5528 49.
569 5477 607 5528 bis
623 5480 677 5531 Gbi
692 5505 720 5516 -
740 5481 878 5530 etiumom.
891 5482 908 5530 F
923 5508 948 5516 -
968 5481 1009 5529 ao.
1028 5482 1164 5543 etquidem
1181 5483 1246 5532 GE:
1265 5483 1377 5543 equidem
1395 5484 1445 5534 ibi
1459 5510 1485 5520 -
1504 5486 1622 5535 mmdisO

301 5577 329 5588 -
347 5551 503 5601 buutGE-
522 5552 563 5602 at.
581 5554 732 5604 nemetiam
748 5555 799 5604 siue
816 5568 902 5607 umere
918 5557 1119 5617 siaeeupiditots
1135 5558 1194 5608 F-
1213 5558 1254 5607 ii.
1273 5563 1326 5607 tum
1343 5559 1404 5608 GE:
1425 5563 1483 5607 tunc
1499 5558 1619 5608 rno-

299 5626 340 5677 44.
359 5626 443 5676 lauda
459 5632 516 5677 teas
532 5627 584 5679 Fbi
602 5654 628 5663 -
647 5629 688 5678 26.
706 5629 782 5679 etium
799 5643 851 5680 om.
871 5631 888 5680 F
908 5640 935 5667 ·-
953 5635 976 5679 ct
993 5643 1046 5680 om.
1065 5632 1090 5680 nt
1108 5657 1134 5666 -
1161 5631 1202 5680 i't.
1220 5632 1285 5681 cuim
1300 5633 1374 5693 ult:
1392 5637 1476 5682 cutem
1493 5634 1573 5683 Fato
1592 5660 1619 5669 -

299 5702 340 5753 29.
354 5701 413 5762 quid
429 5703 523 5752 dxcret
539 5702 575 5753 E:
595 5703 654 5765 quid
670 5717 695 5753 se
711 5705 804 5754 deceret
820 5707 852 5765 S,
870 5705 929 5766 quid
945 5705 1035 5755 diecret
1052 5707 1081 5754 G¹
1091 5706 1133 5766 M,
1152 5706 1212 5767 quiet
1229 5707 1410 5757 dicerentur?
1428 5733 1455 5742 -
1474 5707 1549 5757 etium
1567 5720 1620 5757 om.

301 5777 353 5826 ΓΜ
372 5803 398 5812 -
421 5776 589 5839 pubiicuom.
608 5777 661 5828 ΕΜ
679 5804 703 5812 -
724 5777 764 5827 34.
783 5793 860 5842 neque
881 5780 947 5830 Fu:
973 5793 1017 5828 ecc
1038 5780 1081 5841 qui
1102 5782 1151 5832 GE
1171 5807 1204 5817 —
1230 5782 1270 5833 32.
1288 5783 1383 5832 comen
1400 5782 1499 5832 usu:
1527 5783 1623 5833 coedcm

301 5853 375 5903 etiem
391 5852 441 5906 Eo
460 5879 487 5891 -
507 5852 548 5905 34.
566 5853 656 5920 tameo]
674 5858 771 5907 tannen
787 5855 805 5905 F
824 5882 852 5892 -
869 5853 952 5921 etum]
970 5856 1023 5905 ium
1038 5855 1098 5908 ΡΜ.
