3800 7350
301 1168 305 1176 ’
329 1147 391 1215 992
746 1151 898 1218 ORATIO
920 1154 963 1218 ΙΝ
984 1154 1018 1217 Ρ.
1040 1153 1240 1220 VATINIUM

327 1323 478 1407 ldemque
506 1328 540 1385 tu
568 1342 639 1385 cum
666 1323 716 1386 his
745 1331 840 1408 atque
860 1324 955 1388 huius
978 1323 1064 1387 modi
1086 1326 1227 1390 consiliis
1249 1346 1285 1389 ac
1306 1324 1498 1390 facinoribus
1520 1330 1647 1391 nomine

327 1418 361 1481 C.
384 1417 542 1491 Caesaris,
563 1416 798 1481 clementissimi
820 1426 915 1501 atque
937 1419 1048 1501 optimi
1069 1420 1143 1498 riri,
1164 1421 1284 1483 scelere
1303 1441 1376 1484 vero
1398 1428 1494 1504 atque
1516 1420 1648 1486 audacia

326 1521 396 1587 tua,
418 1513 460 1576 bl.
482 1510 630 1574 Bibulum
651 1510 739 1586 foro,
762 1512 864 1585 curia,
887 1513 1028 1595 templis,
1050 1513 1129 1576 locis
1147 1514 1283 1596 puhlicis
1298 1515 1445 1577 omnibus
1460 1516 1647 1599 expulisses,

325 1604 484 1670 inclusum
499 1605 584 1668 domi
600 1604 788 1680 contineres,
802 1625 939 1689 cumque
954 1625 1019 1668 non
1034 1608 1196 1671 maiestate
1212 1608 1347 1691 imperii,
1367 1628 1431 1671 non
1446 1609 1515 1672 iure
1531 1610 1647 1692 legum,

301 1698 381 1763 tsed
402 1700 516 1765 ianuae
536 1697 695 1782 praesidio
718 1706 750 1762 ct
770 1700 923 1783 parietum
946 1700 1101 1764 custodiis
1124 1701 1263 1764 consulis
1278 1703 1341 1764 vita
1359 1710 1530 1786 tegeretur:
1553 1705 1648 1767 miso·

324 1794 408 1858 risnc
430 1794 591 1868 viatorem,
614 1793 669 1877 qui
691 1796 732 1858 hi.
749 1793 894 1856 Bibulum
917 1795 1012 1857 domo
1029 1794 1060 1857 vi
1082 1794 1270 1869 extraheret,
1294 1804 1336 1869 ut,
1359 1796 1445 1879 quod
1468 1798 1501 1859 in
1516 1796 1647 1879 privatis

324 1909 449 1972 semper
470 1894 518 1951 cst
539 1894 713 1963 servatum,
735 1887 768 1951 id
791 1896 822 1951 te
844 1888 970 1951 tribuno
992 1887 1036 1970 pl.
1052 1888 1176 1951 consuli
1200 1889 1310 1952 domus
1333 1890 1481 1954 exsilium
1497 1910 1646 1953 essenon

323 1985 455 2068 posset?
477 1978 528 2045 23.
545 1980 710 2065 Simulque
725 1982 802 2044 mihi
817 1982 1009 2063 respondeto
1024 1988 1068 2055 tu,
1086 1982 1141 2065 qui
1156 2002 1224 2057 nos,
1239 1984 1293 2064 qui
1316 1984 1355 2046 de
1370 1984 1529 2047 communi
1544 1982 1646 2047 salute

324 2076 553 2150 consentimus,
575 2083 726 2159 tyrannos
748 2094 851 2149 vocas,
873 2073 1013 2137 fuerisne
1036 2095 1101 2137 non
1121 2076 1266 2139 tribunus
1280 2076 1334 2159 pl.,
1356 2077 1413 2140 sed
1429 2076 1646 2141 intolerandus

286 2184 313 2230 ro
323 2190 363 2233 ex
385 2189 483 2233 caeno
505 2170 613 2232 nescio
636 2168 691 2251 qui
714 2175 809 2253 atque
831 2188 872 2231 ex
893 2167 1032 2231 tenebris
1053 2174 1227 2251 tyrannus?
1257 2173 1312 2253 qui
1332 2172 1465 2255 primum
1489 2192 1557 2234 eam
1579 2192 1645 2233 rem

322 2264 492 2348 publicam,
502 2282 583 2345 quae
598 2262 748 2344 auspiciis
762 2262 898 2325 inventis
911 2262 1079 2326 constituta
1093 2270 1151 2337 est,
1166 2264 1266 2327 isdem
1280 2265 1430 2348 auspiciis
1443 2263 1573 2327 sublatis
1593 2285 1646 2327 co·

322 2377 432 2422 narerc
447 2363 637 2441 pervertere,
652 2356 767 2419 deinde
789 2357 1005 2420 sanctissimas
1028 2356 1124 2440 leges,
1138 2358 1261 2421 Aeliam
1277 2368 1308 2421 et
1322 2355 1440 2422 Fufiam
1463 2357 1547 2432 dico,
1563 2377 1644 2442 quae

320 2455 354 2517 in
369 2452 582 2517 Gracchorum
595 2449 757 2514 ferocitate
780 2458 812 2512 et
832 2450 865 2512 in
885 2449 1017 2513 audacia
1033 2450 1192 2514 Saturnini
1211 2460 1243 2514 st
1263 2452 1296 2514 in
1311 2453 1489 2516 colluvione
1504 2454 1598 2516 Drusi
1614 2460 1645 2516 ct

320 2548 355 2610 in
369 2545 572 2610 contentione
588 2544 722 2627 Sulpicii
745 2552 777 2607 et
798 2543 831 2606 in
847 2562 958 2606 cruore
975 2543 1128 2618 Cinnano,
1144 2544 1240 2607 etiam
1254 2546 1338 2608 inter
1353 2545 1479 2609 Sullana
1499 2565 1586 2609 arma
1600 2547 1644 2611 vi·

284 2647 444 2714 rexerunt,
466 2638 552 2702 solus
574 2637 767 2701 conculcaris
789 2656 826 2700 ac
848 2656 906 2718 pro
922 2636 1022 2699 nihilo
1037 2638 1177 2719 putaris;
1201 2639 1256 2722 qui
1271 2638 1433 2702 consulem
1450 2641 1542 2703 morti
1558 2640 1644 2704 obie-

320 2736 416 2809 ceris,
438 2732 595 2797 inclusum
617 2731 790 2805 obsederis,
813 2730 979 2793 extrahere
1001 2751 1041 2793 ex
1064 2732 1128 2795 suis
1150 2733 1240 2794 tectis
1256 2741 1386 2796 conatus
1403 2733 1462 2810 sis;
1486 2736 1588 2818 quiin
1605 2755 1642 2798 eo

319 2829 503 2911 magistratu
517 2845 582 2889 non
596 2827 682 2888 modo
698 2825 863 2888 emerseris
878 2844 919 2886 ex
933 2824 1148 2900 mendicitate,
1170 2826 1225 2888 sed
1248 2826 1342 2889 etiam
1358 2826 1478 2890 divitiis
1499 2848 1558 2890 nos
1580 2828 1642 2891 iam

319 2923 382 2988 tuis
396 2929 531 2986 terreas:
560 2921 600 2982 X.
621 2915 674 2981 24.
695 2918 834 2981 fuerisne
856 2924 943 2980 tanta
965 2917 1160 2994 crudelitate,
1182 2928 1217 2982 ut
1238 2919 1376 2983 delectos
1398 2922 1483 2984 viros
1504 2928 1536 2983 et
1556 2922 1643 3004 prin·

319 3019 406 3101 cipes
425 3014 560 3079 civitatis
582 3011 695 3092 tollere
718 3019 750 3076 et
771 3011 876 3075 delere
899 3019 953 3074 tua
974 3014 1138 3095 rogatione
1160 3033 1326 3089 conarere,
1349 3035 1420 3077 cum
1442 3016 1478 3077 L.
1493 3015 1642 3091 Vettium,

278 3111 375 3196 ioqui
397 3110 430 3173 in
453 3115 564 3173 senatu
586 3106 751 3170 confessus
774 3114 858 3170 esset
879 3125 914 3169 se
936 3125 1007 3168 cum
1029 3106 1092 3169 telo
1114 3106 1230 3183 fuisse,
1251 3117 1385 3173 mortem
1408 3109 1464 3173 Cn.
1480 3110 1640 3194 Pompeio,

318 3224 441 3269 summo
472 3207 504 3265 et
532 3200 706 3264 clarissimo
728 3200 806 3275 civi,
835 3200 901 3263 suis
923 3200 1069 3263 manibus
1090 3202 1202 3265 offerre
1225 3203 1376 3277 voluisse,
1405 3203 1438 3265 in
1460 3203 1639 3267 contionem

318 3297 523 3383 produxeris,
545 3295 683 3358 indicem
703 3295 737 3357 in
758 3293 886 3367 rostris,
909 3292 943 3355 in
966 3294 1032 3368 illo,
1054 3296 1195 3380 inquam,
1217 3305 1369 3379 augurato
1385 3297 1503 3379 templo
1518 3317 1556 3361 ac
1570 3296 1641 3360 loco

318 3392 494 3465 collocaris,
516 3409 579 3473 quo
601 3388 797 3451 auctoritatis
820 3385 1035 3469 exquirendae
1057 3408 1152 3452 causa
1167 3391 1262 3453 ceteri
1285 3390 1402 3453 tribuni
1423 3391 1466 3474 pl.
1481 3390 1641 3473 principes

319 3484 452 3548 civitatis
473 3484 648 3567 producere
670 3488 879 3553 consuerunt,
901 3480 943 3543 ibi
966 3488 1001 3543 tu
1021 3482 1159 3545 indicem
1174 3482 1311 3546 Vettium
1331 3483 1470 3566 linguam
1485 3493 1517 3548 et
1530 3504 1639 3548 rocem

280 3596 408 3648 seruam
429 3577 542 3641 sceleri
564 3584 596 3641 et
616 3578 714 3640 menti
736 3584 808 3640 tuae
828 3574 981 3659 praebere
1003 3575 1133 3639 voluisti
1155 3598 1213 3637 -ε
1236 3576 1391 3639 dixeritne
1412 3576 1447 3640 L.
1462 3577 1587 3642 Vettius
1605 3577 1640 3640 in

383 3904 408 3952 t.
425 3898 576 3965 socordior
590 3900 622 3959 P,
641 3897 690 3950 sod
707 3896 785 3962 paulo
802 3901 863 3949 ants
879 3897 1031 3960 [minorum.
1046 3922 1072 3933 -
1091 3896 1116 3946 8.
1129 3895 1159 3948 G.
1172 3899 1191 3947 P
1205 3923 1232 3933 —
1251 3896 1358 3946 audatia
1373 3898 1393 3948 P
1406 3922 1432 3932 —
1451 3895 1476 3947 8.
1488 3899 1550 3949 ante
1561 3897 1640 3948 mmi-

316 3975 361 4028 brrr
377 3978 403 4027 in
421 3977 442 4026 G
458 3975 527 4026 duae
543 3972 646 4025 litterae
664 3986 756 4025 erasae
772 3976 847 4034 sunt,
868 3986 902 4024 ec
917 3975 947 4023 ut
963 3972 1076 4022 videtur.
1096 3997 1123 4008 -
1148 3971 1172 4022 4.
1189 3972 1344 4022 maiestatem
1360 3973 1392 4032 P;
1414 3973 1552 4026 maioma.
1570 3976 1591 4026 G
1609 4001 1636 4011 -

316 4052 341 4101 d.
359 4049 544 4105 cmsutismito
560 4051 578 4100 P
591 4076 619 4087 ·-
638 4049 663 4099 6.
681 4049 752 4099 donc
769 4045 814 4098 G²z
832 4050 932 4098 domem
948 4048 1007 4098 PG¹
1026 4072 1053 4083 -
1072 4047 1095 4096 7.
1109 4046 1136 4096 id
1152 4058 1213 4095 oum
1226 4045 1365 4096 Garatonio
1376 4047 1403 4095 et
1414 4047 1553 4099 Schuetzio
1563 4048 1639 4101 hlod-

316 4125 401 4190 vigius
417 4138 444 4190 p.
457 4124 507 4176 844
517 4122 661 4175 delendum
672 4126 779 4184 conset,
798 4126 825 4173 at
836 4137 861 4175 v.
875 4124 937 4175 adn.
949 4124 976 4173 in
994 4122 1037 4173 cd.
1051 4134 1112 4172 mea
1126 4122 1196 4187 lips.
1209 4134 1236 4185 p.
1248 4121 1289 4171 de.
1301 4145 1329 4158 -
1347 4122 1441 4171 emanti
1456 4123 1490 4172 A:
1508 4123 1637 4182 emerim

316 4202 422 4253 emis
438 4204 459 4250 G
472 4228 500 4237 -
517 4200 622 4251 erilium
638 4200 716 4251 APG
729 4225 756 4235 -
776 4199 800 4249 8.
819 4200 862 4262 poi
878 4203 939 4250 anto
957 4201 987 4250 dr
997 4201 1017 4249 P
1028 4210 1087 4262 sup.
1100 4195 1145 4246 lin.
1158 4209 1194 4247 ιιι.
1207 4199 1236 4247 2:
1255 4198 1276 4245 G
1293 4195 1374 4247 habet
1390 4202 1451 4262 post
1466 4198 1560 4256 sotum
1578 4197 1637 4249 fort.

316 4292 362 4329 por
380 4279 410 4328 de
429 4290 519 4327 omnm.
540 4275 619 4326 wirto
638 4276 817 4326 consentientis.
838 4302 866 4311 -
890 4277 931 4327 40.
949 4288 1026 4325 cocao
1042 4273 1085 4323 Gi:
1103 4285 1163 4323 cerro
1179 4272 1250 4333 PG¹;
1273 4286 1348 4323 coeno
1364 4274 1384 4323 0
1402 4300 1430 4309 -
1452 4275 1528 4324 nertio
1546 4276 1589 4336 poi
1604 4276 1636 4333 P;

316 4356 397 4407 nescio
413 4367 462 4415 prro
480 4354 498 4402 l.
515 4376 543 4389 -
563 4351 603 4401 44.
620 4351 730 4412 primicii
746 4352 776 4400 S:
793 4352 903 4412 primam
919 4353 969 4402 PG
990 4377 1015 4386 -
1033 4361 1087 4398 rem
1100 4361 1127 4409 p.
1147 4349 1208 4396 PG:
1226 4350 1312 4398 rema
1328 4349 1383 4412 (qui
1399 4348 1481 4399 hahet
1496 4362 1561 4399 eom
1577 4362 1638 4399 rem

316 4444 396 4496 quoe
412 4427 530 4490 auspiciis
544 4426 679 4477 comtitota
694 4427 752 4486 ert),
771 4425 844 4489 quod
860 4437 1004 4490 perperam
1014 4421 1133 4475 defendit
1143 4422 1308 4473 Heinrichius
1319 4423 1355 4473 ad
1365 4423 1415 4474 Cic.
1427 4424 1457 4474 de
1466 4424 1526 4486 ltep.
1540 4435 1565 4486 p.
1578 4423 1635 4473 tot.

316 4535 349 4545 -
365 4505 478 4569 repere
494 4502 543 4552 ro
559 4526 587 4536 -
605 4500 682 4550 amm
698 4502 758 4551 ro:
776 4501 863 4551 suren
878 4502 966 4552 so-
985 4481 1024 4551 rh.
1040 4503 1181 4563 peperero
1197 4500 1228 4548 r:
1247 4503 1355 4550 meme
1371 4500 1391 4548 o
1409 4525 1437 4535 -
1454 4501 1635 4550 umerum

317 4596 380 4636 cum
395 4580 411 4630 b
425 4591 484 4643 sup.
496 4575 542 4627 lin.
557 4601 584 4611 -
598 4575 638 4625 43.
651 4576 787 4626 dudetioP
800 4602 827 4611 -
846 4576 975 4626 colonione
990 4579 1054 4627 P-
1070 4572 1110 4625 44.
1122 4573 1211 4635 sulpici
1226 4575 1258 4634 1³;
1276 4575 1356 4637 rapiet
1372 4575 1392 4624 G
1410 4586 1478 4624 corr.
1491 4574 1517 4623 tn
1532 4572 1634 4635 suipitii.

318 4653 609 4709 -0rm--cicerrrrrt
625 4647 971 4702 habeta-adunaret}
989 4645 1482 4712 mnamsdmmmsrdtonauamh.)
1496 4675 1523 4684 -
1543 4647 1582 4697 48.
1595 4647 1635 4709 ac]

315 4739 339 4784 ct
354 4745 386 4782 cc
396 4733 424 4793 P,
442 4729 490 4781 sed
507 4733 530 4779 et
546 4739 586 4792 pr.
599 4737 635 4776 m.
649 4724 776 4777 deletum.
792 4753 818 4764 -
837 4725 994 4788 rititoptarir
1009 4726 1029 4775 P
1046 4726 1123 4787 (corr.
1140 4724 1216 4774 nitito
1229 4725 1350 4787 putaris;
1369 4725 1445 4775 pitito
1460 4723 1557 4788 optaris
1571 4724 1593 4773 G
1605 4748 1633 4759 -

314 4802 504 4858 morteer1-
523 4802 564 4852 to.
582 4801 705 4864 opredorir
719 4803 778 4852 P-
798 4803 838 4851 47.
856 4815 906 4852 porr
921 4802 994 4852 modo
1011 4798 1088 4850 edd:
1105 4801 1178 4851 modo
1195 4812 1248 4851 om.
1261 4802 1324 4863 PG,
1342 4800 1414 4864 quod
1430 4797 1592 4864 pmbrvirc.
1605 4799 1633 4850 F.

315 4883 481 4936 normannos
498 4878 525 4927 in
542 4876 584 4926 ed.
603 4883 663 4926 mea
680 4877 750 4941 Lips.
768 4890 796 4941 p.
813 4877 845 4929 78
862 4880 889 4928 et
904 4878 932 4927 in
948 4888 1018 4927 novo
1034 4877 1125 4925 Museo
1142 4875 1268 4926 Rhenano
1286 4875 1327 4937 tv,
1340 4889 1366 4940 p.
1379 4872 1442 4934 447ς
1460 4873 1509 4926 sed
1527 4875 1552 4924 in
1569 4873 1635 4925 locis

316 4969 384 5021 qnos
400 4952 484 5005 attulit
500 4953 547 5003 aut
562 4951 682 5014 sequitur
697 4952 738 5002 red
754 4953 815 5015 (non
832 4953 874 5002 sed
889 4953 977 5013 edam,
995 4953 1025 5000 ut
1041 4948 1056 5013 S
1070 4949 1114 5009 49,
1132 4948 1194 5000 add.
1213 4949 1279 5014 82⁶)
1297 4952 1387 5000 autre
1404 4948 1501 5001 diversi
1518 4952 1587 5011 sunt,
1605 4951 1636 4999 ut

316 5030 350 5082 de
367 5030 437 5081 Orat.
450 5030 473 5087 l,
492 5027 580 5092 5⁴22:
599 5024 657 5075 surr
672 5027 738 5077 enim
753 5028 874 5091 cintae
890 5027 993 5090 quidem
1008 5027 1035 5075 iu
1047 5025 1136 5075 tharso
1149 5026 1245 5088 pudor,
1264 5024 1307 5086 poi
1323 5029 1406 5074 tomm
1421 5038 1471 5075 porr
1487 5022 1576 5074 obrem
1588 5023 1634 5087 (sic

315 5107 396 5158 ctiam
412 5103 472 5155 cod.
490 5104 567 5153 vetus
583 5098 698 5165 Ertang.)
720 5102 773 5153 dur
791 5104 911 5165 orationi,
933 5103 975 5153 sed
991 5102 1067 5152 etiem
1080 5100 1212 5162 probitatis
1227 5099 1437 5150 commendatione
1450 5100 1583 5161 prodesset.
1603 5122 1632 5134 -

315 5181 355 5233 48.
371 5177 488 5243 mne]
504 5178 532 5227 in
549 5174 611 5226 edd.
629 5187 727 5226 novum
743 5179 823 5241 caput
838 5177 929 5243 incipit
945 5190 962 5227 a
977 5175 1067 5227 verbis
1083 5188 1140 5225 cum
1155 5176 1183 5226 L.
1205 5174 1308 5224 Vettircrr
1323 5186 1349 5223 ι.
1368 5174 1411 5234 49;
1430 5173 1575 5224 verborum
1592 5172 1634 5222 di·

314 5255 483 5307 stinctionem
499 5250 612 5302 correxit
625 5249 769 5313 Madvigius
784 5264 811 5317 p.
823 5253 880 5303 848.
895 5279 921 5290 -
939 5253 1049 5316 [eodm
1059 5276 1096 5288 -·
1107 5263 1227 5301 conarere
1241 5248 1358 5300 habeti
1374 5275 1401 5283 -,
1420 5247 1550 5299 deiectosP
1562 5259 1631 5297 corr.

315 5343 348 5381 ex
364 5329 474 5389 deltoton
492 5326 592 5377 ddecm
607 5325 699 5376 Lamb.
719 5352 747 5362 -
766 5332 788 5376 et
805 5339 858 5376 om.
877 5330 898 5378 Α
916 5353 943 5363 -
963 5326 1003 5377 48.
1021 5325 1129 5376 civitais
1145 5338 1198 5376 om.
1218 5325 1238 5375 G
1256 5350 1283 5360 -
1302 5324 1386 5375 toliere
1402 5327 1425 5373 et
1442 5324 1530 5373 om.A
1547 5346 1574 5357 -
1592 5334 1633 5371 co·

313 5417 405 5456 sorore
420 5405 455 5454 A:
478 5400 606 5453 conareris
625 5401 675 5451 PG
693 5426 719 5436 -
745 5402 848 5452 Vettium
863 5405 895 5453 P:
921 5402 1028 5453 oectirrrn
1045 5402 1074 5450 G.
1101 5400 1140 5452 Gi.
1158 5398 1289 5451 Bitschelii
1311 5401 1438 5462 Parerporr
1454 5395 1561 5447 Plautia.
1579 5397 1630 5446 cet.

313 5476 370 5530 Vol.
388 5479 412 5538 l,
430 5490 456 5543 p.
469 5477 511 5528 86.
531 5500 558 5512 -
576 5474 618 5524 20.
635 5480 740 5526 mortem
755 5478 789 5527 P:
805 5489 858 5527 om.
873 5477 931 5527 GO.
950 5477 1017 5527 ilinc
1033 5476 1059 5525 in
1076 5473 1175 5539 aliquot
1191 5472 1269 5525 codd.
1288 5471 1464 5523 deterioribus
1482 5469 1630 5535 (firmino)

312 5567 396 5606 mon
411 5555 473 5605 ante
490 5554 580 5616 offerro
594 5549 730 5602 adiectum
747 5553 796 5602 est.
820 5551 859 5603 Cf.
877 5552 965 5603 lladv.
983 5564 1010 5615 p.
1028 5548 1086 5601 844.
1107 5577 1134 5587 -
1154 5550 1190 5601 ,0.
1208 5550 1242 5600 N.
1257 5549 1364 5612 ponpeio
1380 5549 1440 5598 P-
1458 5547 1499 5597 Gt.
1517 5543 1631 5595 octsimt

314 5631 335 5679 G
353 5655 381 5666 -
397 5630 536 5679 portiom
552 5627 615 5677 PG:
639 5627 779 5678 condem
795 5627 816 5679 0
833 5652 861 5663 -
879 5627 920 5678 22.
937 5627 1091 5690 inseparate
1107 5625 1198 5675 nescio
1215 5624 1275 5688 quis
1291 5621 1362 5688 apud
1379 5619 1483 5679 Lsmh.;
1502 5620 1530 5669 at
1544 5631 1570 5668 v.
1588 5629 1628 5667 or.

313 5701 378 5755 Phil.
394 5702 462 5766 xltl,
481 5702 496 5767 Β
514 5703 554 5753 tt.
573 5703 607 5754 de
624 5703 703 5767 Lsgg.
721 5703 753 5763 11,
772 5702 801 5762 8,
818 5703 859 5753 at.
879 5728 906 5738 -
930 5699 1401 5759 mommorenciacensem
1426 5694 1467 5747 ii.
1484 5700 1584 5745 uriom
1598 5691 1629 5741 G¹

313 5791 382 5829 corr.
400 5780 427 5830 tn
441 5779 562 5840 aarum,
585 5779 612 5828 et
628 5778 666 5828 sic
683 5777 809 5842 deinceps
825 5778 984 5842 plerumque
999 5776 1093 5826 arctior
1109 5800 1136 5814 -
1160 5776 1202 5826 it.
1219 5776 1296 5826 morti
1311 5772 1402 5825 codd:
1423 5771 1560 5823 deprendas
1575 5768 1628 5819 Gu-

310 5847 425 5904 lielmius
439 5850 518 5918 prob.
534 5850 664 5917 tiedrirto
680 5863 708 5918 p.
725 5850 789 5912 dim
805 5852 929 5907 emendos
944 5847 1023 5905 Orelli
1040 5851 1085 5915 (tp
1103 5852 1130 5901 at
1145 5862 1172 5904 v.
1189 5848 1251 5904 adn.
1268 5849 1296 5902 in
1312 5847 1356 5902 ed.
1373 5848 1444 5914 lips.
1461 5858 1489 5912 p.
1506 5843 1548 5897 80.
