3800 7350
310 1170 392 1241 ll68
649 1174 800 1239 ORATIO
822 1176 899 1241 nno
922 1178 959 1241 T.
980 1178 1104 1243 ANNIO
1126 1177 1281 1245 MILONE

308 1347 413 1419 locus,
435 1364 504 1408 cum
526 1363 630 1427 neque
653 1352 737 1408 muta
759 1345 894 1409 solitudo
917 1346 1087 1410 indicasset
1108 1367 1213 1431 neque
1234 1367 1328 1412 caeca
1349 1368 1414 1413 nox
1433 1352 1629 1416 ostendisset

308 1440 476 1512 Milonem3
499 1438 613 1501 deiude
635 1437 678 1500 ibi
701 1438 791 1501 multi
813 1438 851 1501 ab
873 1439 928 1501 illo
950 1439 1075 1514 violati,
1099 1441 1241 1522 spoliati,
1264 1442 1354 1506 bonis
1369 1445 1511 1527 expulsi,
1533 1446 1627 1509 multi

308 1533 386 1596 baec
407 1532 501 1595 ctiam
521 1531 668 1594 timentes
689 1532 722 1594 in
744 1532 953 1613 suspicionem
977 1532 1144 1607 caderent3
1166 1541 1233 1596 tota
1247 1534 1385 1617 denique
1407 1540 1629 1602 reacitaretur

307 1625 443 1689 Etruria.
486 1619 537 1685 bl.
558 1625 660 1708 Atque
682 1624 737 1687 illo
761 1624 813 1688 dic
835 1635 917 1690 certe
939 1628 1043 1690 Aricia
1065 1628 1188 1690 rediens
1210 1628 1343 1691 devertit
1366 1630 1496 1694 Clodius
1517 1632 1558 1695 ad
1577 1632 1630 1695 ΑΙ-

284 1721 433 1784 sbanum.
468 1716 561 1794 Quod
583 1726 618 1779 ut
639 1718 733 1780 sciret
754 1718 830 1781 lllilo
849 1719 937 1782 illum
953 1720 1076 1783 Ariciae
1091 1720 1205 1793 luisse,
1228 1722 1380 1803 suspicari
1395 1730 1499 1787 tamen
1515 1725 1629 1788 debuit

307 1834 396 1888 eum,
428 1812 521 1877 etiam
552 1811 578 1873 si
606 1811 736 1874 llomam
763 1810 818 1873 illo
846 1810 898 1874 die
929 1814 1042 1876 reverti
1069 1813 1179 1888 vellet,
1211 1813 1251 1876 ad
1279 1814 1385 1877 villam
1414 1838 1518 1892 suam,
1541 1837 1628 1901 quse

306 1908 389 1970 viam
416 1911 574 1987 tangeret,
603 1903 815 1966 decessurum.
836 1940 838 1943 <
856 1903 919 1967 Cur
947 1924 1051 1988 neque
1077 1913 1150 1969 ante
1173 1908 1323 1981 occurrit,
1354 1929 1394 1971 nc
1417 1910 1471 1974 ille
1494 1912 1527 1974 in
1549 1910 1627 1974 villa

305 1999 472 2072 resideret,
494 2017 553 2060 nco
575 2015 613 2060 eo
635 1996 667 2057 in
691 1997 760 2059 loco
783 1996 939 2071 subsedit,
963 2018 1027 2082 quo
1049 1998 1102 2061 ille
1124 2008 1218 2064 noctu
1240 2010 1389 2066 venturus
1412 2006 1517 2065 esset?

390 2089 441 2155 54.
460 2090 562 2154 Video
583 2088 686 2153 adbuc
701 2098 859 2165 constare,
881 2092 1010 2166 iudices,
1032 2092 1155 2155 omnia:
1177 2093 1287 2156 Miloni
1310 2096 1404 2158 etiam
1427 2097 1503 2160 utile
1523 2098 1627 2161 luisse

269 2202 297 2247 au
307 2187 450 2252 Clodium
478 2184 600 2257 vivere,
630 2182 677 2246 illi
703 2184 743 2247 ad
773 2203 823 2257 ea,
851 2203 932 2268 quae
954 2187 1172 2267 concupierat,
1205 2188 1436 2270 optatissimum
1459 2189 1624 2254 interitum

305 2280 449 2354 blilonis3
480 2278 587 2341 odium
614 2273 713 2339 luisse
741 2275 827 2339 illius
854 2278 887 2340 in
917 2277 1000 2341 bunc
1029 2278 1280 2354 acerbissimum,
1313 2282 1436 2344 nullum
1463 2282 1559 2347 buius
1589 2285 1624 2347 in

305 2376 412 2447 illum3
434 2367 695 2435 consuetudinem
716 2368 762 2432 illi
825 2378 1005 2452 perpetuam
1029 2372 1061 2435 in
1084 2372 1112 2435 vi
1136 2370 1310 2447 inferenda,
1330 2375 1426 2439 buius
1448 2382 1568 2440 tantum
1588 2378 1624 2438 in

304 2465 503 2550 repellenda3
536 2469 667 2525 mortem
696 2460 735 2524 ab
763 2461 819 2525 ilo
842 2462 1058 2526 denuntiatam
1083 2465 1192 2528 Miloni
1218 2477 1249 2531 ct
1274 2468 1483 2550 praedicatam
1506 2471 1624 2551 palam,

305 2561 384 2625 nihil
412 2576 558 2641 umquam
587 2554 730 2618 auditum
759 2573 800 2617 ex
821 2556 954 2630 Milone;
985 2556 1191 2640 profectionis
1211 2560 1307 2623 buius
1329 2562 1411 2625 diem
1434 2561 1480 2624 illi
1502 2572 1624 2637 notum,

268 2672 296 2717 ts
305 2656 423 2719 reditus
451 2651 536 2715 illius
563 2648 638 2711 huic
666 2649 805 2729 ignotum
829 2648 943 2723 iuissc3
973 2648 1068 2713 buius
1090 2652 1149 2715 iter
1171 2654 1397 2728 necessarium,
1420 2653 1505 2717 illius
1527 2657 1623 2718 ctiam

306 2750 411 2832 potius
439 2745 594 2816 alienum;
620 2741 704 2803 hunc
733 2760 807 2823 prae
837 2761 871 2804 se
900 2742 1010 2805 tulisse
1039 2743 1093 2807 illo
1124 2745 1176 2808 die
1206 2747 1303 2809 lloma
1332 2748 1507 2824 exiturum,
1532 2750 1623 2813 illum

305 2862 344 2906 eo
372 2840 425 2905 die
451 2858 486 2901 se
513 2835 728 2900 dissimulasse
753 2834 946 2910 rediturum
975 2836 1060 2899 bunc
1078 2838 1195 2901 nullius
1217 2840 1263 2902 rei
1285 2848 1421 2903 mutasse
1443 2843 1623 2915 consilium,

304 2936 395 3000 illum
425 2951 549 2997 causam
577 2929 717 2991 mutandi
748 2927 871 2991 consilii
899 2925 1044 3004 finxisse3
1071 2931 1160 3005 huic,
1190 2932 1217 2994 si
1248 2932 1467 3008 insidiaretur,
1496 2941 1622 2998 noctem

304 3048 404 3112 prope
425 3024 536 3089 urbem
558 3020 819 3106 exspectandam,
841 3020 903 3096 illi,
926 3023 1020 3086 etiam
1042 3024 1069 3086 si
1090 3025 1175 3087 bunc
1196 3046 1259 3089 non
1281 3026 1421 3100 timeret,
1444 3035 1547 3089 tamen
1570 3047 1624 3089 ac·

266 3138 429 3186 sucessum
450 3119 489 3184 ad
511 3117 621 3180 urbem
642 3123 830 3179 nocturnum
852 3114 950 3180 luisse
972 3118 1183 3182 metuendum.

358 3267 361 3277 .
388 3214 460 3277 XX.
482 3208 532 3274 53.
554 3209 725 3273 Videamus
745 3228 829 3272 nunc
849 3209 899 3284 id,
929 3211 1014 3293 quod
1037 3221 1130 3295 caput
1151 3219 1214 3287 est,
1244 3213 1332 3276 locus
1353 3215 1393 3278 ad
1414 3212 1545 3276 insidias
1566 3212 1622 3276 ille

303 3313 387 3394 ipse,
415 3307 469 3371 ubi
495 3302 654 3388 congressi
683 3311 774 3377 sunt,
802 3303 865 3366 utri
894 3304 1021 3367 tandem
1052 3305 1148 3368 iuerit
1168 3306 1280 3388 aptior.
1316 3307 1351 3369 ld
1374 3326 1464 3380 vero,
1486 3305 1619 3380 iudices,

304 3406 398 3468 etiam
427 3397 632 3463 dubitandum
654 3404 685 3459 et
706 3396 824 3458 diutius
850 3395 1047 3479 cogitandum
1070 3403 1139 3462 esti
1165 3402 1246 3463 llnte
1269 3400 1621 3483 fundamentisque

303 3500 336 3562 in
364 3494 461 3560 tundo
490 3499 618 3577 propter
639 3492 765 3553 insanas
786 3489 856 3552 illas
879 3489 1126 3555 substructiones
1146 3491 1238 3555 facile
1261 3492 1423 3556 bominum
1444 3492 1529 3556 mille
1552 3511 1622 3555 ver·

264 3592 453 3655 assabantur
480 3584 666 3658 valentium,
695 3582 780 3646 edito
807 3582 979 3646 adversarii
1008 3590 1103 3667 atque
1131 3585 1256 3649 excelso
1278 3586 1349 3649 loco
1371 3586 1564 3669 superiorem
1585 3605 1621 3648 se

303 3685 371 3748 fore
398 3687 525 3766 putarat
551 3677 628 3741 Milo
656 3684 688 3740 et
718 3675 758 3738 ob
785 3695 853 3738 eam
875 3697 941 3741 rem
964 3697 1035 3741 eum
1064 3679 1165 3743 locum
1188 3680 1227 3742 ad
1257 3699 1393 3765 pugnam
1422 3680 1620 3765 potissimum

304 3777 463 3861 elegerat?
491 3775 540 3835 An
567 3772 600 3833 in
628 3791 667 3834 eo
694 3770 766 3832 loco
793 3778 842 3833 est
866 3772 971 3854 potius
993 3780 1193 3854 exspectatus
1214 3774 1253 3836 ab
1276 3794 1332 3848 eo,
1361 3774 1415 3856 qui
1437 3775 1537 3856 ipsius
1557 3772 1620 3836 leci

304 3893 360 3956 spe
381 3870 485 3934 lacere
506 3868 657 3950 impetum
678 3863 853 3946 cogitarat?
886 3865 947 3928 lies
970 3864 1112 3947 loquitur
1132 3865 1216 3948 ipsa,
1238 3866 1375 3941 iudices,
1398 3886 1479 3951 quae
1495 3885 1621 3948 semper

303 3967 387 4030 valet
415 3962 593 4049 plurimum.
636 3955 686 4020 54.
709 3957 742 4020 Si
768 3957 847 4020 baec
875 3977 939 4019 non
966 3965 1054 4041 gesta
1075 3959 1243 4033 audiretis,
1271 3960 1326 4022 sed
1349 3960 1433 4042 picta
1454 3958 1619 4033 videretis,

265 4069 408 4124 notamen
437 4062 619 4139 appareret,
646 4061 717 4116 uter
744 4058 828 4114 esset
854 4050 1035 4124 insidiator,
1062 4059 1132 4113 uter
1158 4052 1236 4115 nibil
1258 4052 1409 4134 cogitaret
1429 4051 1517 4125 mali,
1546 4071 1618 4114 cum

303 4154 383 4217 alter
401 4151 567 4217 veheretur
587 4148 620 4210 in
642 4146 718 4209 reda
738 4143 937 4226 paenulatus,
951 4163 1015 4206 una
1029 4144 1152 4210 sederet
1165 4164 1261 4208 uxor:
1276 4179 1317 4192 -
1333 4145 1410 4229 quid
1423 4145 1538 4209 borum
1554 4165 1618 4208 non

302 4243 600 4332 impeditissimum?
629 4239 773 4312 vestitus,
803 4257 843 4301 an
864 4235 1061 4312 vehiculum,
1083 4258 1123 4301 an
1142 4241 1267 4302 comesi
1289 4237 1365 4322 quid
1388 4238 1491 4301 minus
1514 4259 1618 4321 prom·

779 4484 791 4529 Ι

367 4594 391 4643 4.
408 4585 611 4639 iocusom.T-
630 4581 844 4632 casnErnestius:
863 4580 985 4638 tumTE3
1003 4580 1158 4630 Μεθ-
1177 4579 1292 4631 mnne:
1310 4580 1353 4630 uti
1369 4579 1434 4641 Ts²;
1453 4595 1506 4633 om.
1520 4579 1573 4635 cs¹
1587 4609 1613 4620 ..

300 4663 484 4732 spoliationibus
500 4657 597 4722 sepulti
612 4656 632 4706 E
650 4683 677 4694 -
700 4655 726 4707 3.
742 4655 802 4706 boec
818 4655 893 4707 stiom
909 4657 992 4707 TES:
1010 4657 1087 4708 etiem
1101 4657 1162 4707 neec
1178 4658 1237 4708 0-
1256 4659 1414 4721 suspitionem
1430 4658 1497 4708 TES
1516 4685 1542 4694 -
1561 4659 1615 4723 rso]
1705 4680 1717 4709 a

300 4756 359 4794 srso
375 4740 395 4790 E
409 4763 435 4775 -
455 4734 480 4786 4.
498 4733 577 4784 aritio
592 4732 623 4791 Τ,
642 4732 742 4781 itemv.
756 4731 816 4780 s.-
835 4732 942 4781 deuortit
958 4732 977 4781 T
991 4759 1016 4768 —
1036 4732 1070 4781 od
1085 4731 1208 4782 snam
1223 4731 1310 4783 TES:
1329 4734 1364 4783 cd
1378 4747 1404 4784 ss
1419 4732 1615 4782 oddbontmstt

302 4818 376 4881 [teste
394 4810 528 4872 Gruterol;
546 4808 580 4858 od
595 4819 620 4856 se
634 4805 794 4855 inAtbonum
810 4804 843 4866 0,
861 4808 941 4869 atque
959 4805 993 4854 ita
1010 4803 1098 4856 locum
1115 4805 1233 4856 exhibuit
1243 4805 1395 4858 Gulielmius
1411 4806 1445 4857 ad
1463 4805 1543 4856 Plauti
1560 4807 1617 4856 ble-

301 4890 422 4944 neecbm.
442 4898 465 4935 c.
484 4884 514 4945 3,
531 4883 572 4934 hta
589 4879 684 4931 additis
701 4879 804 4930 verbis:
824 4881 937 4940 ebosus,
957 4891 989 4930 ue
1008 4877 1115 4941 latiaris,
1134 4880 1257 4931 omnibus
1273 4883 1299 4931 in
1316 4880 1388 4932 tibris
1400 4880 1522 4944 vulgariis
1539 4893 1616 4930 men·

301 4969 396 5026 donus,
415 4977 429 5012 a
447 4959 525 5012 nobis
541 4972 556 5008 e
572 4956 624 5007 ilde
637 4953 853 5006 membranarum
864 4953 1004 5018 aliquando
1016 4955 1199 5015 constituetur,
1217 4955 1239 5004 si
1256 4954 1323 5005 deus
1339 4954 1457 5006 laverit-
1471 4981 1498 4990 -
1518 4954 1542 5004 9.
1554 4968 1616 5004 con·

299 5049 367 5094 storo
381 5040 462 5091 odino
473 5037 491 5086 E
504 5032 593 5099 (solus)
607 5058 634 5068 -
652 5031 704 5081 iud.
716 5029 801 5080 omnio
816 5030 876 5082 TE:
894 5031 993 5092 nonio,
1010 5030 1102 5080 iudices
1117 5031 1161 5083 SO
1175 5057 1198 5066 -
1221 5030 1261 5080 40.
1278 5033 1391 5094 cupierat
1406 5032 1425 5080 T
1440 5057 1464 5068 -
1486 5029 1525 5078 43.
1537 5043 1615 5090 pres-

300 5113 499 5170 otootomTES:
514 5108 670 5173 praedictum
682 5118 745 5156 cum
755 5106 867 5156 Grutero
878 5105 933 5155 0—
953 5104 992 5154 ts.
1010 5103 1104 5153 reditus
1119 5101 1178 5152 TE:
1196 5103 1303 5153 restim
1319 5104 1363 5154 80
1375 5130 1399 5143 -
1421 5105 1460 5155 tu.
1473 5105 1516 5153 illo
1532 5103 1612 5152 TES:

300 5194 377 5245 actito
388 5189 448 5241 0'-
466 5182 539 5237 rond
557 5183 624 5233 TES
644 5209 671 5219 -
689 5180 729 5231 43.
742 5179 804 5231 Ante
817 5179 969 5242 sundumn
982 5178 1118 5229 numum
1133 5177 1349 5241 offsnnstGeilius
1362 5180 1393 5229 N.
1405 5181 1435 5229 Α.
1450 5178 1473 5238 l,
1493 5177 1532 5237 to,
1545 5178 1576 5226 ts
1588 5179 1615 5225 et

300 5266 449 5321 Macrobius
465 5265 489 5324 l,
507 5263 535 5322 t,
553 5260 578 5309 t.
599 5284 626 5295 -
644 5255 685 5307 44.
703 5257 809 5306 Insanos
824 5254 1013 5305 substructiones
1031 5255 1155 5304 notantur
1170 5266 1185 5303 a
1202 5251 1357 5313 Quintiliano
1374 5253 1440 5313 vlu,
1459 5252 1487 5312 n,
1505 5250 1546 5301 44.
1573 5249 1611 5300 ct.

301 5345 373 5408 585,
392 5367 419 5378 ..
445 5331 736 5403 fmu--osrsobontnr
751 5330 828 5381 affert
845 5330 984 5393 Pompeius
1000 5329 1161 5392 Gramm.·p.
1179 5326 1228 5378 403
1245 5328 1287 5378 ed.
1305 5328 1424 5379 liudem.
1443 5352 1469 5362 —
1488 5325 1614 5375 nonsinsnn

298 5418 365 5468 mille
380 5415 441 5465 TE:
459 5411 585 5461 bornicum
600 5407 672 5456 milio
686 5407 717 5466 S;
734 5406 801 5456 mitte
815 5405 941 5455 bosnintm
957 5403 977 5453 0
995 5427 1022 5438 -·
1040 5401 1207 5453 enmbouer
1222 5403 1292 5453 TES
1310 5406 1335 5452 et
1352 5403 1509 5466 Pompeius:
1526 5413 1612 5449 uerso-

299 5489 478 5540 honerosum
490 5483 569 5536 Gellio
587 5483 614 5532 et
629 5480 771 5542 Macrobio,
784 5481 828 5544 qui
845 5478 955 5530 alteram
971 5476 1112 5528 lectionem
1129 5475 1202 5527 libais
1219 5479 1305 5528 minus
1316 5481 1438 5528 accurate
1450 5476 1554 5539 scriptis
1566 5476 1613 5524 tri-

299 5564 393 5615 buunt.
404 5588 431 5598 -
450 5561 491 5611 45.
503 5556 689 5610 odwmriTli
703 5581 729 5591 -
748 5555 789 5606 46.
804 5559 910 5618 peteret
924 5552 982 5604 TE:
996 5550 1156 5615 pennoso
1170 5578 1197 5589 -·
1210 5553 1244 5602 od
1256 5552 1450 5616 pupnoodnmii
1465 5578 1490 5586 -
1509 5551 1550 5601 27.
1562 5549 1612 5598 ete-

298 5644 372 5704 perot
387 5637 449 5686 ES:
468 5633 605 5698 bossuth
623 5631 745 5695 doleam
762 5630 782 5680 0
802 5656 828 5666 -
846 5628 1047 5692 expensetur
1065 5651 1091 5662 -
1110 5626 1151 5677 48.
1169 5627 1225 5689 ipse
1240 5627 1292 5677 iad.
1310 5627 1374 5678 TE:
1391 5627 1436 5676 itio
1453 5627 1505 5676 iud.
1522 5626 1553 5684 ὃς
1571 5625 1613 5673 iu·

299 5715 375 5772 dion,
392 5712 448 5773 ipso
463 5710 484 5760 0
502 5735 529 5747 -
547 5707 588 5757 49.
606 5706 634 5755 Si
649 5704 881 5756 ioec--oideretta
895 5701 987 5767 Aquila
1003 5703 1135 5752 Romanus
1152 5702 1182 5751 de
1200 5704 1244 5767 pp.
1261 5708 1322 5752 sest.
1339 5708 1363 5752 ct
1378 5702 1436 5752 stoc.
1456 5702 1471 5765 5
1488 5699 1519 5751 44
1536 5701 1563 5749 ct
1579 5713 1610 5748 es

300 5799 333 5837 eo
350 5785 490 5837 Martiams
507 5780 611 5847 capena
628 5778 644 5843 s
660 5779 717 5831 nst.
731 5803 758 5814 -
777 5783 846 5842 peste
860 5777 947 5828 son't'
965 5802 992 5812 -
1011 5776 1409 5842 enumericensium
1427 5774 1609 5826 rtedolio-

297 5849 1503 5925 minumus-sonmumperscr.est-tstspenntnumr-propmnnr.
