3800 7350
325 1224 407 1292 tito
717 1225 868 1291 catulo
890 1225 968 1291 PRO
992 1225 1052 1291 CN.
1073 1224 1244 1290 PLANCIO
1262 1233 1264 1247 '

326 1396 443 1472 doluit,
473 1397 524 1461 cui
553 1416 618 1460 non
644 1396 738 1459 huius
764 1395 797 1458 in
824 1416 874 1459 mc
902 1394 1117 1458 misericordia
1138 1401 1224 1475 grata
1245 1392 1348 1455 inerit
1390 1389 1441 1454 26.
1462 1393 1586 1454 Etenim
1608 1390 1636 1454 si

325 1498 398 1553 ante
419 1490 554 1553 reditum
576 1509 680 1553 meum
703 1489 758 1551 Cn.
780 1489 906 1552 Plancio
928 1510 962 1551 se
983 1488 1078 1568 vulgo
1093 1487 1151 1549 viri
1171 1486 1264 1560 boni,
1286 1505 1355 1548 cum
1375 1486 1427 1548 hic
1441 1485 1636 1549 tribunatum

325 1591 462 1667 peteret,
491 1584 574 1646 ultro
603 1583 792 1656 offerebant,
820 1584 871 1645 cui
899 1602 1014 1645 nomen
1037 1601 1139 1643 meum
1161 1579 1299 1642 absentis
1320 1578 1432 1641 honori
1453 1577 1578 1652 fuisset,
1608 1580 1638 1641 ei

325 1698 411 1741 meas
440 1677 613 1760 praesentis
640 1695 749 1759 preces
777 1696 842 1737 non
863 1683 954 1759 putas
974 1675 1152 1758 profuisse?
1184 1676 1233 1735 An
1261 1672 1493 1735 Minturnenses
1521 1672 1638 1746 coloni,

302 1772 412 1856 tquod
435 1772 468 1834 C.
483 1772 615 1834 Marium
637 1791 655 1832 e
677 1770 761 1833 civili
782 1770 864 1833 ferro
885 1779 981 1851 atque
1003 1789 1043 1831 ex
1057 1769 1161 1850 impiis
1175 1767 1316 1830 manibus
1332 1768 1528 1848 eripuerunt,
1551 1765 1637 1850 quod

326 1871 408 1927 tecto
431 1872 633 1948 receperunt,
655 1863 740 1945 quod
761 1862 879 1925 fessum
899 1862 1006 1925 inedia
1026 1862 1234 1943 tluctibnsqua
1256 1868 1448 1934 recrearunt,
1471 1858 1554 1943 qnod
1574 1861 1639 1922 via·

326 1959 423 2021 ticum
453 1965 693 2039 congesserunt,
724 1956 811 2039 quod
846 1956 1005 2037 navigium
1022 1954 1199 2039 dederunt,
1227 1952 1313 2037 quod
1341 1973 1413 2015 eum
1442 1953 1637 2036 linquentem

325 2060 438 2115 terram
461 2071 548 2125 eam,
578 2070 672 2133 quam
702 2057 858 2123 servarat,
884 2050 965 2113 votis
987 2048 1132 2111 omnibus
1154 2047 1353 2129 lacrimisque
1376 2048 1533 2130 prosecuti
1555 2052 1639 2120 sunt,

326 2153 454 2209 aeterna
474 2146 508 2207 in
530 2142 623 2207 laude
644 2150 825 2205 versantur:
847 2142 992 2215 Plancio,
1015 2140 1098 2224 quod
1120 2160 1169 2202 me
1185 2140 1234 2203 vel
1252 2140 1283 2202 vi
1305 2141 1431 2223 pulsum
1446 2140 1496 2202 vel
1517 2141 1638 2202 ratione

289 2237 489 2301 tondentem
509 2238 680 2318 receperit,
709 2237 839 2309 iuverit,
868 2236 1065 2309 custodierit,
1092 2235 1141 2298 his
1170 2244 1202 2299 et
1229 2237 1352 2298 senatui
1373 2235 1556 2318 populoque
1578 2235 1640 2296 llo·

325 2350 433 2405 mano,
460 2340 496 2394 ut
522 2331 673 2394 haberent
702 2349 797 2414 quem
825 2328 1027 2403 reducerent,
1057 2329 1265 2403 conservarit,
1292 2328 1405 2392 honori
1429 2329 1511 2392 hanc
1532 2325 1638 2401 fidem,

323 2422 584 2498 misericordiam,
606 2423 750 2489 virtutem
771 2423 870 2487 fuisse
891 2424 1034 2486 miraris?

409 2518 463 2579 lll.
484 2515 535 2580 27.
557 2518 640 2581 Vitia
662 2518 853 2581 mehercule
876 2516 931 2580 Cn.
946 2517 1065 2580 Plancii
1087 2538 1137 2580 res
1151 2536 1216 2589 eae,
1238 2518 1278 2579 do
1293 2517 1408 2599 quibus
1423 2517 1506 2593 dixi,
1529 2526 1635 2599 tegere

323 2619 511 2694 potuerunt,
533 2632 573 2675 ne
596 2619 629 2674 tu
649 2612 682 2674 in
704 2630 741 2676 ea
763 2612 840 2686 vita,
861 2610 901 2673 de
924 2630 987 2693 qua
1007 2610 1069 2673 iam
1091 2611 1207 2683 dicam,
1230 2617 1277 2673 tot
1297 2619 1329 2673 et
1349 2618 1434 2673 tanta
1455 2612 1636 2675 adiumenta

288 2706 398 2769 achaic
418 2706 532 2769 honori
552 2705 650 2768 luisse
671 2705 794 2767 mirere.
826 2705 884 2767 llio
906 2712 955 2767 est
969 2705 1061 2778 enim,
1083 2706 1138 2786 qui
1152 2704 1404 2766 adolescentulus
1419 2726 1490 2767 oum
1505 2708 1541 2767 Α.
1559 2708 1638 2768 Tor-

325 2808 420 2883 quato
449 2799 608 2882 proiectus
637 2800 669 2860 in
695 2798 828 2860 Africam
858 2798 903 2860 sio
924 2798 964 2860 ab
986 2798 1039 2860 illo
1061 2799 1246 2880 gravissimo
1269 2805 1301 2860 et
1322 2798 1520 2863 sanctissimo
1543 2808 1639 2883 atque

324 2893 410 2955 omni
438 2891 533 2954 laude
562 2899 594 2955 et
620 2891 738 2954 honore
767 2892 953 2973 dignissimo
979 2893 1046 2955 viro
1076 2890 1208 2953 dilectus
1237 2899 1303 2965 est,
1332 2899 1421 2954 utet
1442 2894 1638 2956 contubernii

323 2985 522 3049 necessitudo
545 2991 577 3047 ot
598 2983 805 3047 adolescentis
821 2985 1042 3048 modestissimi
1060 2985 1165 3066 pudor
1178 2984 1372 3067 postulabat:
1396 2986 1492 3069 quod,
1507 2986 1533 3048 si
1548 2985 1640 3048 ades·

324 3087 388 3152 set,
415 3098 480 3140 non
510 3078 611 3140 minus
638 3077 692 3139 illa
714 3078 886 3141 declararet
909 3099 1004 3162 quam
1030 3081 1080 3142 hie
1103 3080 1187 3142 illius
1209 3078 1305 3141 irater
1325 3079 1473 3161 patruelis
1496 3088 1528 3142 ct
1549 3099 1639 3141 socer

286 3174 359 3234 toT.
381 3174 571 3255 Torquatus,
600 3173 685 3234 omni
714 3171 761 3234 illi
791 3181 822 3235 et
849 3173 967 3236 virtute
995 3182 1026 3235 et
1057 3172 1150 3235 laude
1172 3192 1240 3257 par,
1272 3174 1328 3254 qui
1349 3182 1396 3235 est
1418 3172 1546 3255 quidem
1568 3193 1638 3235 eum

322 3263 378 3326 illo
410 3264 554 3326 maximis
584 3264 694 3327 vinclis
724 3272 756 3327 et
780 3266 1023 3348 propinquitatis
1051 3274 1082 3327 et
1103 3262 1261 3328 affinitatis
1284 3266 1485 3340 coniunctus,
1518 3265 1574 3328 sed
1594 3268 1639 3329 ita

322 3359 442 3439 maguis
464 3359 597 3431 amoris,
618 3365 654 3420 ut
673 3359 747 3421 illae
769 3360 1009 3422 necessitudinis
1031 3379 1142 3422 causae
1165 3358 1249 3421 leves
1272 3378 1341 3421 essa
1360 3359 1536 3422 videantur.
1567 3361 1640 3423 Fuit

322 3450 356 3512 in
378 3450 470 3512 Creta
491 3458 601 3532 postca
622 3450 855 3514 contubernalis
877 3453 1055 3526 Saturnini,
1085 3452 1252 3534 propinqui
1275 3452 1341 3527 sui,
1371 3453 1461 3515 miles
1482 3454 1576 3515 huius
1599 3454 1637 3529 Q.

322 3543 456 3607 Metelli:
479 3545 530 3605 cui
552 3564 623 3607 cnm
646 3545 742 3607 fuerit
763 3545 999 3626 probatissimus
1021 3544 1178 3627 hodieque
1194 3547 1250 3619 sit,
1273 3547 1419 3608 omnibus
1434 3567 1504 3609 esse
1519 3568 1553 3609 so
1567 3568 1638 3630 pro-

285 3638 429 3702 ttbatum
452 3636 546 3701 debet
566 3658 702 3722 sperare.
729 3639 766 3700 ln
788 3658 824 3702 ea
845 3639 1007 3721 provincia
1028 3638 1148 3721 legatus
1169 3638 1229 3702 t'uit
1251 3638 1284 3703 C.
1300 3640 1470 3704 Sacerdos:
1492 3661 1555 3725 qua
1578 3641 1639 3704 vir·

321 3739 405 3807 tute,
427 3750 491 3815 qua
512 3733 685 3795 constantia
700 3732 765 3796 virl
788 3733 823 3794 L.
838 3732 983 3795 Flaccus:
1009 3734 1065 3815 qui
1086 3733 1196 3794 homo!
1220 3734 1275 3816 qui
1291 3734 1384 3797 civisl
1408 3734 1534 3817 qualern
1554 3735 1638 3799 hunc

321 3831 448 3909 putent,
478 3825 662 3889 assiduitate
684 3826 926 3909 testimonioque
948 3826 1116 3888 declarant.
1160 3822 1210 3888 28.
1233 3828 1268 3888 ln
1290 3828 1475 3890 Macedonia
1495 3828 1638 3892 tribunus

322 3917 457 3981 militum
484 3918 561 3991 suit,
593 3919 626 3980 in
655 3919 765 3982 eadem
793 3920 957 4001 provincia
978 3928 1086 4002 postea
1107 3927 1263 4002 quaestor.
1296 3922 1432 3983 Primum
1455 3923 1639 3986 Macedonia

323 4014 368 4075 sic
390 4033 462 4075 eum
485 4011 601 4094 diligit,
624 4021 660 4076 ut
682 4012 821 4074 indicant
834 4013 868 4074 hi
883 4014 1040 4094 principes
1055 4013 1213 4075 civitatum
1229 4034 1372 4076 suarum:
1395 4015 1535 4096 quicum
1550 4017 1639 4079 missi

285 4104 386 4166 ausint
416 4106 457 4168 ob
485 4106 578 4169 aliam
606 4127 748 4180 causam,
780 4114 884 4168 tamen
912 4107 1012 4170 hrains
1034 4107 1198 4189 repentino
1227 4109 1365 4191 periculo
1396 4111 1544 4172 commoti
1565 4109 1638 4173 huic

323 4199 479 4273 assident,
507 4221 565 4282 pro
587 4200 648 4262 hoc
668 4201 827 4275 lahorant;
856 4199 930 4262 huic
952 4201 979 4263 si
1001 4208 1126 4284 praesto
1148 4201 1281 4276 fuerint,
1311 4202 1427 4284 gratius
1450 4223 1484 4265 se
1507 4204 1638 4266 civitati·

322 4293 381 4354 bus
410 4293 475 4355 suis
504 4291 641 4356 facturos
662 4301 773 4377 putant
794 4313 887 4376 quam
910 4294 1144 4375 allegationem
1167 4316 1253 4358 suam
1276 4303 1308 4358 et
1329 4294 1474 4359 mandata
1495 4297 1638 4359 confece-

323 4386 395 4447 rint.
427 4387 462 4447 L.
484 4406 558 4449 vero
580 4387 732 4469 Apuleius
754 4386 838 4450 hunc
860 4388 938 4450 tanti
966 4387 1054 4461 facit,
1081 4395 1254 4451 utmorem
1276 4389 1364 4451 illum
1386 4389 1552 4464 maiorum,
1583 4392 1638 4473 qui

323 4480 509 4561 praescribit
535 4484 568 4541 in
596 4487 761 4564 parentum
788 4481 859 4543 loco
881 4481 1099 4562 quaestoribus
1120 4482 1186 4543 suis
1209 4490 1368 4563 praetores
1391 4501 1460 4543 esse
1482 4489 1637 4566 oportere,

288 4568 436 4636 asofficiis
457 4574 743 4658 benevolentiaque
765 4576 927 4657 superarit
967 4574 1124 4637 Tribunus
1154 4575 1196 4656 pl.
1217 4574 1294 4649 fuit,
1323 4595 1388 4638 non
1415 4573 1548 4639 fortasse
1575 4585 1636 4638 tam

390 4863 414 4911 t.
432 4862 473 4910 eui
489 4874 541 4910 om.
560 4863 579 4912 T
598 4888 625 4899 -
648 4862 672 4912 3.
690 4876 772 4912 mrum
786 4864 958 4913 nomenti·
981 4863 1004 4914 l.
1020 4863 1195 4925 proesmtmE
1214 4889 1241 4897 -
1264 4863 1504 4925 An--nipuerunt
1520 4863 1637 4916 habeth

221 4959 224 4963 J
328 4937 590 4987 —hlintumunsomll
603 4964 631 4976 -
648 4939 673 4987 45.
690 4952 704 4988 u
719 4940 754 4988 A:
773 4950 826 4987 om.
841 4939 889 4987 TE
904 4965 927 4975 -
947 4938 1017 5001 (mo
1033 4939 1066 4987 h:
1084 4950 1170 4987 errore
1186 4936 1272 4987 TE·
1292 4937 1316 4987 6,
1330 4938 1430 4987 incedis
1446 4941 1492 4990 TE
1506 4967 1533 4976 —
1552 4941 1576 4989 8.
1588 4954 1639 4990 rcr—

324 5017 402 5062 uurut
418 5013 478 5063 TE:
496 5018 638 5062 manunt
654 5014 714 5062 0-
746 5012 922 5062 uotisomnibru
937 5013 1161 5073 nonunquam:
1180 5013 1303 5073 meminis,
1320 5015 1383 5062 uotis
1398 5015 1566 5077 ominibusque
1577 5018 1635 5076 L0;

324 5090 388 5139 uotis
397 5089 564 5150 ominibusque
573 5093 597 5138 et
612 5089 723 5138 mominis
736 5089 878 5151 Madvigius
891 5088 1039 5139 Emendatt.
1052 5088 1077 5138 tn
1090 5089 1143 5137 Cic.
1157 5086 1238 5138 libros
1254 5086 1346 5152 philos.
1359 5089 1370 5138 1
1386 5102 1412 5152 p.
1423 5089 1463 5140 tu.
1475 5118 1503 5128 -
1516 5094 1540 5143 9.
1553 5098 1639 5143 eunio

326 5163 391 5213 T-
410 5166 475 5225 quod
493 5165 711 5214 me--cedeutem
727 5162 844 5213 habeta
863 5189 889 5197 -
910 5163 949 5211 40.
968 5163 999 5227 et]
1015 5162 1078 5211 utE
1102 5187 1127 5196 -
1154 5162 1193 5212 43.
1215 5163 1317 5213 Vioqu
1337 5186 1363 5197 -
1385 5163 1470 5224 planci
1486 5167 1506 5216 T
1523 5193 1550 5203 -
1574 5168 1639 5216 dicit

325 5252 413 5302 usqne
429 5240 463 5296 T:
487 5238 551 5288 dixit
566 5251 642 5302 opere
658 5239 677 5287 E
696 5263 723 5273 -
743 5240 782 5288 tt.
800 5237 1004 5287 Hic--dituctus
1019 5243 1053 5286 est
1070 5236 1185 5287 habeta
1207 5264 1232 5273 —
1251 5244 1286 5287 ost
1301 5239 1425 5289 omT-
1445 5240 1639 5291 nuncnune:

326 5315 377 5365 ΑΤ
395 5342 422 5352 -
446 5313 486 5378 A]
504 5313 565 5362 Auto
581 5316 602 5363 Α
621 5340 648 5350 -
668 5313 708 5363 46.
726 5314 843 5376 affricam
859 5314 879 5363 Τ
896 5338 922 5348 -
941 5313 1090 5376 grumulum
1106 5313 1163 5361 uiro
1179 5318 1202 5362 ut
1218 5313 1237 5362 Ε
1251 5340 1278 5348 -
1295 5319 1319 5363 ct
1333 5315 1486 5365 :annuumo
1497 5337 1533 5354 ⁴-
1544 5317 1639 5380 dignis,-

325 5392 387 5440 simo
403 5393 490 5440 uma
508 5416 535 5424 —
555 5389 595 5438 tr.
614 5389 718 5438 delectu
733 5390 753 5439 Τ
770 5416 798 5425 -
816 5387 958 5438 contuberni
973 5389 992 5437 T
1011 5415 1038 5424 -
1058 5388 1097 5437 48.
1116 5389 1275 5438 adsuescentis
1290 5389 1323 5447 T,
1344 5389 1501 5439 adolescentis
1517 5391 1550 5440 E:
1574 5393 1638 5440 udo-

325 5466 449 5516 loscentuii
465 5465 485 5513 0
504 5491 532 5500 —
553 5464 575 5512 si
597 5475 649 5514 om.
668 5463 688 5512 T
706 5489 732 5498 -
753 5464 792 5513 49.
810 5463 876 5511 iliius
896 5461 985 5526 frater]
1001 5461 1140 5512 illustrator
1156 5463 1175 5513 E
1193 5490 1220 5498 -
1244 5464 1284 5512 20.
1305 5464 1340 5528 Τ.]
1357 5465 1449 5514 tuusE
1469 5492 1495 5501 —
1521 5467 1587 5515 ononi
1602 5466 1639 5515 itii

326 5542 391 5592 TE:
413 5541 450 5589 itti
471 5538 538 5589 moni
554 5539 574 5589 0
593 5564 620 5574 -
638 5538 679 5587 at.
696 5538 785 5588 uincbs
799 5537 862 5587 TE:
879 5537 982 5586 uiueubs
998 5537 1056 5586 0-
1076 5544 1099 5587 et
1114 5538 1341 5600 appropinquitatis
1356 5540 1375 5588 T
1389 5567 1416 5575 -
1434 5541 1561 5590 canuntur
1576 5540 1635 5589 Τ-

324 5617 366 5667 Th.
383 5615 481 5678 neumis
495 5612 684 5675 Pantagathus:
708 5614 795 5676 muqnt
810 5613 858 5663 ΤΕ
878 5639 904 5648 -
922 5612 1055 5661 uideamur
1070 5614 1128 5662 Τ-
1148 5614 1251 5662 Fuit--
1261 5613 1351 5663 huetii
1367 5613 1448 5665 habet
1463 5617 1484 5664 Α
1499 5642 1525 5652 -
1544 5613 1584 5665 il.
1597 5615 1639 5663 cui

325 5704 341 5741 o
359 5689 442 5740 tribus
459 5687 537 5738 codd.
555 5686 720 5738 Wunderus:
747 5689 790 5750 qui
805 5687 870 5746 TE;
888 5686 975 5748 quibu
991 5687 1010 5736 0
1030 5713 1056 5721 -
1081 5688 1152 5738 hodie
1168 5701 1231 5751 quoa
1246 5688 1266 5738 T
1284 5715 1310 5726 -
1330 5689 1370 5739 25.
1387 5691 1516 5750 montotto
1528 5691 1557 5750 T,
1574 5691 1637 5739 itam

324 5777 351 5814 v.
363 5764 404 5814 28.
425 5789 451 5800 -
469 5762 510 5812 ΞΤ.
528 5761 648 5826 tribunus]
667 5768 707 5812 ‚tn
725 5763 745 5813 T
763 5789 789 5800 —
808 5764 849 5813 28.
866 5763 935 5812 naas
951 5761 999 5811 ΤΕ
1017 5785 1045 5797 -
1063 5761 1104 5811 Τ9.
1121 5763 1155 5827 ii]
1173 5765 1209 5813 ii.
1227 5762 1247 5812 T
1264 5786 1290 5797 —
1309 5762 1349 5812 33.
1369 5765 1481 5824 αρυιοίιιε
1497 5767 1532 5816 E:
1550 5764 1638 5826 apute-

324 5840 381 5903 qius
396 5840 431 5898 T:
448 5838 580 5902 Appuleius
595 5839 616 5887 0
634 5864 662 5874 -
679 5840 727 5889 tuo
742 5841 762 5889 T
780 5863 807 5876 -
825 5838 1089 5905 ibbuoiuotentiqu
1104 5837 1151 5889 ΤΕ
1170 5863 1197 5873 -
1217 5837 1506 5891 Tutunus--trttunus
1520 5839 1638 5894 habeta
