3800 7350
698 1220 772 1290 cn.
794 1220 974 1287 vt-vitt
1002 1217 1048 1303 ες
1071 1214 1336 1342 ia-ppffl·
1535 1204 1616 1273 tosa

299 1396 334 1456 T.
357 1395 489 1457 Albucio
511 1396 772 1478 supplicationem
794 1396 877 1459 bunc
900 1396 1042 1459 ordinem
1064 1351 1248 1475 denegasse.
1280 1388 1386 1465 Quidt
1408 1387 1464 1449 list
1480 1386 1638 1470 primumi
1657 1405 1763 1496 Q.

297 1488 448 1551 dissimile
474 1509 525 1552 res
551 1490 584 1551 in
608 1489 749 1552 Sardinia
770 1509 841 1551 cum
864 1490 1061 1552 mastrucatis
1082 1483 1265 1551 latrunculis
1287 1502 1304 1546 a
1328 1489 1530 1566 propraetore
1552 1499 1615 1541 una

297 1580 425 1643 cohorte
453 1580 620 1644 auxiliaria
649 1589 735 1664 qesta
761 1589 793 1645 et
812 1583 929 1645 bellum
952 1603 1022 1645 cum
1046 1580 1191 1643 maximis
1214 1578 1322 1661 Syriae
1346 1574 1492 1658 gentibus
1514 1580 1547 1636 et
1568 1578 1616 1654 ty-

296 1674 402 1737 munis
423 1673 581 1738 consulari
603 1676 743 1739 exercitu
767 1675 963 1759 imperioque
986 1673 1172 1737 coniectum.
1204 1669 1327 1734 Deinde
1340 1668 1508 1739 albucius,
1531 1665 1616 1749 quod

294 1787 312 1828 a
335 1775 444 1829 senatu
465 1768 607 1850 petebat,
628 1770 695 1852 ipse
717 1769 776 1831 sibi
799 1771 831 1830 iii
855 1767 1001 1831 Sardinia
1022 1776 1094 1830 ante
1117 1766 1307 1829 decreverat.
1341 1759 1511 1825 Constabat
1532 1758 1642 1846 enimt·
1698 1801 1748 1892 ᾗ

294 1859 446 1922 Graecum
469 1859 628 1924 bominem
651 1881 688 1923 ac
711 1862 811 1924 levem
829 1864 861 1925 in
884 1862 952 1943 ipsa
974 1861 1132 1944 pmrincia
1148 1858 1239 1943 quusi
1258 1851 1485 1937 triumphasse:
1508 1853 1617 1935 itaque
1631 1885 1642 1954 ³,

293 1953 374 2015 banc
404 1954 473 2017 eius
501 1955 707 2017 temeritatem
730 1963 858 2019 senatus
880 1954 1109 2037 supplicatione
1133 1952 1287 2036 denegata
1309 1948 1437 2011 notavit.
1479 1943 1529 2008 lb.
1553 1944 1616 2050 Sed
1639 1963 1650 2042 q

293 2045 414 2109 truatur
435 2067 511 2110 sane
532 2047 593 2111 boc
616 2048 731 2113 solatio
753 2055 849 2131 atque
871 2050 953 2112 banc
976 2049 1130 2130 insignem
1152 2045 1372 2131 ignominiam,
1395 2042 1543 2125 quoniam
1559 2057 1614 2100 uni
1643 2045 1650 2128 f

292 2148 415 2224 praeter
443 2161 477 2203 se
500 2141 601 2204 inusta
623 2143 679 2216 sit,
710 2150 799 2225 putet
821 2161 891 2207 esse
914 2143 1083 2215 leviorem,
1113 2142 1187 2205 dum
1211 2141 1323 2215 modo,
1357 2136 1446 2199 cuius
1469 2129 1616 2213 exemplo
1643 2201 1649 2234 ἰ

292 2254 326 2296 se
355 2234 551 2309 consolatur,
580 2236 649 2298 eius
679 2238 799 2299 exitum
827 2244 1006 2319 exspectet,
1035 2238 1219 2319 praesertim
1249 2258 1320 2300 cum
1347 2237 1379 2298 in
1401 2226 1535 2296 Albucio
1556 2239 1655 2308 necsp

291 2327 413 2391 Pisoms
436 2328 581 2391 libidines
604 2349 662 2392 nee
683 2328 813 2392 audacia
828 2329 954 2391 Gabinii
977 2327 1073 2391 fuerit
1094 2348 1131 2392 uc
1153 2338 1256 2393 tamen
1279 2329 1337 2392 bec
1355 2347 1419 2391 unu
1435 2319 1529 2413 pingo
1543 2321 1641 2436 con-l'

291 2420 414 2495 ciderit,
437 2422 608 2504 ignominia
630 2430 767 2487 senatus.
1607 2443 1613 2458 ‘

376 2509 425 2576 ll.
447 2514 544 2598 Atqui
566 2513 645 2579 duas
668 2515 787 2579 Gallias
808 2517 863 2599 qui
886 2515 1027 2579 decernit
1049 2518 1231 2581 consulibus
1254 2517 1394 2591 duobus,
1417 2517 1474 2580 lios
1497 2514 1613 2579 retinet

291 2608 399 2672 ambo:
422 2610 477 2692 qui
498 2616 604 2673 autem
624 2610 755 2672 alteram
771 2610 904 2672 Galliam
927 2617 960 2672 et
980 2619 1036 2674 aut
1050 2612 1174 2694 Syriam
1191 2621 1246 2675 aut
1260 2610 1487 2685 llacedoniom,
1509 2619 1612 2673 tamen
1659 2678 1663 2704 Ι

291 2702 423 2766 alterum
446 2702 561 2765 retinet
582 2710 613 2765 et
635 2704 668 2766 in
690 2704 857 2787 utriusque
879 2704 946 2787 puri
969 2705 1090 2767 scelere
1112 2703 1269 2788 disparem
1292 2706 1508 2769 conditionem
1529 2704 1660 2788 lacit-tt
1687 2741 1692 2801 ξ

291 2794 431 2867 Faciam,
452 2794 572 2878 inquit,
594 2797 664 2860 illas
687 2797 878 2881 praetorias,
901 2806 936 2860 ut
958 2798 1065 2860 Pisoni
1086 2806 1120 2862 et
1133 2796 1268 2862 Gabinio
1291 2799 1479 2863 succedatur
1496 2799 1614 2862 statim.
1652 2791 1656 2838 ¹¹
1685 2807 1689 2832 ·'

291 2889 323 2950 Si
352 2887 404 2951 bic
433 2889 531 2952 einata
560 2898 625 2954 tuin
655 2892 738 2954 enim
767 2890 910 2955 tribunus
933 2891 1129 2955 intercedere
1152 2893 1283 2975 poterit,
1305 2913 1389 2956 nuno
1409 2912 1475 2955 non
1497 2895 1615 2975 potest,

290 2982 400 3066 ltaque
423 3002 482 3065 eqo
503 2983 607 3059 idem,
630 2987 684 3069 qui
708 3005 791 3048 nunc
815 2984 1000 3048 consulibus
1022 2986 1077 3057 iis,
1106 2986 1161 3068 qui
1183 2984 1337 3067 designati
1361 2996 1466 3061 erunt,
1489 2985 1611 3070 Syriam
1649 2979 1679 3058 ,,·’

290 3074 570 3160 Macedoniamque
597 3080 751 3152 decerno,
781 3078 947 3141 decernam
970 3076 1097 3139 easdem
1125 3078 1312 3160 praetorias,
1342 3089 1377 3141 ut
1399 3088 1430 3141 et
1452 3085 1611 3163 praetores

289 3188 408 3233 annuas
430 3172 608 3253 provincias
629 3173 766 3236 babeant
790 3179 821 3234 et
842 3192 898 3234 eos
920 3191 1015 3254 quam
1038 3170 1173 3253 primum
1194 3171 1374 3246 rideamus,
1402 3191 1483 3255 quos
1505 3171 1676 3236 animottt

288 3283 391 3347 aequo
420 3265 526 3328 videre
550 3285 612 3328 non
636 3286 815 3349 possumus.
858 3266 940 3327 Vlll.
965 3263 1027 3327 Sed
1050 3263 1127 3326 mibi
1149 3263 1285 3327 credite:
1312 3285 1483 3349 numquam
1506 3284 1613 3328 succe·

288 3357 380 3419 detur
402 3358 483 3432 illis,
506 3359 566 3422 nisi
588 3379 658 3422 cum
683 3379 720 3422 ee
742 3361 811 3441 lege
833 3358 1002 3430 referetur,
1032 3375 1095 3440 qua
1117 3356 1269 3420 intercedi
1292 3356 1332 3420 de
1353 3358 1524 3440 provinciis
1546 3377 1612 3418 non

288 3449 405 3513 licebit.
439 3452 548 3536 ltaque
570 3452 630 3516 boc
651 3462 793 3535 tempore
816 3453 930 3516 amisso
945 3469 1047 3513 aniius
1062 3457 1110 3512 est
1127 3451 1249 3533 integer
1262 3451 1353 3513 robis
1368 3449 1613 3531 exspectandus,

288 3563 351 3626 quo
382 3545 546 3609 interiecto
576 3545 691 3630 cisium
714 3545 892 3619 calamitas,
921 3544 1080 3606 sociorum
1102 3563 1270 3618 aerumna,
1299 3542 1612 3608 sceleratissimorum

286 3635 450 3701 bominum
472 3638 644 3722 impunitas
665 3647 865 3724 propagatur.
1621 3652 1650 3698 ac

203 3799 205 3807 ι
227 3716 258 3801 ,ἶ
374 3727 424 3794 48.
447 3733 539 3809 Quod
562 3733 589 3796 si
610 3743 716 3797 essent
735 3733 782 3797 illi
803 3733 913 3816 optimi
934 3732 1009 3806 viri,
1032 3740 1136 3795 tamen
1156 3752 1215 3816 eqo
1231 3752 1302 3796 mea
1316 3733 1470 3797 sententia
1486 3732 1519 3796 G.
1535 3732 1612 3795 Cae·

203 3810 214 3827 “’
286 3827 348 3889 sari
370 3826 601 3890 succedendum
624 3826 764 3890 nondum
786 3833 940 3909 putarem.
979 3825 1153 3903 Quadere
1169 3827 1287 3901 dicam,
1310 3833 1416 3910 patres
1432 3826 1611 3910 conscripti,
1697 3834 1699 3839 ’

286 3938 370 4003 quoe
392 3921 513 3994 sentio,
535 3927 630 4003 atque
653 3920 739 3982 illam
762 3918 1049 4002 interpellationem
1072 3921 1133 3983 mei
1155 3919 1406 3994 familiarissimi,
1429 3940 1493 4004 qua
1515 3920 1611 4005 paulo
1644 3903 1685 3948 ‘'²'‘
1701 3908 1726 3953 *³¹
1749 3974 1758 3989 ,

286 4020 359 4076 aute
381 4013 555 4096 interrupta
577 4021 626 4076 est
648 4014 748 4075 oratio
770 4033 851 4088 mea,
874 4032 938 4075 non
961 4012 1190 4096 pertimescam.
1223 4014 1325 4095 Negat
1346 4034 1396 4076 me
1412 4014 1459 4076 vir
1473 4015 1611 4095 optimus
1677 4057 1685 4065 a

285 4105 490 4170 inimiciorem
516 4106 650 4170 Gabinio
674 4107 789 4170 debere
811 4127 881 4170 esse
904 4126 997 4188 quam
1022 4107 1165 4170 Caesari:
1188 4126 1313 4170 omnem
1336 4108 1422 4170 illam
1445 4113 1649 4189 tempesta-oo

286 4195 434 4354 tem,‘[cui
457 4183 765 4307 cesserim,{Caesare
788 4199 960 4282 impulsore
982 4206 1078 4282 atque
1093 4200 1238 4264 adiutore
1254 4221 1324 4263 esse
1340 4201 1517 4263 excitatam.
1553 4199 1610 4260 Cui

285 4294 312 4354 si
335 4312 354 4374 p
385 4313 470 4355 inum
493 4288 539 4355 stt
561 4294 786 4376 respondeam,
809 4312 859 4355 me
881 4293 1053 4380 communis
1075 4293 1220 4356 utilitatis
1235 4292 1352 4357 babere
1366 4294 1532 4368 rationem,
1546 4313 1611 4356 non

284 4383 404 4446 doloris
426 4387 504 4458 mei,
526 4388 686 4468 possimne
708 4386 858 4469 probare,
880 4407 950 4449 eum
973 4385 1005 4447 id
1029 4407 1078 4448 me
1100 4386 1204 4450 facere
1220 4388 1340 4461 dicam,
1362 4388 1448 4471 quod
1465 4388 1610 4472 exemplo

283 4476 527 4543 fortissimorum
550 4488 582 4542 et
603 4479 846 4546 clarissimorum
869 4480 984 4543 cisium
1008 4479 1111 4543 facere
1133 4481 1276 4563 possimt
1311 4484 1357 4543 An
1380 4481 1429 4543 Ti.
1452 4481 1610 4545 Gracchus

894 4593 1120 4695 'milredi-*r-

349 4865 371 4912 l.
390 4863 484 4912 albutio
501 4865 563 4921 PG,
582 4865 645 4912 item
664 4877 689 4913 v.
702 4861 717 4913 l
729 4865 757 4913 et
772 4863 811 4913 to.
824 4890 858 4900 -
872 4863 1001 4914 bordlnem
1017 4868 1036 4916 P
1050 4890 1077 4901 -
1098 4864 1181 4926 Quid?
1196 4865 1242 4914 list
1258 4865 1428 4914 Gumtonius:
1447 4865 1557 4926 quiden
1575 4867 1607 4924 P;

281 4940 349 4998 quod
364 4943 399 4989 eat
415 4939 494 4989 GEO
512 4964 539 4974 —
563 4940 588 4990 3.
606 4943 629 4987 et
646 4941 761 5000 turornis
778 4953 839 4990 nos:
863 4941 979 5002 turcanis
996 4943 1029 4992 C:
1052 4955 1083 4990 oc
1099 4943 1214 5002 tyrannis
1231 4940 1279 4992 to
1300 4969 1327 4978 -
1351 4939 1433 5004 quasi]
1450 4939 1514 5000 quisi
1531 4941 1559 4990 1³¹
1579 4964 1606 4975 -

281 5013 305 5062 8.
323 5013 369 5063 boc
384 5026 445 5063 roae
461 5015 510 5065 GE
529 5041 556 5050 -
581 5014 604 5062 9.
623 5014 653 5062 sit
673 5011 802 5064 llulmius:
820 5019 856 5064 eat
872 5016 924 5065 (10
944 5043 969 5051 —
989 5018 1087 5067 lanuto
1104 5020 1122 5066 P
1141 5044 1167 5054 -
1193 5016 1261 5080 duan]
1285 5018 1371 5067 nont}
1392 5042 1418 5051 -
1446 5016 1486 5064 lt.
1509 5015 1609 5065 Gubiuit

280 5091 392 5139 oodocm
409 5091 459 5142 GE
478 5116 506 5128 ·-
524 5089 632 5139 nudatio
648 5091 667 5138 P
687 5115 713 5125 -
732 5103 763 5138 oc
780 5095 863 5140 tunes
879 5091 927 5140 boc
942 5093 1158 5142 onequnderus
1177 5094 1241 5152 tuor.
1259 5092 1313 5143 tsct.
1331 5106 1345 5141 s
1360 5092 1414 5141 cod.
1427 5090 1525 5152 Erfurt.
1543 5096 1608 5140 enot.

281 5163 364 5228 praet.
376 5178 403 5229 p.
416 5165 491 5216 bvlll
504 5167 570 5226 sq.):
590 5177 621 5214 oc
638 5169 721 5213 torum
738 5177 769 5213 oc
784 5178 837 5214 suo
854 5167 896 5225 1³¹,
914 5165 963 5216 boc
978 5172 1061 5217 tumea
1077 5168 1124 5216 ltoc
1139 5180 1192 5216 ono
1209 5168 1252 5221 P:
1270 5165 1552 5220 commoneor
1571 5166 1610 5215 tic

281 5252 312 5287 oc
327 5243 410 5288 tornea
425 5239 473 5288 tec
489 5254 543 5288 ouo
560 5239 593 5294 Ei
611 5240 659 5288 boc
676 5241 853 5289 tommrmoo
867 5267 893 5275 -
910 5254 982 5305 popu
997 5240 1066 5293 1³¹-
1087 5243 1234 5293 luitnotus
1249 5242 1291 5294 bis
1309 5243 1436 5305 deinceps
1455 5244 1512 5292 P-
1534 5243 1610 5292 tltet

280 5316 368 5363 omc
390 5340 416 5350 —
434 5313 503 5378 port]
517 5314 599 5376 portis
616 5315 666 5365 GE
686 5339 711 5349 -
733 5312 772 5362 to.
790 5315 880 5375 sottum
898 5317 917 5366 P
937 5342 965 5352 -
984 5318 1078 5379 piarem
1094 5320 1113 5369 P
1133 5345 1160 5355 —
1179 5319 1220 5368 tu.
1237 5318 1286 5381 lte]
1302 5319 1312 5368 t
1329 5318 1355 5368 io
1372 5329 1479 5379 rasura,
1499 5318 1557 5368 tort.
1577 5331 1608 5367 ex

280 5402 295 5435 o
312 5388 331 5437 P
349 5389 377 5439 tsi
392 5388 438 5437 boc
453 5389 552 5438 noctur
563 5386 690 5448 Halmius)
704 5417 731 5428 -
750 5390 815 5439 endu
831 5390 945 5440 tritum
962 5393 987 5441 tn
998 5405 1084 5442 uacuo
1101 5393 1187 5456 spatio
1199 5406 1253 5443 om.
1266 5393 1299 5447 Ec
1317 5393 1382 5442 enim
1400 5391 1529 5456 [tribuous]
1547 5404 1608 5442 cuni

281 5464 420 5513 t'iarstoolo
438 5464 497 5514 0-
518 5465 592 5530 nunc]
609 5479 662 5513 nuo
679 5465 706 5513 P¹
722 5493 746 5501 -
767 5464 806 5514 ⁴8.
825 5466 914 5515 mom
931 5468 949 5516 P
970 5494 996 5502 —-
1017 5467 1056 5517 49.
1075 5467 1175 5517 dtcemo
1191 5466 1221 5517 P*
1240 5495 1267 5506 -
1286 5467 1382 5517 eosdem
1399 5468 1427 5518 P¹
1442 5494 1467 5504 -
1484 5469 1611 5530 pretorius

280 5541 299 5590 P
319 5566 345 5575 -
362 5542 509 5602 mmet>
529 5567 555 5577 ο
574 5540 615 5590 00.
631 5541 773 5602 proctector
790 5542 847 5591 PG¹
868 5569 893 5578 -
912 5543 953 5591 at.
972 5543 1116 5591 medem
1132 5541 1174 5593 G2:
1193 5544 1332 5593 succeditur
1350 5542 1420 5602 PG¹;
1439 5544 1609 5593 succideturli

282 5640 309 5648 -
328 5613 369 5664 23.
388 5613 490 5676 itaquae
508 5611 535 5664 Ρι
548 5640 575 5650 -
594 5615 635 5664 00.
654 5615 739 5665 obtimi
756 5618 774 5666 P
790 5642 814 5652 ·-
833 5617 957 5665 sedendo
974 5617 992 5665 P
1008 5642 1033 5651 —
1052 5616 1139 5666 Gcaori
1155 5618 1188 5674 P;
1206 5618 1269 5667 item
1287 5631 1312 5665 v.
1325 5617 1366 5667 30.
1383 5645 1409 5654 -
1428 5618 1469 5669 28.
1488 5631 1553 5682 quoe
1569 5620 1606 5669 C:

280 5689 346 5750 quod
362 5690 382 5740 0
401 5715 427 5726 -
448 5691 530 5752 adquae
546 5688 573 5738 Ρ1
593 5716 620 5726 -
639 5690 863 5753 interpeltoci'ouem
878 5692 911 5749 P;
930 5691 1158 5753 interpretationem
1174 5694 1194 5739 t}
1214 5717 1239 5726 -
1258 5691 1338 5753 poulo
1355 5694 1428 5741 P‘o:
1445 5693 1532 5755 paullo
1548 5692 1607 5744 1³¹0

283 5787 309 5798 -
328 5763 369 5812 29.
388 5765 473 5814 oracio
490 5767 549 5815 P-
568 5765 611 5814 olr
626 5768 734 5828 optimus
748 5780 789 5816 nie
804 5768 824 5816 G
842 5791 869 5803 -
889 5767 929 5815 30.
948 5777 1046 5814 manen
1062 5767 1095 5815 C:
1114 5778 1211 5815 mnam
1226 5767 1292 5816 mun
1306 5766 1327 5816 0
1341 5792 1367 5802 -
1387 5767 1427 5818 dl.
1446 5768 1542 5830 italae
1557 5782 1608 5817 uon

280 5835 437 5895 lumbicus,
461 5840 505 5902 qui
522 5839 589 5889 bueo
604 5840 690 5889 Asu
701 5839 895 5903 temptasset?
911 5852 973 5890 cum
990 5838 1096 5893 duobus
1112 5839 1250 5891 codicibus
1270 5841 1339 5891 later
1354 5839 1436 5891 verbs
1454 5842 1608 5904 detmdm

280 5912 309 5960 et
322 5912 403 5975 Atque
419 5913 443 5978 ts
459 5913 501 5977 tt)
522 5916 698 5981 transposutt3
719 5914 758 5967 Aa
775 5916 811 5970 n.
829 5915 1112 5970 oracutum-emtum
1131 5915 1231 5971 laudus
1253 5919 1329 5971 esset
1351 5916 1455 5978 umus
1476 5913 1603 5969 tlelmtua.
