3800 7350
644 1187 717 1252 cn.
739 1185 964 1251 xx-xxn.
991 1182 1038 1267 §s
1060 1180 1208 1248 tet-57.
1504 1181 1587 1249 4444

258 1364 348 1437 ptum
368 1353 410 1417 ad
431 1373 585 1436 pugnam,
607 1376 678 1418 cum
700 1355 838 1438 paenula
859 1354 1015 1426 irretitus,
1045 1352 1122 1416 reda
1143 1352 1332 1434 impeditus,
1363 1374 1463 1417 uxore
1485 1375 1587 1437 paene

258 1446 447 1511 constrictus
470 1451 576 1509 esset?
598 1449 711 1512 Videte
726 1468 811 1511 nunc
832 1449 940 1522 illum,
964 1448 1100 1529 primum
1114 1447 1329 1529 egredientem
1344 1470 1362 1511 e
1378 1447 1453 1512 villa
1467 1449 1587 1513 subito:

258 1544 338 1603 curi
359 1539 503 1623 vesperi:
525 1540 602 1622 quid
626 1560 757 1603 necesse
780 1544 849 1603 esti
873 1541 979 1603 tarde:
1003 1542 1057 1622 qui
1075 1541 1242 1615 convenit,
1262 1543 1447 1622 praesertim
1462 1543 1495 1604 id
1511 1552 1590 1605 tem·

258 1634 369 1715 parisi
404 1634 545 1695 Devertit
572 1634 605 1695 in
633 1634 740 1696 villam
772 1634 924 1716 Pompeii.
963 1634 1148 1716 Pompeium
1170 1642 1207 1696 ut
1228 1634 1372 1697 videret?
1400 1636 1524 1698 Sciebat
1555 1637 1588 1698 in

258 1724 396 1788 Alsiensi
419 1745 503 1799 esse;
532 1726 639 1789 villam
666 1735 703 1789 nt
728 1726 949 1810 perspiceret?
981 1725 1106 1789 miliens
1136 1726 1169 1788 in
1198 1745 1236 1789 aa
1256 1726 1369 1791 luerat.
1407 1729 1491 1805 Quid
1513 1742 1615 1811 ergon

260 1820 352 1881 erati
375 1820 464 1881 blora
487 1827 519 1882 et
541 1820 775 1901 tergiversatio:
798 1818 873 1880 dum
896 1819 947 1881 hic
972 1820 1108 1893 veniret,
1130 1820 1235 1882 locum
1257 1820 1437 1904 relinquere
1459 1822 1569 1886 noluit.

345 1912 431 1974 xxi.
453 1911 505 1974 55.
528 1915 594 1995 Age
616 1934 700 1975 nunc
722 1912 783 1974 iter
804 1911 944 1993 expediti
968 1912 1100 1975 latronis
1123 1933 1194 1975 cum
1209 1912 1337 1976 Milonis
1355 1914 1591 1997 impedimentis

260 2012 450 2088 comparate.
488 2006 619 2088 Semper
641 2005 695 2067 ille
717 2012 811 2067 antea
833 2025 904 2067 cum
927 2024 1044 2078 uxore,
1072 2013 1138 2068 tum
1161 2005 1231 2068 sine
1254 2026 1308 2081 ea;
1335 2027 1507 2092 numquam
1529 2008 1590 2071 nisi

259 2098 294 2159 in
320 2098 412 2172 reda,
439 2107 508 2161 tum
534 2100 567 2161 in
595 2118 695 2181 equo;
723 2097 854 2159 comites
882 2097 1044 2171 Graeculi,
1076 2118 1278 2182 quocumque
1301 2100 1379 2174 ibet,
1402 2102 1497 2164 etiarn
1519 2120 1591 2163 eum

258 2191 292 2252 in
315 2199 417 2253 eastra
437 2190 569 2254 Etrusca
590 2190 795 2273 properabat,
818 2199 884 2252 tum
906 2208 1060 2271 nugarum
1083 2192 1115 2253 in
1136 2192 1285 2254 comitatu
1301 2193 1389 2256 nibil.
1425 2194 1513 2268 Milo,
1536 2192 1591 2276 qui
1602 2205 1630 2250 44

260 2302 448 2367 numquam,
471 2292 536 2347 turn
560 2303 635 2347 casu
657 2304 775 2365 pueros
798 2282 1042 2365 symphoniacos
1065 2284 1175 2346 uxoris
1198 2284 1332 2347 ducebat
1353 2292 1385 2347 et
1405 2287 1591 2350 ancillarum

260 2394 383 2459 greges.
417 2378 489 2451 llle,
517 2379 573 2459 qui
595 2396 720 2459 semper
739 2395 846 2439 secum
868 2384 988 2449 scorta,
1016 2395 1144 2457 semper
1164 2375 1325 2451 exoletos,
1353 2397 1480 2460 semper
1500 2377 1592 2460 lupas

260 2467 405 2543 duceret,
435 2477 500 2534 tum
523 2471 698 2543 neminem,
727 2469 789 2532 nisi
810 2476 845 2530 ut
867 2468 968 2531 virum
991 2487 1010 2530 a
1032 2468 1099 2531 viro
1123 2468 1239 2531 lectum
1261 2489 1331 2533 esse
1353 2472 1486 2535 diceres.
1531 2471 1595 2534 Cur

261 2560 358 2643 igitur
378 2562 480 2626 victus
503 2567 575 2626 est?
599 2563 681 2639 Quia
702 2582 765 2625 non
782 2580 908 2643 semper
921 2562 1026 2624 viator
1039 2580 1058 2622 a
1073 2561 1206 2635 latrone,
1228 2580 1293 2624 non
1309 2582 1482 2647 numquam
1498 2565 1592 2627 etiam

260 2653 340 2717 latro
361 2674 380 2718 a
400 2658 521 2720 viatore
543 2654 714 2730 occiditur;
738 2656 827 2739 quia,
851 2673 1045 2736 quamquam
1067 2662 1196 2736 paratus
1216 2654 1249 2717 in
1264 2656 1437 2737 imparatos
1453 2656 1594 2733 Clodius,
1603 2669 1631 2716 ts

261 2754 367 2809 tamen
395 2749 509 2811 mulier
535 2748 688 2812 inciderat
715 2749 749 2809 in
776 2748 871 2810 viros.
915 2745 966 2808 56.
995 2748 1059 2809 Nec
1086 2767 1161 2811 vero
1190 2748 1236 2810 sic
1262 2757 1329 2812 erat
1356 2769 1506 2834 umquam
1528 2769 1594 2813 non

260 2847 391 2922 paratus
412 2843 488 2906 Milo
511 2850 621 2905 contra
642 2842 748 2914 illum,
771 2849 806 2903 ut
828 2859 892 2902 non
915 2840 993 2902 satis
1014 2838 1080 2902 fere
1095 2848 1178 2903 esset
1195 2849 1340 2923 paratus3
1363 2863 1488 2926 semper
1503 2836 1594 2927 [ille]‚

262 2940 294 2995 et
316 2941 468 3017 quantum
495 2936 663 2998 interesset
689 2935 722 2996 P.
747 2931 847 2996 Clodii
869 2951 903 2995 se
925 2932 1043 3015 perire,
1071 2940 1103 2994 et
1125 2940 1243 3015 quanto
1273 2933 1320 2997 illi
1342 2935 1417 2998 odio
1440 2944 1540 3010 esset,
1562 2943 1594 2997 et

264 3032 416 3108 qnantum
438 3028 492 3093 ille
514 3029 661 3102 auderet,
685 3025 849 3109 cogitabat.
888 3024 991 3100 04444444
1013 3026 1054 3087 ob
1076 3044 1142 3087 rem
1165 3025 1262 3089 vitam
1283 3047 1387 3103 suam,
1411 3049 1507 3112 quarn
1528 3049 1594 3092 ma·

264 3117 358 3180 nimis
381 3121 531 3202 praemiis
553 3122 748 3205 propositam
770 3126 802 3181 et
823 3137 925 3201 paene
947 3117 1105 3181 addictam
1128 3118 1262 3193 sciebat,
1290 3139 1461 3204 numquam
1483 3124 1517 3186 in
1538 3135 1631 3205 pe-to

261 3210 398 3275 riculum
425 3214 495 3276 sine
522 3214 682 3297 praesidio
708 3221 740 3275 et
767 3213 837 3274 sine
866 3212 1008 3274 custodia
1035 3211 1231 3293 proiiciebat.
1269 3211 1359 3277 Adde
1381 3234 1490 3289 casus,
1512 3214 1594 3276 adde

261 3301 397 3368 incertos
421 3308 526 3370 exitus
548 3327 724 3390 pugnarum
747 3308 946 3386 Martemque
969 3322 1186 3378 communem,
1213 3306 1266 3388 qui
1290 3325 1383 3389 saepe
1405 3308 1594 3390 spoliantem

262 3395 325 3458 iam
348 3405 380 3460 et
401 3399 613 3462 exsultantem
635 3399 748 3462 evertit
770 3405 801 3459 et
821 3396 959 3478 perculit
973 3394 1012 3458 ab
1027 3395 1168 3470 abiect03
1191 3395 1274 3460 adde
1296 3399 1453 3463 inscitiam
1475 3399 1594 3483 pransi,

262 3488 348 3571 poti,
379 3492 543 3555 oscitantis
566 3492 671 3565 ducis,
702 3492 757 3573 qui
779 3510 850 3552 cnm
872 3508 891 3552 a
913 3497 1002 3571 tergo
1024 3487 1148 3551 hostem
1171 3489 1378 3554 interclusum
1400 3491 1594 3575 reliquisset,

264 3580 344 3645 nibil
365 3583 405 3645 de
427 3584 495 3647 eius
517 3584 666 3647 extremis
693 3582 861 3646 comitibus
883 3580 1051 3664 cogitavit,
1083 3581 1118 3643 in
1141 3600 1223 3665 quos
1245 3582 1393 3646 incensos
1414 3584 1461 3647 ira
1482 3586 1632 3647 vitam-rs

263 3695 326 3759 que
354 3674 475 3740 domini
503 3679 710 3760 desperantes
739 3695 810 3738 eum
837 3675 1018 3748 incidisset,
1051 3673 1154 3738 haesit
1175 3675 1208 3737 in
1233 3677 1274 3739 iis
1294 3677 1422 3760 poenis,
1451 3699 1532 3760 quas
1553 3680 1593 3742 ab

264 3788 304 3831 eo
326 3769 407 3832 servi
429 3769 542 3833 fideles
562 3790 622 3852 pro
644 3768 763 3831 domini
786 3769 850 3831 vita
866 3768 1099 3850 expetiverunt.
1143 3765 1195 3830 57.
1219 3768 1282 3831 Cur
1303 3770 1399 3851 igitur
1420 3791 1475 3835 eos
1497 3792 1594 3835 manu

264 3861 372 3925 misiti
400 3862 560 3925 bletuebat
582 3861 718 3935 seilicet,
748 3880 788 3924 ne
809 3861 1020 3934 indicaretur,
1043 3879 1084 3923 ne
1105 3859 1251 3923 dolorem
1272 3861 1412 3944 perferre
1434 3883 1499 3925 non
1520 3883 1594 3947 pos·

264 3962 351 4030 sent,
379 3974 421 4017 ne
450 3955 616 4018 tormentis
642 3961 831 4036 cogerentur
858 3953 1000 4016 occisum
1029 3973 1100 4016 esse
1123 3973 1143 4015 a
1164 3954 1264 4017 servis
1286 3955 1414 4016 blilonis
1436 3955 1468 4017 in
1489 3955 1594 4036 Appia

263 4049 316 4111 via
336 4049 370 4110 Ρ.
393 4046 539 4110 Clodium
561 4045 714 4110 confiteri.
749 4046 833 4122 Quid
857 4066 937 4130 opus
960 4054 1009 4109 est
1029 4049 1172 4109 tortore?
1195 4045 1273 4130 quid
1288 4047 1437 4130 quaeris?
1460 4045 1631 4109 Occide-so

263 4141 367 4203 ritnet
390 4139 515 4202 occidit.
549 4141 621 4202 lure
642 4158 683 4201 an
704 4139 842 4202 iniuriat
870 4139 950 4201 nibil
972 4138 1012 4200 ad
1035 4144 1202 4213 tortorem
1223 4137 1298 4202 lacti
1320 4141 1403 4202 enim
1426 4137 1460 4199 in
1481 4137 1593 4199 eculeo

265 4232 412 4316 quaestio
433 4239 497 4307 est,
520 4233 599 4295 iuris
620 4233 653 4294 in
676 4231 806 4294 iudicio.
850 4231 952 4293 xxti.
975 4229 1070 4305 Quod
1092 4231 1190 4313 igitur
1211 4230 1244 4292 in
1264 4250 1360 4293 causa
1374 4230 1593 4314 quaerendum

265 4332 329 4401 est,
350 4325 384 4390 id
405 4343 537 4409 agamus
557 4324 626 4388 bic:
649 4324 733 4407 quod
757 4324 920 4387 tormentis
938 4323 1159 4397 invenireris,
1182 4322 1215 4385 id
1229 4321 1374 4386 latemur.
1407 4325 1503 4387 Manu
1517 4341 1594 4386 vero

332 4730 357 4779 4.
371 4727 466 4790 pertula
483 4727 524 4777 TS
540 4752 568 4764 -
586 4726 701 4776 inretitus
717 4726 777 4777 T-
795 4725 912 4787 rbedoT,
930 4725 1027 4775 rboedc
1043 4722 1079 4781 E;
1098 4725 1163 4774 item
1179 4736 1205 4773 44.
1218 4723 1242 4773 9.
1259 4750 1285 4760 ··
1304 4723 1501 4785 0444044441·-
1518 4735 1597 4786 poene

267 4803 287 4853 T
300 4824 328 4840 ·-
346 4802 371 4853 3.
386 4800 537 4864 metm
552 4801 579 4849 u
595 4800 686 4850 TES:
703 4801 731 4850 ta
744 4801 892 4864 4444444044
904 4801 924 4851 0
935 4826 963 4837 -
982 4798 1006 4849 l.
1021 4800 1131 4849 04444444
1146 4800 1173 4848 ts
1188 4798 1275 4848 vittam
1290 4799 1389 4860 Posset
1406 4796 1482 4846 etlert
1492 4799 1598 4848 Arusia-

266 4890 318 4928 nns
333 4877 446 4927 Messius
463 4875 489 4926 iu
506 4887 532 4925 44.
549 4876 661 4925 04444444
677 4875 703 4924 to
720 4876 820 4925 domum
839 4888 865 4938 p.
883 4875 932 4924 ast
949 4873 993 4923 ed.
1012 4872 1133 4923 Lindem.
1154 4898 1182 4909 -
1205 4874 1307 4922 4444444444
1322 4873 1342 4922 Τ
1361 4899 1388 4910 -
1415 4873 1441 4922 t.
1459 4885 1510 4922 4444
1524 4872 1597 4926 uilla.

265 4951 640 5008 444Τ-44444444444444444Τς
659 4949 889 5006 Militantium&
914 4946 1409 5003 miliesioeo831t'lliesisso0—
1429 4947 1453 4998 6.
1472 4953 1598 4999 4444444444.

267 5026 288 5078 Ε
307 5053 335 5066 -
352 5039 427 5077 mora
448 5029 472 5076 et
493 5025 667 5088 tergiversatio
684 5023 721 5074 c:
744 5034 832 5072 moros
848 5027 871 5072 et
892 5021 1105 5084 tergiumattonis
1121 5021 1209 5080 TES;
1228 5020 1287 5070 tort.
1305 5033 1393 5070 morae
1408 5026 1432 5071 et
1446 5023 1600 5085 tergiverso-

267 5101 381 5152 44444444-
400 5101 425 5151 t.
443 5099 615 5161 ammento
631 5099 651 5147 T
669 5122 696 5132 -
721 5097 745 5147 a.
763 5099 812 5147 44444·
831 5096 897 5146 TE:
921 5108 972 5145 nos
989 5096 1036 5146 So
1055 5122 1082 5133 -
1107 5095 1132 5146 9.
1151 5095 1600 5157 04444444--444444444404441444444444

271 5202 298 5212 -
326 5173 392 5239 erm]
409 5167 438 5223 tri
454 5173 474 5222 T
493 5199 521 5211 -
544 5173 584 5222 40.
603 5172 665 5234 tum]
682 5177 709 5220 444
726 5173 746 5222 Τ
763 5197 790 5207 -
816 5171 844 5219 to
859 5170 981 5218 coecitate
996 5181 1125 5233 angorem
1142 5167 1263 5232 Electus)
1276 5194 1303 5203 —
1323 5170 1364 5219 to.
1381 5170 1409 5218 444
1425 5171 1452 5220 in
1469 5170 1489 5220 Ε
1505 5182 1601 5233 super-

268 5261 322 5300 scr.
340 5249 391 5301 cst.
407 5274 441 5285 -
458 5246 566 5307 04004444,
588 5247 640 5309 ipse
661 5246 760 5296 Clodiae
780 5251 863 5295 temes
881 5245 900 5293 C
919 5269 947 5281 -
976 5243 1017 5294 te.
1035 5255 1148 5304 4444444444
1167 5242 1194 5292 b.
1212 5240 1230 5292 l.
1249 5243 1269 5292 T
1286 5268 1314 5278 -
1342 5243 1382 5293 tt.
1400 5243 1442 5292 4444
1457 5239 1602 5292 delendum

270 5334 331 5374 esse
347 5321 413 5372 vidit
424 5321 593 5380 Garatonius;
614 5318 674 5368 vide
692 5331 726 5368 ne
743 5319 831 5368 ortum
849 5320 883 5369 sit
900 5333 932 5370 ex
949 5333 975 5370 v.
994 5319 1020 5371 8.
1032 5345 1060 5356 -
1078 5319 1119 5369 20.
1135 5331 1214 5381 poene
1229 5317 1249 5367 T
1267 5343 1294 5353 -
1317 5318 1359 5368 2⁴.
1375 5315 1511 5380 prvidebot
1527 5314 1602 5364 TES
1724 5313 1731 5330 ’

271 5421 301 5434 -
319 5395 387 5447 sade
401 5409 521 5447 carun
531 5406 685 5444 communen
701 5391 779 5442 affert
795 5393 902 5443 servius
919 5391 954 5442 ad
965 5394 1044 5456 Verg.
1057 5394 1123 5442 Aen.
1135 5392 1194 5453 xli,
1209 5389 1267 5441 744.
1281 5416 1309 5427 -
1327 5392 1369 5442 22.
1383 5402 1531 5454 pugnamus
1546 5400 1601 5438 orn.

270 5470 387 5521 servius.
402 5495 430 5505 -
448 5468 489 5520 23.
504 5467 621 5533 percutit]
645 5466 729 5517 «iecit
746 5467 775 5516 ut
792 5466 1000 5530 percelleretur·
1018 5468 1086 5517 Wex
1103 5465 1137 5517 ad
1154 5467 1236 5517 Taciti
1250 5467 1337 5530 Agric.
1349 5480 1376 5532 p.
1390 5465 1447 5516 408.
1460 5490 1488 5500 ··
1504 5464 1603 5527 44444444,

268 5544 337 5608 poti,
362 5545 493 5596 (4444444444
516 5541 659 5594 Diomedes
676 5542 702 5603 Ι,
724 5554 752 5606 p.
770 5540 828 5602 340,
846 5541 871 5589 t.
892 5566 919 5575 -
941 5541 983 5589 26.
1001 5539 1155 5602 0444444440
1177 5539 1272 5589 TE·
1295 5539 1374 5588 assat
1389 5539 1417 5588 444
1432 5539 1519 5600 possis
1535 5539 1604 5587 Aru·

272 5619 363 5670 sinum
388 5616 728 5684 prosecutorem·
754 5616 783 5664 444
802 5613 840 5663 bis
862 5613 936 5663 TES
956 5638 984 5648 -
1009 5613 1051 5663 28.
1073 5612 1229 5661 4400444444
1248 5613 1350 5663 TES¹z
1375 5613 1516 5664 tndtem
1537 5610 1602 5660 s²0.

273 5690 349 5742 Falso
361 5693 488 5744 Gruterus
500 5693 648 5756 Turingico,
666 5691 823 5741 Garatonius
835 5688 961 5739 Bavarlco
973 5686 1123 5737 tribuerunt
1133 5685 1275 5738 lectionem
1286 5687 1434 5737 4404444444.
1448 5712 1476 5722 -
1488 5686 1530 5735 29.
1542 5686 1606 5746 4444444

273 5769 335 5818 T-
354 5766 395 5816 34.
413 5766 645 5818 4444000040-
664 5766 706 5818 32.
724 5763 1008 5828 embertus-
1027 5760 1069 5814 33.
1087 5760 1245 5824 usum.
1262 5760 1437 5824 Ηᾶσᾳιιοάτς
1455 5761 1606 5824 tsdoqm

273 5840 329 5891 etc:
346 5839 413 5903 quod
427 5840 628 5894 Mommsenius.

317 5928 486 5981 emona
1342 5926 1385 5995 ῃ
