3800 7350
301 1171 384 1239 titii
646 1175 799 1239 orario
821 1173 900 1238 PRO
922 1176 959 1235 T.
980 1171 1106 1236 inuio
1128 1170 1285 1235 liumus

302 1344 543 1417 existimabitis,
573 1344 642 1405 vivo
671 1344 705 1404 P.
729 1341 842 1405 Clodio
873 1340 954 1403 nibil
978 1360 1087 1403 eornm
1110 1359 1167 1402 vos
1189 1339 1313 1401 visuros
1333 1337 1443 1401 luisse.
1479 1339 1517 1400 ln
1539 1354 1635 1419 spem

303 1438 471 1500 maximam
494 1442 541 1507 et,
563 1454 657 1516 quem
680 1433 865 1497 admodum
880 1430 1024 1505 conlido,
1047 1433 1242 1495 verissimam
1257 1451 1366 1494 sumus
1380 1430 1525 1505 adducti,
1545 1431 1638 1493 buno

302 1532 406 1613 ipsum
428 1548 564 1600 aunum,
585 1528 647 1590 boc
671 1529 741 1610 ipso
762 1547 888 1590 summo
911 1527 979 1587 viro
994 1524 1137 1596 consule,
1161 1544 1341 1607 compressa
1354 1522 1518 1587 bominum
1532 1524 1640 1586 lieen-

303 1625 364 1695 tia‚
387 1620 614 1704 cupiditatibus
635 1620 752 1694 fractis,
774 1619 897 1701 legibus
919 1625 952 1680 et
966 1615 1096 1680 iudiciis
1110 1617 1306 1690 constitutis,
1328 1615 1498 1679 salutarem
1512 1613 1637 1679 civitati

279 1715 380 1777 olore.
416 1716 496 1776 Num
520 1714 593 1795 quis
615 1720 665 1775 est
685 1714 781 1794 igitur
802 1722 865 1774 tam
889 1711 1038 1783 demens,
1061 1710 1116 1793 qui
1138 1710 1200 1772 boc
1222 1711 1256 1771 P.
1279 1709 1394 1772 Clodio
1415 1710 1487 1771 vivo
1508 1707 1639 1771 eontin-

301 1827 376 1888 gere
405 1806 549 1888 potuisse
577 1806 771 1869 arbitretur?
804 1805 912 1879 Quid?
935 1824 991 1877 ea,
1014 1821 1096 1886 quae
1118 1804 1233 1865 tenetis
1256 1803 1377 1885 privata
1398 1809 1496 1885 atque
1517 1807 1640 1872 vestra,

303 1899 486 1961 dominante
514 1898 643 1961 bomine
670 1897 794 1960 furioso
824 1898 911 1979 quod
938 1898 989 1959 ius
1010 1904 1182 1980 perpetuae
1203 1895 1415 1977 possessionis
1436 1894 1555 1957 babere
1577 1912 1640 1975 po-

303 1993 463 2055 tuissent?

387 2085 506 2147 XXIX.
527 2086 598 2147 Non
621 2085 734 2157 timeo,
766 2083 905 2158 iudices,
928 2102 969 2145 ne
992 2082 1067 2145 odio
1090 2082 1327 2146 inimicitiarum
1348 2100 1488 2143 mearum
1510 2082 1641 2145 indam-

266 2191 294 2235 m
303 2184 408 2240 matus
436 2177 597 2240 lubentius
619 2177 698 2239 baec
720 2176 753 2239 in
775 2177 865 2240 illum
888 2196 1035 2240 evomere
1057 2174 1167 2237 videar
1189 2194 1285 2258 quam
1307 2173 1423 2236 verius.
1458 2176 1585 2238 Etenim
1608 2174 1638 2237 si

303 2272 506 2352 praecipuum
529 2291 601 2333 esse
622 2269 770 2341 debebat,
799 2278 905 2332 tamen
931 2271 975 2331 ita
996 2267 1170 2331 communis
1192 2275 1260 2330 erat
1281 2266 1422 2329 omnium
1446 2266 1501 2329 ille
1522 2268 1639 2339 bostis,

302 2370 337 2425 ut
359 2363 393 2425 in
414 2365 572 2426 mmmuni
595 2364 669 2426 odio
690 2383 792 2447 paene
814 2363 991 2445 aequaliter
1006 2370 1185 2424 versaretur
1205 2361 1314 2424 odium
1338 2379 1454 2421 meum.
1483 2362 1556 2422 Non
1576 2379 1639 2443 po·

303 2461 364 2517 test
385 2455 447 2517 dici
470 2455 564 2529 satis,
591 2476 632 2518 ne
662 2457 791 2538 cogitari
816 2456 966 2540 quidem,
996 2464 1149 2538 quantum
1172 2454 1206 2515 in
1228 2453 1284 2516 illo
1306 2452 1450 2526 sceleris,
1480 2460 1637 2536 quantum

303 2547 394 2609 esitii
416 2546 520 2610 luerit.
563 2546 615 2610 79.
638 2549 724 2625 Quin
746 2550 792 2613 sic
814 2549 988 2620 attendite,
1009 2547 1152 2610 iudices:
1180 2567 1294 2629 nempe
1318 2546 1398 2608 baec
1420 2554 1468 2608 est
1489 2546 1638 2628 quaestio

265 2640 344 2702 sade
366 2641 495 2703 interitu
517 2643 551 2702 P.
574 2640 686 2705 Clodii.
721 2643 844 2724 Fingite
865 2642 1044 2703 animis-
1065 2641 1185 2702 liberae
1206 2647 1281 2702 sunt
1302 2638 1387 2701 enim
1409 2646 1535 2702 nostrae
1550 2640 1640 2721 cogi·

304 2732 439 2795 tationes
461 2740 494 2795 et
515 2754 598 2817 quae
620 2734 733 2797 volunt
754 2734 800 2797 sic
820 2735 1002 2809 intuentur,
1024 2742 1059 2795 ut
1080 2754 1118 2795 ea
1136 2734 1305 2806 cernimus,
1328 2751 1411 2814 quae
1425 2731 1569 2794 videmus
1583 2765 1639 2807 -,

303 2822 411 2906 fingite
439 2826 536 2908 igitur
564 2827 756 2909 cogitatione
786 2827 954 2909 imaginem
984 2826 1080 2889 buius
1110 2825 1299 2888 conditionis
1321 2843 1426 2887 meae:
1460 2824 1486 2887 si
1515 2827 1638 2907 possim

303 2914 429 2980 efficere
451 2925 486 2980 ut
508 2919 658 2982 Milonem
681 2919 868 2994 absolvatis,
901 2920 959 2982 sed
980 2920 1040 2994 ita,
1063 2919 1090 2981 si
1113 2920 1146 2980 P.
1170 2917 1300 2981 Clodius
1321 2918 1535 2981 revixerit-
1556 2917 1639 3002 quid

302 3008 391 3072 vultu
413 3011 628 3073 extimuistis?
652 3031 792 3093 quonam
815 3011 909 3075 modo
931 3012 985 3074 ille
1009 3033 1064 3075 vos
1088 3013 1177 3075 vivus
1199 3012 1360 3085 alliceret,
1389 3031 1471 3093 quos
1493 3021 1638 3075 mortuus

265 3102 390 3164 ruinani
411 3102 603 3184 cogitatione
626 3104 807 3185 percussit?
840 3104 948 3178 Quldt
971 3106 998 3167 si
1020 3106 1089 3188 ipse
1112 3105 1168 3167 Cn.
1183 3104 1368 3187 Pompeius,
1393 3106 1449 3185 qui
1468 3106 1637 3169 eavirtnte

303 3214 341 3257 ac
361 3194 486 3258 fortuna
510 3204 572 3270 est,
600 3204 695 3259 ntea
717 3198 855 3278 potuerit
877 3217 1020 3279 semper,
1051 3218 1133 3281 quae
1156 3218 1250 3261 nemo
1272 3204 1397 3279 praeter
1417 3198 1525 3273 illum,
1547 3200 1575 3261 si
1597 3197 1636 3273 is,

304 3287 449 3370 inquam,
478 3289 635 3371 potuisset
663 3297 718 3352 aut
740 3290 958 3372 quaestionem
981 3291 1021 3353 de
1045 3299 1145 3352 morte
1167 3293 1200 3353 P.
1225 3291 1326 3353 Clodii
1350 3290 1432 3352 lerre
1453 3298 1509 3353 aut
1529 3291 1636 3373 ipsum

303 3379 343 3443 ab
366 3379 476 3443 inieris
498 3383 649 3456 excitare,
671 3391 777 3446 utrum
797 3383 918 3465 putatis
939 3386 1045 3466 potius
1068 3385 1224 3448 facturum
1246 3384 1368 3447 luisset
1388 3384 1491 3446 Etiam
1515 3385 1542 3446 si
1561 3403 1637 3465 pro·

304 3478 376 3555 pter
397 3474 567 3539 amicitiam
588 3476 684 3540 vellet
706 3476 794 3538 illum
818 3476 857 3539 ab
880 3476 988 3539 inferis
1003 3497 1146 3551 evocare,
1168 3487 1298 3560 propter
1314 3476 1556 3559 rempublicam
1570 3497 1635 3540 nou

265 3564 439 3628 „lecisset
483 3568 561 3631 Eius
590 3568 686 3651 igitur
714 3570 821 3632 mortis
851 3569 968 3632 sedetis
990 3569 1126 3642 ultores,
1159 3572 1252 3633 cuius
1273 3570 1369 3632 vitam
1391 3570 1418 3631 si
1439 3570 1558 3654 putetis
1578 3590 1637 3653 per

303 3679 360 3722 vos
381 3660 506 3723 restitui
529 3682 642 3744 posse,
664 3662 791 3736 nolitis,
813 3661 904 3726 etde
927 3663 997 3726 eius
1019 3685 1097 3727 nece
1120 3664 1181 3727 lata
1197 3663 1343 3746 quaestio
1358 3667 1425 3737 est,
1447 3662 1544 3746 quisi
1564 3663 1636 3746 lege

304 3750 416 3815 eadem
443 3754 632 3818 reviviscere
660 3764 785 3839 posset,
814 3757 877 3818 lata
909 3757 961 3819 lex
991 3778 1163 3841 numquam
1186 3767 1279 3820 esset.
1315 3757 1419 3820 Huius
1441 3776 1516 3837 ergo
1538 3755 1636 3818 inter·

302 3844 404 3907 lector
425 3847 452 3908 si
476 3855 575 3922 esset,
598 3849 631 3910 iu
654 3849 836 3912 confitendo
858 3849 898 3911 ab
915 3849 997 3912 iisne
1012 3870 1147 3934 poenam
1163 3852 1297 3925 timeret,
1320 3871 1402 3933 quos
1417 3850 1636 3913 liberavisset?

303 3935 354 3997 80.
378 3939 489 4002 Graeci
512 3941 656 4004 bomines
678 3942 810 4004 deorum
832 3941 970 4004 bonores
994 3943 1133 4007 tribuunt
1154 3946 1194 4008 iis
1216 3946 1310 4017 viris,
1333 3944 1389 4026 qui
1409 3951 1561 4026 tyrannos
1580 3963 1637 4005 ne·

265 4041 521 4094 secaveruut2-
537 4053 619 4116 quae
642 4054 700 4116 ego
714 4035 778 4097 vidi
794 4033 941 4096 adonici
965 4055 1047 4116 quae
1070 4037 1141 4100 aliis
1162 4039 1195 4100 in
1219 4037 1349 4099 urbibus
1365 4036 1532 4099 Graeciae!
1555 4056 1636 4120 quas

303 4145 353 4188 res
383 4127 507 4188 divinas
536 4127 650 4189 talibus
678 4129 835 4191 institutas
857 4126 950 4200 viris,
974 4147 1056 4209 quos
1080 4137 1209 4203 cantus,
1242 4150 1325 4212 quae
1348 4130 1503 4192 carminal
1533 4150 1635 4212 prope

303 4218 342 4279 ad
367 4218 610 4282 immortalitatis
632 4227 664 4282 et
685 4221 870 4303 religionem
893 4227 926 4282 et
948 4221 1131 4284 memoriam
1153 4233 1392 4286 consecrantur:
1413 4256 1455 4269 -
1477 4243 1533 4286 vos
1556 4225 1635 4286 tanti

304 4320 556 4375 conservatorem
578 4313 706 4396 populi,
730 4313 808 4375 tanti
831 4312 962 4376 sceleris
984 4314 1119 4375 ultorem
1141 4334 1206 4377 non
1225 4316 1319 4378 modo
1341 4315 1516 4378 bonoribus
1538 4314 1635 4378 nullis

368 4619 393 4669 2.
412 4631 497 4667 sumus
511 4618 613 4668 adducti
624 4619 707 4669 TES:
726 4619 827 4668 adducti
842 4622 999 4671 mnino-
1018 4622 1043 4670 5.
1061 4627 1097 4670 ssi
1112 4622 1191 4684 ipisus
1205 4622 1266 4671 TE:
1284 4622 1364 4685 ipitius·
1379 4623 1507 4673 cstSO-
1526 4624 1551 4672 o.
1564 4623 1636 4673 orbi-

303 4697 416 4741 trarciur
426 4693 493 4742 TES
507 4720 535 4730 -
554 4695 578 4743 7.
595 4695 753 4755 possessionis
768 4695 802 4743 S:
819 4697 981 4757 possessiones
996 4697 1041 4745 TE
1056 4722 1081 4730 -
1097 4697 1329 4745 uuintoniensis
1344 4710 1459 4745 mennon
1469 4698 1502 4755 T;
1521 4711 1637 4746 meorum

303 4766 496 4816 inimiciciarum
513 4767 533 4816 Ε
550 4766 632 4829 (solus
649 4768 700 4817 boc
717 4767 818 4830 ordine)
838 4793 864 4804 -
885 4770 926 4819 40.
945 4769 1067 4818 intentius
1082 4770 1115 4818 T:
1134 4769 1247 4819 libentius
1263 4771 1339 4819 ESO
1352 4795 1379 4804 -
1398 4771 1419 4818 si
1436 4770 1498 4820 TE:
1517 4773 1561 4821 etsi
1578 4773 1635 4831 SO.

305 4839 391 4902 -quod
409 4840 501 4890 dubito
518 4854 551 4890 an
569 4842 747 4892 coniunctioni
768 4844 857 4893 etenim
873 4842 967 4893 subiici
986 4843 1094 4906 possit.»
1111 4844 1189 4892 Burs.
1211 4870 1238 4879 -
1263 4843 1303 4892 ⁴3.
1321 4842 1361 4906 ns]
1378 4844 1458 4892 necli
1479 4869 1505 4878 -
1529 4843 1568 4894 ii.
1588 4846 1637 4894 od·

303 4915 392 4963 tendito
408 4915 428 4964 T
447 4941 473 4950 —
494 4917 533 4966 til.
551 4923 609 4966 sunt
624 4918 690 4966 enim
706 4917 770 4967 ES:
793 4919 858 4968 enim
874 4923 931 4967 nint
948 4919 995 4969 TO
1007 4944 1035 4953 -
1055 4925 1155 4968 nostros
1169 4919 1331 4981 cogitationes
1346 4919 1409 4967 TE:
1427 4931 1481 4981 cog.
1495 4924 1594 4969 uestros
1604 4921 1635 4977 S;

225 4994 237 5019 ·
303 5002 357 5052 cop.
374 4990 511 5039 nostreso
530 5017 557 5027 -
585 4992 626 5041 iti.
644 5004 776 5041 cernamus
792 5005 857 5054 quos
876 5005 927 5041 non
942 4993 1054 5041 sistemus
1070 4994 1104 5053 C,
1128 4995 1181 5042 tam
1205 4991 1343 5041 manifesta
1367 4989 1583 5055 interpolatione,
1607 4995 1638 5043 ut

304 5064 383 5113 etiam
405 5062 550 5126 Madvigius
571 5064 640 5114 banc
663 5063 804 5114 lectionem
827 5067 895 5116 inter
914 5067 1020 5130 propria
1040 5067 1118 5116 huius
1135 5065 1234 5115 codicis
1252 5065 1348 5116 menda
1365 5065 1463 5115 relerat
1480 5067 1513 5125 ΙΙ,
1532 5079 1558 5129 ρ.
1576 5066 1635 5116 302.

305 5163 332 5172 -
353 5137 392 5187 ti.
410 5138 489 5200 ipitur
511 5139 603 5188 omli
626 5165 653 5175 -
677 5139 828 5189 condicionis
843 5141 863 5189 T
881 5165 907 5174 -
924 5153 1026 5201 possum
1043 5141 1063 5190 E
1082 5167 1108 5175 -
1129 5141 1168 5190 ts.
1186 5143 1258 5190 vuuu
1274 5142 1308 5189 S:
1331 5137 1404 5190 nuttsi
1420 5141 1453 5199 T;
1471 5141 1556 5189 nulius
1572 5142 1592 5191 E
1606 5167 1635 5177 -·

302 5213 375 5260 uiuos
391 5213 439 5263 TE
453 5240 480 5249 -
499 5214 610 5276 aspiceret
626 5215 658 5263 S:
679 5216 797 5276 offecerat
808 5215 842 5272 T,
861 5215 967 5278 efficeret
983 5215 1003 5264 E
1017 5240 1044 5249 -
1064 5215 1132 5278 qnos]
1145 5217 1188 5277 qni
1199 5218 1217 5265 S
1230 5242 1257 5252 -
1271 5216 1312 5266 2⁰.
1329 5216 1447 5277 peccabit
1462 5216 1482 5266 E
1495 5242 1523 5251 -
1537 5217 1578 5266 bi.
1591 5221 1637 5267 ons

303 5292 398 5335 --ont
414 5288 505 5337 Tus:
532 5293 642 5337 sinet
657 5289 767 5348 Bakius3
794 5289 916 5337 m--sic
933 5289 962 5338 0.
991 5287 1029 5337 Cl.
1049 5289 1208 5351 Madvigium
1223 5289 1249 5349 1,
1273 5302 1299 5353 p.
1319 5289 1367 5338 496
1384 5303 1425 5352 sq.
1446 5316 1472 5325 -
1496 5289 1638 5352 tapnim

304 5358 402 5409 delevit
418 5360 570 5411 Lambinus.
587 5388 614 5397 —
633 5361 674 5412 ai.
688 5362 758 5411 ilium
775 5362 808 5411 ob
824 5362 911 5424 inseris
926 5376 1037 5412 ooocors
1050 5361 1207 5425 interpolata
1220 5364 1313 5413 censet
1324 5364 1427 5414 belrius.
1442 5389 1469 5399 -
1488 5377 1594 5414 concors
1604 5366 1634 5415 S:

302 5449 413 5485 nucem
428 5436 490 5494 TE;
509 5435 551 5486 alii
567 5450 686 5487 revocure
705 5461 731 5473 -
751 5439 792 5487 iii.
812 5438 872 5486 liius
887 5437 967 5500 igitur
978 5463 1014 5474 --
1026 5438 1109 5486 nolitis
1126 5435 1225 5486 babent
1241 5436 1414 5496 Quintilianus
1431 5438 1462 5498 V,
1478 5436 1518 5497 tl,
1536 5439 1567 5498 2;
1587 5440 1636 5490 lsi-

303 5510 384 5560 dorus
402 5510 488 5574 Θήρῃ.
507 5513 543 5570 ΙΙ,
561 5510 586 5571 9,
605 5512 651 5571 4ος
671 5511 845 5561 Cassiodorus
862 5524 888 5574 p.
908 5509 956 5559 ³73
973 5510 1017 5560 ed.
1032 5512 1131 5574 Capp.;
1150 5509 1228 5560 lulius
1245 5512 1336 5560 Victor
1352 5524 1378 5574 p.
1396 5509 1445 5561 aei
1462 5514 1488 5560 in
1505 5513 1634 5574 margine.

305 5612 330 5620 -
351 5590 443 5634 tutores
458 5585 556 5635 Victor.
574 5611 600 5621 -
615 5587 716 5647 pauiu]
731 5586 835 5647 possetis
850 5584 1034 5635 Cassiodorus.
1049 5609 1077 5621 —
1096 5585 1137 5633 aa.
1149 5585 1246 5633 nodatis
1261 5585 1281 5634 T
1299 5588 1327 5634 et
1337 5584 1520 5635 Cassiodorus.
1536 5612 1563 5620 -
1583 5585 1637 5650 lege

303 5660 389 5708 cadom
400 5660 434 5709 E:
453 5655 506 5722 lapi
523 5654 583 5708 endi
601 5659 634 5716 T;
653 5661 739 5709 cedem
755 5659 807 5723 legs
823 5659 866 5709 SO
880 5684 906 5694 -
926 5659 968 5708 27.
981 5659 1060 5708 Huius
1071 5684 1107 5696 --
1118 5660 1254 5722 confitendo
1266 5658 1348 5709 babet
1360 5659 1508 5711 Priscianus
1519 5662 1590 5721 Vlll,
1608 5662 1634 5722 9,

303 5732 344 5783 is.
363 5731 403 5791 ti,
422 5733 462 5781 u.
483 5758 507 5767 -
529 5733 570 5782 28.
589 5731 621 5780 ob
637 5732 705 5782 bisne
719 5734 782 5791 TE3
810 5733 841 5783 cb
858 5733 928 5783 tiss
949 5760 975 5769 -
999 5734 1040 5783 29.
1058 5732 1175 5796 nominas]
1192 5733 1298 5784 bonores
1313 5734 1333 5782 T
1351 5760 1378 5770 -
1400 5734 1439 5797 iis]
1455 5736 1494 5785 tis
1509 5735 1587 5785 TES
1606 5761 1634 5771 —·

304 5823 345 5875 ao.
363 5823 464 5874 amno
479 5826 499 5874 r
517 5851 543 5861 -
561 5802 661 5889 ,usn
680 5852 707 5862 -
726 5825 767 5875 as.
784 5825 1059 5879 commmunione:
1082 5823 1271 5878 minine
1289 5827 1343 5876 rs,
