3800 7350
640 1219 714 1285 cn».
736 1220 1003 1286 xxv-xxva.
1029 1220 1075 1305 §t
1098 1219 1243 1288 cc-re.
1520 1220 1602 1288 ura

274 1408 369 1472 quam
390 1387 552 1451 hominem
574 1388 694 1451 homini
715 1389 868 1452 cariorem
889 1389 988 1453 fuisse
1008 1410 1103 1473 quam
1118 1399 1149 1453 te
1165 1392 1242 1465 sibi,
1265 1393 1387 1455 nullum
1403 1414 1437 1456 se
1452 1412 1602 1475 umquam

272 1481 449 1564 periculum
482 1501 539 1564 pro
570 1490 624 1544 tua
654 1482 807 1563 dignitate
829 1483 965 1564 fugisse,
992 1504 1063 1546 eum
1085 1485 1154 1565 ipsa
1176 1484 1231 1545 illa
1253 1485 1434 1547 taeterrima
1455 1493 1545 1568 peste
1567 1506 1603 1548 se

273 1573 459 1656 saepissime
479 1595 536 1659 pro
559 1584 613 1637 tua
627 1576 729 1656 gloria
744 1577 955 1650 contendisse,
973 1576 1163 1639 tribunatum
1179 1597 1271 1639 suum
1287 1578 1325 1639 ad
1341 1578 1474 1640 salutem
1489 1597 1602 1653 meam,

273 1686 355 1750 quae
383 1667 440 1729 tibi
469 1668 631 1731 carissima
656 1668 783 1741 luisset,
820 1668 961 1730 consiliis
991 1670 1054 1731 tuis
1084 1668 1308 1750 gubernatum,
1341 1689 1376 1732 se
1398 1688 1417 1729 a
1439 1676 1469 1732 te
1491 1678 1603 1751 postea

272 1757 438 1821 defensum
467 1761 500 1822 in
529 1761 670 1844 periculo
693 1761 825 1842 eapitis,
855 1761 996 1824 adiutum
1018 1763 1050 1822 in
1073 1763 1225 1843 petitione
1248 1770 1432 1844 praeturae,
1465 1763 1546 1825 duos
1568 1773 1627 1825 sat

271 1851 388 1914 babere
410 1871 537 1935 semper
558 1853 765 1916 amicissimos
786 1874 948 1935 sperasse,
979 1862 1010 1917 te
1039 1862 1095 1916 tuo
1122 1851 1293 1927 beneficio,
1326 1873 1376 1916 me
1398 1874 1468 1917 suo.
1513 1853 1603 1928 Quae

273 1945 300 2006 si
326 1964 392 2007 non
420 1945 583 2027 probaret,
617 1945 643 2007 si
674 1944 729 2007 tibi
759 1946 801 2008 ita
829 1947 956 2029 penitus
978 1948 1167 2010 inhaesisset
1189 1948 1250 2010 ista
1271 1948 1423 2029 suspicio,
1457 1947 1545 2009 nullo
1567 1953 1604 2008 ut

273 2036 366 2100 evelli
388 2038 483 2100 modo
506 2045 632 2120 posset,
655 2038 682 2099 si
705 2038 842 2121 denique
863 2038 953 2101 ltalia
976 2060 995 2102 a
1017 2040 1152 2114 dilectu,
1175 2039 1250 2102 urbs
1273 2040 1313 2102 ab
1335 2039 1431 2101 armis
1453 2039 1521 2101 sine
1544 2038 1603 2101 hli-

271 2129 356 2191 lonis
377 2129 467 2193 clade
489 2150 662 2213 numquam
684 2138 769 2193 esset
783 2132 1002 2214 conquietura,
1023 2152 1064 2194 ne
1080 2132 1102 2211 q
1118 2132 1177 2194 iste
1193 2132 1278 2194 baud
1293 2132 1441 2194 dubitans
1456 2132 1605 2194 cessisset

271 2223 389 2305 patria,
418 2223 462 2297 is,
485 2224 541 2306 qui
563 2224 606 2285 ita
629 2231 721 2286 natus
743 2231 792 2284 est
814 2232 846 2285 et
868 2224 912 2287 ita
934 2226 1118 2297 consuevit3
1147 2233 1193 2298 te,
1223 2226 1354 2306 Magne,
1382 2232 1488 2287 tamen
1515 2233 1641 2286 ante-to

273 2322 424 2390 staretur,
447 2317 533 2398 quod
555 2335 639 2378 nunc
663 2317 756 2378 etiam
778 2315 863 2378 lacit.
907 2317 1022 2379 XXVI.
1045 2315 1096 2378 69.
1120 2319 1215 2391 Vide,
1239 2338 1333 2400 quam
1356 2319 1397 2380 sit
1418 2320 1504 2381 varia
1517 2318 1603 2380 vitae

273 2409 569 2491 commutabilisque
591 2410 689 2483 ratio,
713 2429 808 2491 quam
830 2428 909 2492 vaga
931 2409 1147 2493 volubilisque
1168 2410 1311 2484 fortuna,
1333 2417 1470 2493 quantae
1492 2407 1604 2472 infide·

272 2502 378 2566 litotes
399 2501 434 2563 in
456 2501 584 2575 amicis,
608 2522 703 2585 quam
726 2501 766 2564 ad
788 2513 913 2583 tempus
934 2509 1028 2583 aptae
1050 2502 1284 2576 simulationes,
1307 2511 1444 2585 quantae
1466 2502 1499 2564 in
1520 2502 1604 2584 peri·

272 2596 352 2659 culis
373 2594 467 2676 fugae
493 2595 728 2677 proximorum,
758 2603 894 2677 quantae
917 2594 1110 2657 timiditates.
1154 2596 1241 2669 Erit,
1271 2595 1331 2658 erit
1360 2594 1438 2657 illud
1460 2594 1602 2677 prolecto

272 2697 398 2770 tempus
429 2695 461 2750 et
482 2688 646 2749 illucescet
667 2688 839 2770 aliquando
861 2686 916 2749 ille
939 2687 1024 2761 dies,
1059 2708 1130 2751 cum
1153 2696 1186 2751 tu
1209 2688 1415 2762 salutaribus,
1443 2697 1479 2752 ut
1499 2703 1641 2772 spero,te

273 2782 367 2844 rebus
388 2781 469 2854 tuis,
499 2779 556 2843 sed
577 2780 711 2843 fortasse
733 2788 822 2843 motu
844 2780 953 2863 aliquo
975 2784 1190 2846 communium
1212 2791 1407 2865 temporum,
1429 2781 1484 2864 qui
1507 2799 1603 2863 quam

272 2874 382 2938 crebro
412 2871 533 2937 accidat
561 2873 684 2955 experti
713 2873 794 2936 scire
822 2872 991 2948 debemus,
1023 2883 1054 2938 et
1081 2876 1263 2938 amicissimi
1293 2875 1549 2937 benevolentiam
1572 2882 1604 2937 et

272 2966 450 3051 gravissimi
482 2965 620 3028 hominis
652 2964 748 3029 fidem
776 2974 808 3029 et
836 2969 930 3030 unius
960 2975 1032 3048 post
1061 2968 1207 3031 homines
1236 2975 1328 3030 natos
1357 2967 1520 3031 fortissimi
1542 2966 1603 3028 viri

274 3059 523 3143 magnitudinem
557 3059 654 3121 animi
686 3060 858 3122 desideres.
902 3058 954 3121 70.
978 3061 1177 3143 Quamquam
1208 3062 1280 3144 quis
1309 3060 1371 3122 hoc
1393 3059 1516 3132 eredat,
1546 3059 1603 3120 Cn.

274 3153 476 3235 Pompeium,
500 3152 578 3215 iuris
599 3152 733 3234 publici,
756 3153 853 3215 moris
877 3153 1048 3225 maiorum,
1081 3154 1127 3214 rei
1150 3153 1289 3236 denique
1311 3151 1456 3236 publicae
1477 3153 1640 3234 peritis-so

273 3247 405 3318 simum,
429 3264 500 3307 cum
523 3251 652 3307 senatus
674 3245 703 3306 ei
727 3246 936 3317 commiserit,
964 3253 999 3307 ut
1021 3246 1142 3308 videret
1163 3266 1204 3307 ne
1226 3247 1302 3328 quid
1325 3265 1375 3307 res
1401 3246 1529 3327 publica
1549 3244 1605 3306 de·

273 3337 412 3403 trimenti
434 3345 578 3421 caperet,
601 3359 665 3420 quo
687 3357 751 3400 uno
775 3337 933 3400 versiculo
956 3340 1032 3400 satis
1051 3341 1161 3402 armati
1175 3359 1300 3421 semper
1315 3339 1463 3400 consules
1477 3337 1606 3399 luerunt

274 3432 368 3497 etiam
391 3429 487 3492 nullis
509 3430 606 3492 armis
629 3431 727 3504 datis,
748 3431 833 3493 hunc
856 3430 1014 3504 exercitu,
1036 3432 1121 3493 hunc
1143 3432 1259 3495 dilectu
1278 3430 1352 3494 dato
1374 3431 1528 3494 iudicium
1550 3450 1606 3492 ex·

274 3531 486 3609 spectaturum
507 3522 606 3585 luisse
630 3524 663 3585 in
685 3523 754 3586 eius
776 3523 919 3586 consiliis
940 3524 1153 3599 vindicandis,
1180 3526 1236 3606 qui
1258 3525 1289 3586 vi
1311 3523 1426 3586 iudicia
1455 3524 1525 3605 ipsa
1545 3521 1606 3585 tol·

273 3620 378 3683 lereti
402 3617 485 3680 Satis
506 3615 680 3680 iudicatum
704 3624 752 3680 est
773 3636 791 3678 a
813 3617 979 3699 Pompeio,
1001 3618 1093 3693 satis,
1116 3617 1196 3682 falso
1217 3618 1279 3680 ista
1300 3615 1437 3680 conferri
1459 3616 1493 3678 in
1515 3614 1643 3680 Milo-se

275 3733 366 3787 nem,
388 3712 444 3795 qui
466 3709 568 3790 legem
591 3710 678 3784 tulit,
701 3730 781 3793 qua,
802 3716 837 3773 ut
859 3728 918 3792 ego
937 3713 1050 3784 sentio,
1072 3711 1222 3773 Milonem
1237 3710 1360 3773 absolvi
1374 3729 1393 3772 a
1406 3709 1496 3771 vobis
1511 3727 1607 3790 opor-

275 3813 372 3880 teret,
400 3813 436 3868 ut
458 3823 569 3867 omnes
592 3803 800 3877 confitentur,
827 3803 948 3866 liceret
991 3799 1043 3864 7l.
1067 3803 1160 3878 Quod
1181 3823 1259 3867 vero
1281 3804 1314 3864 in
1336 3802 1392 3865 illo
1415 3802 1487 3864 loco
1510 3808 1606 3883 atque

274 3899 337 3961 illis
359 3899 557 3980 publicorum
579 3897 808 3979 praesidiorum
831 3896 932 3977 copiis
955 3896 1164 3959 circumfusus
1186 3898 1290 3970 sedet,
1312 3896 1388 3958 satis
1410 3894 1551 3958 declarat
1571 3912 1607 3956 se

274 4011 339 4054 non
368 3998 520 4054 terrorem
547 3989 664 4052 inferre
692 3989 846 4052 vobis-
870 3990 948 4071 quid
974 3990 1058 4052 enim
1082 3991 1185 4052 minus
1207 3990 1263 4052 illo
1285 3989 1415 4070 dignum
1437 4007 1532 4070 quam
1554 4006 1607 4049 co·

274 4104 358 4166 gere,
380 4091 416 4146 ut
436 4103 493 4146 vos
516 4104 587 4146 eum
611 4083 837 4155 condemnetis,
859 4083 891 4144 in
915 4102 1009 4165 quem
1031 4083 1172 4145 animum
1188 4081 1352 4145 advertere
1374 4081 1443 4161 ipse
1465 4088 1497 4143 et
1519 4096 1644 4142 moreao

275 4178 431 4241 maiorum
465 4183 497 4238 et
529 4196 586 4239 suo
620 4177 689 4238 iure
723 4177 855 4257 posset?
880 4208 934 4247 -,
968 4176 1023 4236 sed
1052 4176 1211 4259 praesidio
1242 4193 1328 4249 esse,
1362 4180 1395 4235 ut
1423 4172 1607 4255 intelligatis

276 4277 385 4333 contra
409 4270 591 4333 bestemam
622 4268 710 4331 illam
733 4267 911 4331 contionem
933 4267 1029 4329 licere
1051 4267 1142 4330 vobis
1164 4268 1250 4350 quod
1271 4265 1416 4330 sentiatis
1438 4265 1537 4328 libere
1559 4265 1608 4327 iu-

276 4363 392 4427 dicare.

359 4458 492 4521 XXVII.
515 4454 566 4519 72.
584 4459 663 4520 lieo
690 4475 764 4520 vero
788 4475 853 4529 me,
881 4453 1017 4529 iudices,
1049 4455 1237 4517 Clodianum
1259 4455 1379 4517 crimen
1401 4459 1520 4525 movet,
1548 4470 1608 4513 nec

276 4559 339 4615 tam
361 4570 432 4614 sum
454 4551 584 4613 demens
606 4559 736 4633 tamque
754 4547 850 4612 vestri
874 4568 988 4611 sensus
1003 4548 1132 4630 ignarus
1148 4555 1241 4631 atque
1257 4567 1387 4631 expers,
1408 4554 1445 4608 ut
1458 4545 1646 4618 nesciamus

341 4831 367 4880 Ξ.
384 4829 431 4880 iiia
446 4831 503 4893 ipse
519 4830 539 4880 E
552 4855 579 4864 -
598 4830 728 4879 tetesvimu
744 4829 837 4878 TESO
857 4855 884 4864 -
902 4829 927 4878 b.
942 4828 1042 4890 petione
1053 4824 1074 4874 E
1086 4849 1113 4858 -
1130 4822 1510 4888 praeturae1proeeiieeE-
1529 4822 1554 4871 7.
1567 4822 1609 4871 ie-

275 4906 373 4956 redieaet
389 4906 407 4955 S
425 4931 453 4942 -
478 4906 503 4956 8.
521 4905 610 4955 diecto
629 4905 691 4954 TE:
716 4904 809 4954 deiectu
834 4903 879 4952 SO
905 4927 932 4937 -
959 4903 984 4952 9.
1001 4915 1033 4951 ne
1048 4899 1138 4949 TES:
1162 4910 1211 4947 nee
1228 4898 1258 4946 0.
1281 4898 1395 4947 comnes
1421 4895 1481 4945 libri
1502 4898 1610 4947 veteres

277 4979 377 5030 hubent
396 4979 466 5029 hanc
482 4977 640 5043 particulam
656 4980 714 5029 sine
732 4978 895 5042 diphthongo
912 4976 1065 5039 scriptam.»
1086 4973 1221 5021 murreus.
1237 4996 1265 5005 -
1283 4971 1336 5032 iste]
1353 4970 1394 5019 iiie
1409 4981 1479 5020 unus
1496 4982 1511 5019 e
1529 4968 1608 5020 codd.

277 5053 563 5116 nugamentorum·
580 5053 656 5114 head]
668 5058 714 5102 cut
729 5053 776 5102 TE
796 5078 823 5089 -
841 5053 882 5100 li.
897 5050 968 5098 Vides
983 5049 1034 5098 Eli
1053 5074 1081 5084 -
1101 5047 1141 5095 ⁴3.
1160 5045 1281 5094 amiciciis
1297 5046 1317 5095 E
1331 5071 1358 5080 —
1378 5044 1418 5095 ll.
1437 5045 1494 5093 Erit
1509 5049 1533 5094 el
1548 5045 1612 5093 iliud

277 5129 341 5177 T-
355 5126 413 5176 Erit
427 5125 469 5176 ille
485 5132 560 5188 atque
580 5126 701 5176 illucmeel
718 5125 769 5174 dier
784 5124 864 5175 lulius
881 5122 1034 5172 Rufinianus
1057 5122 1086 5169 de
1105 5123 1149 5183 [lq.
1166 5124 1227 5168 mut.
1246 5123 1269 5168 el
1285 5119 1345 5168 eloe.
1364 5118 1379 5180 5
1397 5119 1436 5167 tr.
1458 5143 1486 5151 -
1510 5117 1551 5166 45.
1569 5117 1612 5167 iiie

277 5201 413 5264 quemodo
429 5201 449 5251 E
462 5199 551 5263 (solus)
566 5228 593 5238 -
611 5199 799 5250 adobritmihua
814 5201 849 5257 T;
867 5196 1008 5246 salubribus
1019 5195 1189 5252 Garatonius3
1207 5193 1370 5242 incolumibus
1380 5191 1534 5242 Wunderus
1549 5192 1609 5240 Ver.

277 5277 352 5326 becio
369 5288 396 5339 p.
415 5274 544 5325 CLXXVI.
562 5273 602 5324 Cl.
620 5275 687 5338 Epp.
706 5272 741 5323 ad
757 5274 809 5324 Ati.
828 5272 874 5334 lx,
891 5272 932 5330 ll,
950 5269 981 5320 l:
1002 5269 1102 5318 ethaeo
1115 5269 1217 5330 perdite
1233 5272 1290 5316 suet
1305 5271 1329 5316 et
1344 5265 1390 5314 iiio
1405 5279 1457 5315 eos
1472 5265 1608 5315 morio.

279 5375 308 5387 -
326 5349 367 5400 ro.
385 5349 470 5412 eiiqrso
487 5349 514 5397 in
530 5350 697 5398 ceremoniam
713 5348 759 5398 TE
778 5373 806 5383 -
825 5351 964 5408 temporem
980 5344 1045 5393 TE:
1064 5348 1204 5404 terrem
1219 5340 1357 5391 mutetis
1372 5339 1428 5388 SO.
1446 5339 1512 5389 Vide
1523 5339 1611 5388 Wun-

277 5423 372 5473 derum
396 5424 454 5471 Ver.
472 5423 547 5472 Lucu.
565 5435 591 5486 p.
611 5422 751 5471 Lxxxvn.
772 5447 799 5456 -
827 5421 870 5483 qui
891 5431 969 5480 quem
984 5419 1018 5467 S:
1046 5418 1179 5478 quoquam
1202 5416 1250 5466 TE
1278 5439 1303 5450 -
1331 5414 1372 5466 iT.
1391 5412 1519 5475 ecpeperti
1540 5415 1560 5464 E
1580 5438 1606 5449 -

276 5499 339 5547 scire
355 5496 542 5548 debmtusTE:
561 5496 673 5546 moenie
688 5496 752 5545 seire
768 5496 814 5545 so
828 5521 854 5532 -
874 5493 1064 5543 beniuolentiam
1079 5492 1154 5541 TES
1167 5516 1194 5525 -
1214 5492 1254 5540 40.
1268 5489 1392 5539 audeas
1408 5486 1442 5544 E;
1462 5485 1611 5534 desiderabis

277 5572 424 5621 balcius-
443 5570 484 5621 20.
499 5571 708 5632 peritissimorum
724 5570 744 5618 T
762 5595 790 5605 -
808 5570 849 5619 2⁴.
868 5570 892 5618 ei
908 5569 996 5617 om.T
1014 5593 1040 5602 —
1060 5567 1103 5615 2³.
1120 5565 1210 5614 diiecto
1225 5565 1290 5614 TE:
1310 5562 1404 5612 deiectu
1420 5559 1465 5609 SO
1485 5585 1513 5595 -
1530 5557 1611 5608 aevi

277 5645 312 5694 C:
330 5643 369 5692 oei
385 5643 460 5692 TES
479 5670 507 5679 -
526 5644 567 5695 28.
585 5643 670 5707 copiis]
691 5644 816 5705 corpurT
835 5668 862 5678 -
882 5643 922 5692 29.
941 5642 1002 5703 quid
1017 5638 1267 5701 enim-praesidio
1283 5650 1333 5687 erse
1349 5634 1431 5685 habet
1447 5637 1509 5684 A·
1528 5634 1612 5684 mines

276 5718 319 5767 iiio
335 5717 432 5767 TEA:
450 5717 492 5766 iilo
508 5718 591 5767 misus
607 5718 653 5767 SO
672 5744 700 5753 -
719 5717 760 5767 30.
779 5716 1029 5775 condempnatisT-
1048 5719 1076 5762 ut
1091 5727 1135 5763 oce
1151 5725 1204 5763 om.
1217 5715 1238 5762 A
1253 5737 1280 5748 -
1299 5711 1412 5760 animun
1428 5708 1559 5757 aduertm
1575 5708 1609 5758 E:

276 5792 347 5842 eninr
364 5792 495 5842 aduertere
510 5793 544 5850 Τ;
571 5792 770 5841 oninedcertere
792 5790 838 5839 SO
858 5817 885 5827 -
910 5791 951 5839 34.
969 5789 1019 5854 sed]
1036 5793 1060 5839 et
1075 5789 1124 5840 TA
1147 5811 1174 5822 -
1200 5791 1261 5836 esset
1281 5787 1302 5836 Α
1321 5810 1348 5819 -
1375 5780 1607 5846 00109001·-

276 5865 317 5918 32.
335 5865 407 5916 illem
422 5866 560 5918 contionem
576 5865 641 5914 TE:
660 5863 801 5914 condones
817 5863 887 5913 ihm
903 5864 959 5912 SO.
