3800 7350
1542 1200 1581 1253 11

364 1358 631 1447 Quanquam
658 1358 766 1426 oratio
793 1357 1022 1426 b'iaeciana
1048 1361 1086 1425 ut
1113 1377 1180 1425 nou
1206 1358 1339 1450 integra
1365 1354 1409 1424 ad
1435 1358 1580 1423 uostrm

281 1486 422 1549 aetatem
444 1482 613 1569 peruenit,
637 1481 685 1548 lta
705 1498 748 1547 ne
769 1497 810 1546 ea
830 1478 958 1566 quidem
980 1497 1075 1568 pars,
1096 1498 1181 1567 quae
1201 1482 1445 1565 extemporum
1465 1478 1582 1544 iniuria

282 1605 396 1691 elapsa
416 1608 488 1684 est,
507 1604 542 1670 in
562 1601 731 1671 codicibus
750 1604 893 1669 vetustis
914 1604 1050 1669 servata
1071 1605 1124 1670 est
1144 1605 1287 1700 enceplo
1307 1622 1373 1669 uno
1394 1602 1582 1691 iragrseuto

281 1720 327 1808 58
349 1720 532 1811 29-54,
565 1723 652 1812 quod
679 1724 715 1791 ln
734 1724 934 1791 nobilissimo
956 1724 1136 1813 Vaticano,
1166 1725 1221 1812 qul
1242 1724 1445 1810 Philippicas
1464 1721 1583 1803 habet,

281 1851 450 1916 inuentum
471 1849 533 1914 est.
574 1846 736 1934 Reliquae
757 1846 917 1913 orationis
945 1847 1096 1914 recensio
1118 1865 1162 1913 ex
1183 1847 1372 1917 recentibus
1392 1845 1488 1914 codd.
1507 1847 1583 1913 lta-

281 1971 354 2038 iicis
373 1968 557 2056 repetenda
576 1970 646 2056 est3
666 1966 727 2034 sed
749 1970 859 2034 tamen
878 1964 1027 2035 hemines
1047 1969 1185 2035 litterati
1200 1968 1297 2036 nobis
1315 1967 1455 2057 gratiam
1476 1965 1583 2034 habe-

280 2093 379 2179 buut,
403 2090 490 2179 quod
512 2089 590 2177 quid
610 2091 645 2156 in
665 2088 718 2155 his
738 2087 833 2156 codd.
847 2092 958 2155 exstet
979 2089 1096 2156 saltem
1117 2107 1161 2156 ex
1178 2087 1323 2171 duobus,
1345 2105 1428 2175 quos
1448 2088 1583 2173 primum

281 2211 500 2298 adidbuimus,
528 2212 563 2277 ln
583 2216 700 2278 nestro
720 2210 865 2277 editione
885 2213 1101 2300 cognoscent
1140 2211 1320 2277 Praeterea
1339 2209 1510 2277 habuimus
1530 2208 1583 2274 ie-

282 2334 413 2400 elioues
431 2332 644 2402 aNlebuhrio
659 2353 702 2400 ex
718 2337 881 2420 apparatu
893 2332 1187 2422 Lagomarsiniano
1201 2334 1356 2414 selectas,
1377 2349 1461 2418 quas
1473 2348 1586 2398 omues

283 2458 436 2541 repetere
456 2474 499 2522 ne
520 2457 555 2522 in
578 2453 642 2523 hac
663 2453 792 2542 quidem
813 2454 964 2521 cretione
985 2471 1124 2522 necesse
1144 2453 1324 2522 habuims

365 2693 558 2785 Sequuntur
586 2687 705 2764 deinde
734 2715 877 2765 novem
899 2699 1135 2786 arationes,
1162 2714 1245 2783 quas
1264 2693 1365 2764 habet
1383 2693 1491 2764 eodan
1511 2696 1585 2782 pri-

282 2820 419 2903 marius,
439 2818 660 2886 Parisinus
679 2820 735 2887 iiie
755 2839 841 2886 num.
856 2813 973 2887 ⁷794.
1004 2820 1127 2886 Harum
1147 2836 1266 2910 agmen
1280 2817 1403 2887 ducunt
1418 2818 1586 2884 orationes
1654 2844 1656 2847 ·

282 2941 359 3008 illae
390 2944 563 3028 quattuor,
590 2958 672 3027 quaa
698 2941 796 3007 Fauo.
816 2940 907 3009 Aue.
928 2943 1096 3009 Wourrus
1124 2958 1145 3008 a
1165 2940 1326 3009 cicerone
1345 2941 1490 3027 scriptas
1511 2956 1585 3006 esse

283 3065 440 3154 negavit,
459 3080 523 3129 nos
542 3065 652 3129 tamen
673 3081 797 3129 mmmo
811 3067 945 3130 oratore
966 3063 1094 3130 minime
1114 3060 1269 3152 indignas
1281 3060 1388 3130 videri
1405 3059 1586 3129 iudicamus

283 3186 427 3252 unsilia
448 3189 609 3270 excepta,
629 3202 724 3271 qusm
745 3187 868 3271 populo
889 3186 1018 3276 gratias
1037 3202 1145 3272 agens
1164 3184 1318 3254 habrdoee
1331 3183 1448 3250 iertm.
1477 3182 1586 3250 Latu-

284 3324 384 3374 rusnc
404 3307 505 3373 tuerit
518 3305 662 3373 Wolilus
683 3305 820 3374 eandem
834 3310 1043 3395 senientiam,
1063 3308 1092 3374 si
1107 3325 1194 3374 nunc
1208 3305 1270 3372 has
1284 3304 1469 3394 orationes,
1487 3307 1587 3389 posi·

285 3444 380 3514 quam
409 3428 519 3494 multis
547 3425 673 3494 mendis
693 3426 842 3496 codicum
863 3445 926 3515 ope
947 3432 1149 3521 repurgatas
1168 3431 1264 3510 sunt,
1290 3427 1437 3516 legeret,
1464 3443 1585 3512 super·

285 3565 465 3618 namneum
497 3552 551 3616 est
580 3566 760 3638 quaerere3
801 3548 863 3616 sed
893 3549 958 3617 hoc
989 3551 1105 3617 saitem
1136 3550 1267 3616 nomine
1295 3544 1587 3635 reprehendendus

285 3670 434 3757 videtur,
455 3670 561 3759 quod,
582 3673 619 3738 ut
639 3669 805 3762 Madvigii
826 3671 940 3740 verbis
960 3672 1010 3747 (in
1032 3669 1155 3758 0pusc.
1175 3669 1271 3740 acad.
1290 3671 1326 3755 1,
1346 3688 1380 3757 p·
1403 3665 1481 3737 19³
1502 3668 1586 3742 not.)

285 3798 431 3881 utamur,
459 3793 678 3863 Gruterianas
704 3792 822 3860 sordes
846 3795 1021 3885 exagitare
1041 3795 1154 3861 maluit
1174 3798 1336 3880 nmquam
1358 3790 1588 3861 declamatoris

286 3918 429 4003 ineptias
449 3934 544 4002 quam
564 3915 737 4004 adhibitis,
759 3934 844 4002 quae
857 3919 977 4002 parate
993 3919 1104 4001 eraut,
1123 3916 1263 4002 aliisque
1277 3916 1421 4002 provisis
1433 3913 1588 3982 subsidiis

287 4036 523 4105 inemendata
550 4038 715 4123 scriptura
744 4042 869 4104 certum
900 4056 1024 4124 ponere
1052 4037 1306 4104 fundamentum.
1339 4037 1453 4122 Atque
1480 4036 1513 4100 in
1535 4032 1588 4100 his

286 4158 414 4247 quidem
446 4156 603 4246 quattuor
634 4158 847 4225 orationibus·
867 4160 1054 4246 scripturae
1090 4159 1232 4227 Punnnt
1266 4160 1365 4246 piane
1398 4158 1588 4247 incognitae

286 4287 400 4356 erant;
420 4282 455 4347 ln
477 4281 802 4349 orationibusautem
825 4301 900 4368 pro
919 4278 1083 4367 Sestio,
1103 4281 1382 4368 iuVatinium,
1404 4277 1589 4368 praeae-

285 4405 363 4488 lio,
384 4421 459 4488 pro
479 4398 682 4470 Cornelio
703 4403 853 4491 Balbo,
881 4403 930 4471 de
958 4405 1201 4490 provinciis
1220 4403 1511 4472 consularibus
1530 4417 1590 4467 eas

288 4528 351 4594 iam
373 4525 592 4612 hiemelewa,
613 4545 706 4611 quem
728 4525 770 4595 de
791 4525 905 4594 harum
926 4529 1071 4614 ipsarum
1086 4526 1314 4594 emendatione
1334 4526 1507 4612 praeclare
1518 4541 1591 4590 me-

288 4651 385 4715 ritum
407 4665 489 4737 esse⁴
504 4650 592 4714 inter
612 4667 725 4715 omnes
746 4652 894 4731 constat,
918 4650 952 4716 in
974 4647 1153 4736 opuscula
1173 4650 1244 4716 suis
1263 4647 1459 4718 academicis
1478 4647 1589 4734 pubii-

286 4773 393 4859 cavit,
422 4789 480 4838 eas
507 4774 635 4857 tamen,
664 4789 746 4858 quas
767 4791 834 4839 non
855 4773 943 4863 ipse,
964 4771 1024 4839 sed
1046 4771 1233 4858 Krarupius
1259 4789 1302 4838 ex
1323 4769 1438 4839 codice
1459 4770 1590 4838 exscri-

286 4896 418 4978 pserat,
446 4892 542 4960 homo
569 4895 604 4959 in
631 4912 672 4961 eo
701 4895 839 4984 negotio
867 4912 934 4961 non
961 4896 1066 4962 minua
1093 4894 1305 4984 negligenter
1325 4910 1420 4979 quam
1440 4894 1589 4978 imperite

285 5018 449 5081 versatus.
493 5012 605 5097 Quare
626 5034 693 5083 non
718 5034 893 5103 possumus
913 5016 996 5084 satis
1015 5016 1145 5105 gratias
1164 5033 1268 5107 egere
1287 5013 1506 5083 bibliothecae
1527 5015 1590 5080 im-

286 5136 420 5221 perialis
440 5135 619 5204 Paristnae
647 5137 842 5224 praelectis,
870 5137 957 5225 quod
988 5138 1108 5205 Halmii
1129 5141 1250 5227 rogatu
1272 5140 1525 5220 concesserunt,
1554 5139 1590 5201 ut

285 5255 393 5325 codex
420 5260 454 5325 in
486 5262 602 5345 paucis
628 5260 787 5350 egregius
815 5259 1027 5329 Monaehium
1055 5262 1241 5328 mitteretur
1267 5263 1305 5326 ut
1335 5261 1452 5326 iterum
1478 5260 1589 5326 excuti

285 5383 416 5466 posset,
447 5400 512 5468 quo
540 5380 668 5469 quidem
699 5382 858 5450 beneflcio
884 5383 998 5449 summi
1026 5382 1073 5449 liii
1100 5382 1165 5449 viri
1192 5401 1259 5449 uon
1287 5381 1392 5447 minus
1412 5378 1454 5449 de
1475 5383 1590 5447 nostra

286 5501 430 5570 editione
452 5521 547 5589 quam
569 5502 611 5571 de
632 5504 796 5571 universis
816 5504 938 5571 litteris
950 5503 1081 5571 Latinis
1100 5504 1272 5588 praeclare
1286 5505 1482 5572 meruerunt.
1501 5502 1588 5571 lllud

285 5627 410 5711 autem,
430 5631 468 5692 ut
487 5627 553 5693 alia
574 5628 755 5711 mittamus,
777 5628 955 5714 praecipue
975 5627 1097 5694 iterata
1110 5626 1235 5696 codicis
1248 5627 1425 5696 collatione
1439 5624 1589 5692 ellectum
1666 5703 1669 5710 Ι

286 5750 357 5833 est,
383 5749 436 5835 ut,
463 5748 499 5815 id
525 5747 612 5839 quod
641 5751 676 5817 in
705 5748 820 5821 codiee
840 5753 907 5816 iam
928 5753 1063 5816 vetusto
1084 5751 1313 5848 gmvimlmm
1334 5751 1404 5838 est,
1429 5748 1590 5815 lectiones
