<?xml version="1.0" encoding="UTF-8"?>
<!DOCTYPE html PUBLIC "-//W3C//DTD XHTML 1.0 Transitional//EN"
    "http://www.w3.org/TR/xhtml1/DTD/xhtml1-transitional.dtd">
<html xmlns="http://www.w3.org/1999/xhtml" xml:lang="en" lang="en">
 <head>
  <title>
</title>
<meta http-equiv="Content-Type" content="text/html;charset=utf-8" />
  <meta name='ocr-system' content='tesseract 3.04.00' />
  <meta name='ocr-capabilities' content='ocr_page ocr_carea ocr_par ocr_line ocrx_word'/>
</head>
<body>
  <div class='ocr_page' id='page_1' title='image "./operaquaesupers08halmgoog/operaquaesupers08halmgoog_0021.png"; bbox 0 0 3800 7350; ppageno 0'>
   <div class='ocr_carea' id='block_1_1' title="bbox 289 1354 1596 1931">
    <p class='ocr_par' dir='ltr' id='par_1_1' title="bbox 289 1354 1596 1931">
     <span class='ocr_line' id='line_1_1' title="bbox 377 1354 1594 1445; baseline 0.002 -21"><span class='ocrx_word' id='word_1_1' title='bbox 377 1354 471 1440; x_wconf 75' lang='lat' dir='ltr'><strong>Quae</strong></span> <span class='ocrx_word' id='word_1_2' title='bbox 497 1358 648 1444; x_wconf 61' lang='lat' dir='ltr'><strong>mentm</strong></span> <span class='ocrx_word' id='word_1_3' title='bbox 673 1358 779 1424; x_wconf 82' lang='lat' dir='ltr'><strong>oratio</strong></span> <span class='ocrx_word' id='word_1_4' title='bbox 808 1377 882 1443; x_wconf 89' lang='lat' dir='ltr'><strong>pro</strong></span> <span class='ocrx_word' id='word_1_5' title='bbox 909 1354 949 1426; x_wconf 75' lang='lat' dir='ltr'><strong>(i-</strong></span> <span class='ocrx_word' id='word_1_6' title='bbox 977 1359 1154 1426; x_wconf 80' lang='lat' dir='ltr'><strong>Rabirio</strong></span> <span class='ocrx_word' id='word_1_7' title='bbox 1180 1360 1496 1445; x_wconf 85' lang='lat' dir='ltr'><strong>perduellionis</strong></span> <span class='ocrx_word' id='word_1_8' title='bbox 1523 1380 1594 1429; x_wconf 90' lang='lat' dir='ltr'><strong>reo</strong></span> 
     </span>
     <span class='ocr_line' id='line_1_2' title="bbox 291 1478 1596 1570; baseline -0.001 -26"><span class='ocrx_word' id='word_1_9' title='bbox 291 1482 371 1548; x_wconf 81' lang='lat' dir='ltr'><strong>item</strong></span> <span class='ocrx_word' id='word_1_10' title='bbox 390 1482 443 1546; x_wconf 85' lang='lat' dir='ltr'><strong>est</strong></span> <span class='ocrx_word' id='word_1_11' title='bbox 462 1497 529 1546; x_wconf 81' lang='lat' dir='ltr'><strong>uas</strong></span> <span class='ocrx_word' id='word_1_12' title='bbox 549 1498 592 1546; x_wconf 83' lang='lat' dir='ltr'><strong>rx</strong></span> <span class='ocrx_word' id='word_1_13' title='bbox 615 1478 807 1570; x_wconf 77' lang='lat' dir='ltr'><strong>Poggiants.</strong></span> <span class='ocrx_word' id='word_1_14' title='bbox 848 1478 904 1546; x_wconf 77' lang='lat' dir='ltr'><strong>Ad</strong></span> <span class='ocrx_word' id='word_1_15' title='bbox 930 1498 1001 1547; x_wconf 83' lang='lat' dir='ltr'><strong>eam</strong></span> <span class='ocrx_word' id='word_1_16' title='bbox 1022 1480 1324 1570; x_wconf 75' lang='lat' dir='ltr'><strong>recognoscendum</strong></span> <span class='ocrx_word' id='word_1_17' title='bbox 1346 1486 1480 1569; x_wconf 86' lang='lat' dir='ltr'><strong>praeter</strong></span> <span class='ocrx_word' id='word_1_18' title='bbox 1499 1483 1596 1550; x_wconf 81' lang='lat' dir='ltr'><strong>ccdi-</strong></span> 
     </span>
     <span class='ocr_line' id='line_1_3' title="bbox 290 1598 1593 1692; baseline 0.001 -23"><span class='ocrx_word' id='word_1_19' title='bbox 290 1620 361 1670; x_wconf 78' lang='lat' dir='ltr'><strong>cem</strong></span> <span class='ocrx_word' id='word_1_20' title='bbox 381 1598 670 1691; x_wconf 72' lang='lat' dir='ltr'><strong>Salisbargeascm</strong></span> <span class='ocrx_word' id='word_1_21' title='bbox 691 1600 896 1668; x_wconf 86' lang='lat' dir='ltr'><strong>adhibuimus</strong></span> <span class='ocrx_word' id='word_1_22' title='bbox 907 1606 1103 1687; x_wconf 85' lang='lat' dir='ltr'><strong>apparatum</strong></span> <span class='ocrx_word' id='word_1_23' title='bbox 1117 1602 1459 1692; x_wconf 78' lang='lat' dir='ltr'><strong>bagamarsinianum,</strong></span> <span class='ocrx_word' id='word_1_24' title='bbox 1479 1606 1517 1670; x_wconf 89' lang='lat' dir='ltr'><strong>ut</strong></span> <span class='ocrx_word' id='word_1_25' title='bbox 1531 1605 1593 1671; x_wconf 81' lang='lat' dir='ltr'><strong>iam</strong></span> 
     </span>
     <span class='ocr_line' id='line_1_4' title="bbox 289 1722 1593 1811; baseline 0.001 -21"><span class='ocrx_word' id='word_1_26' title='bbox 289 1725 373 1791; x_wconf 79' lang='lat' dir='ltr'><strong>satis</strong></span> <span class='ocrx_word' id='word_1_27' title='bbox 393 1725 549 1789; x_wconf 73' lang='lat' dir='ltr'><strong>testatum</strong></span> <span class='ocrx_word' id='word_1_28' title='bbox 570 1722 764 1809; x_wconf 75' lang='lat' dir='ltr'><strong>babeamm,</strong></span> <span class='ocrx_word' id='word_1_29' title='bbox 785 1741 1014 1809; x_wconf 70' lang='lat' dir='ltr'><strong>quaecuuque</strong></span> <span class='ocrx_word' id='word_1_30' title='bbox 1034 1725 1110 1791; x_wconf 90' lang='lat' dir='ltr'><strong>loco</strong></span> <span class='ocrx_word' id='word_1_31' title='bbox 1127 1724 1226 1791; x_wconf 87' lang='lat' dir='ltr'><strong>lectio</strong></span> <span class='ocrx_word' id='word_1_32' title='bbox 1243 1724 1336 1791; x_wconf 87' lang='lat' dir='ltr'><strong>libris</strong></span> <span class='ocrx_word' id='word_1_33' title='bbox 1350 1742 1446 1791; x_wconf 92' lang='lat' dir='ltr'><strong>manu</strong></span> <span class='ocrx_word' id='word_1_34' title='bbox 1459 1727 1593 1811; x_wconf 83' lang='lat' dir='ltr'><strong>seriptis</strong></span> 
     </span>
     <span class='ocr_line' id='line_1_5' title="bbox 289 1845 495 1931; baseline -0.034 -19"><span class='ocrx_word' id='word_1_35' title='bbox 289 1845 420 1931; x_wconf 89' lang='lat' dir='ltr'><strong>prodita</strong></span> <span class='ocrx_word' id='word_1_36' title='bbox 439 1848 495 1911; x_wconf 90' lang='lat' dir='ltr'><strong>sit.</strong></span> 
     </span>
    </p>
   </div>
   <div class='ocr_carea' id='block_1_2' title="bbox 280 2082 1651 4971">
    <p class='ocr_par' dir='ltr' id='par_1_2' title="bbox 280 2082 1651 4971">
     <span class='ocr_line' id='line_1_6' title="bbox 370 2082 1592 2172; baseline -0.003 -16"><span class='ocrx_word' id='word_1_37' title='bbox 370 2084 601 2156; x_wconf 77' lang='lat' dir='ltr'><strong>Orationes</strong></span> <span class='ocrx_word' id='word_1_38' title='bbox 628 2082 910 2156; x_wconf 81' lang='lat' dir='ltr'><strong>Catilinariae</strong></span> <span class='ocrx_word' id='word_1_39' title='bbox 940 2105 1013 2153; x_wconf 90' lang='lat' dir='ltr'><strong>cum</strong></span> <span class='ocrx_word' id='word_1_40' title='bbox 1039 2089 1119 2169; x_wconf 89' lang='lat' dir='ltr'><strong>iam,</strong></span> <span class='ocrx_word' id='word_1_41' title='bbox 1146 2089 1225 2153; x_wconf 88' lang='lat' dir='ltr'><strong>ante</strong></span> <span class='ocrx_word' id='word_1_42' title='bbox 1247 2105 1341 2172; x_wconf 84' lang='lat' dir='ltr'><strong>quam</strong></span> <span class='ocrx_word' id='word_1_43' title='bbox 1371 2085 1481 2154; x_wconf 88' lang='lat' dir='ltr'><strong>studia</strong></span> <span class='ocrx_word' id='word_1_44' title='bbox 1499 2089 1592 2153; x_wconf 89' lang='lat' dir='ltr'><strong>antl-</strong></span> 
     </span>
     <span class='ocr_line' id='line_1_7' title="bbox 288 2206 1590 2296; baseline 0 -20"><span class='ocrx_word' id='word_1_45' title='bbox 288 2210 423 2296; x_wconf 79' lang='lat' dir='ltr'><strong>quttatls</strong></span> <span class='ocrx_word' id='word_1_46' title='bbox 445 2208 516 2276; x_wconf 85' lang='lat' dir='ltr'><strong>iere</strong></span> <span class='ocrx_word' id='word_1_47' title='bbox 538 2210 751 2275; x_wconf 74' lang='lat' dir='ltr'><strong>intermortua</strong></span> <span class='ocrx_word' id='word_1_48' title='bbox 772 2210 906 2277; x_wconf 89' lang='lat' dir='ltr'><strong>saeculo</strong></span> <span class='ocrx_word' id='word_1_49' title='bbox 927 2207 1035 2275; x_wconf 87' lang='lat' dir='ltr'><strong>Xllll</strong></span> <span class='ocrx_word' id='word_1_50' title='bbox 1056 2212 1091 2274; x_wconf 88' lang='lat' dir='ltr'><strong>et</strong></span> <span class='ocrx_word' id='word_1_51' title='bbox 1108 2206 1176 2275; x_wconf 83' lang='lat' dir='ltr'><strong>XV</strong></span> <span class='ocrx_word' id='word_1_52' title='bbox 1194 2209 1228 2274; x_wconf 96' lang='lat' dir='ltr'><strong>in</strong></span> <span class='ocrx_word' id='word_1_53' title='bbox 1250 2209 1350 2275; x_wconf 82' lang='lat' dir='ltr'><strong>ltalia</strong></span> <span class='ocrx_word' id='word_1_54' title='bbox 1369 2226 1590 2277; x_wconf 87' lang='lat' dir='ltr'><strong>renasceren-</strong></span> 
     </span>
     <span class='ocr_line' id='line_1_8' title="bbox 289 2328 1591 2416; baseline -0.002 -18"><span class='ocrx_word' id='word_1_55' title='bbox 289 2334 358 2416; x_wconf 86' lang='lat' dir='ltr'><strong>tur,</strong></span> <span class='ocrx_word' id='word_1_56' title='bbox 386 2333 420 2396; x_wconf 92' lang='lat' dir='ltr'><strong>tn</strong></span> <span class='ocrx_word' id='word_1_57' title='bbox 447 2330 572 2398; x_wconf 82' lang='lat' dir='ltr'><strong>sebolis</strong></span> <span class='ocrx_word' id='word_1_58' title='bbox 602 2331 744 2398; x_wconf 88' lang='lat' dir='ltr'><strong>lectitari</strong></span> <span class='ocrx_word' id='word_1_59' title='bbox 773 2330 817 2396; x_wconf 94' lang='lat' dir='ltr'><strong>ob</strong></span> <span class='ocrx_word' id='word_1_60' title='bbox 844 2348 979 2416; x_wconf 87' lang='lat' dir='ltr'><strong>eamque</strong></span> <span class='ocrx_word' id='word_1_61' title='bbox 1007 2347 1141 2398; x_wconf 70' lang='lat' dir='ltr'><strong>cauum</strong></span> <span class='ocrx_word' id='word_1_62' title='bbox 1173 2349 1275 2415; x_wconf 86' lang='lat' dir='ltr'><strong>saepe</strong></span> <span class='ocrx_word' id='word_1_63' title='bbox 1304 2328 1446 2397; x_wconf 79' lang='lat' dir='ltr'><strong>describi</strong></span> <span class='ocrx_word' id='word_1_64' title='bbox 1472 2331 1591 2396; x_wconf 90' lang='lat' dir='ltr'><strong>solitae</strong></span> 
     </span>
     <span class='ocr_line' id='line_1_9' title="bbox 288 2445 1591 2540; baseline 0 -22"><span class='ocrx_word' id='word_1_65' title='bbox 288 2445 419 2540; x_wconf 86' lang='lat' dir='ltr'><strong>essent,</strong></span> <span class='ocrx_word' id='word_1_66' title='bbox 447 2454 509 2518; x_wconf 86' lang='lat' dir='ltr'><strong>lam</strong></span> <span class='ocrx_word' id='word_1_67' title='bbox 536 2449 659 2537; x_wconf 82' lang='lat' dir='ltr'><strong>pridem</strong></span> <span class='ocrx_word' id='word_1_68' title='bbox 680 2452 790 2516; x_wconf 89' lang='lat' dir='ltr'><strong>multls</strong></span> <span class='ocrx_word' id='word_1_69' title='bbox 810 2452 1119 2536; x_wconf 68' lang='lat' dir='ltr'><strong>interpolationibus</strong></span> <span class='ocrx_word' id='word_1_70' title='bbox 1141 2455 1175 2519; x_wconf 90' lang='lat' dir='ltr'><strong>et</strong></span> <span class='ocrx_word' id='word_1_71' title='bbox 1196 2454 1310 2538; x_wconf 80' lang='lat' dir='ltr'><strong>provio</strong></span> <span class='ocrx_word' id='word_1_72' title='bbox 1330 2452 1591 2520; x_wconf 72' lang='lat' dir='ltr'><strong>correctionibus</strong></span> 
     </span>
     <span class='ocr_line' id='line_1_10' title="bbox 287 2572 1590 2662; baseline -0.002 -23"><span class='ocrx_word' id='word_1_73' title='bbox 287 2572 414 2639; x_wconf 86' lang='lat' dir='ltr'><strong>ioedari</strong></span> <span class='ocrx_word' id='word_1_74' title='bbox 436 2576 692 2659; x_wconf 68' lang='lat' dir='ltr'><strong>cooptassint,</strong></span> <span class='ocrx_word' id='word_1_75' title='bbox 716 2572 750 2640; x_wconf 92' lang='lat' dir='ltr'><strong>td</strong></span> <span class='ocrx_word' id='word_1_76' title='bbox 771 2572 859 2660; x_wconf 86' lang='lat' dir='ltr'><strong>quod</strong></span> <span class='ocrx_word' id='word_1_77' title='bbox 879 2578 979 2640; x_wconf 84' lang='lat' dir='ltr'><strong>antea</strong></span> <span class='ocrx_word' id='word_1_78' title='bbox 1001 2575 1105 2662; x_wconf 82' lang='lat' dir='ltr'><strong>magis</strong></span> <span class='ocrx_word' id='word_1_79' title='bbox 1126 2572 1267 2640; x_wconf 84' lang='lat' dir='ltr'><strong>divinari</strong></span> <span class='ocrx_word' id='word_1_80' title='bbox 1289 2590 1384 2659; x_wconf 79' lang='lat' dir='ltr'><strong>quom</strong></span> <span class='ocrx_word' id='word_1_81' title='bbox 1404 2575 1489 2641; x_wconf 80' lang='lat' dir='ltr'><strong>satis</strong></span> <span class='ocrx_word' id='word_1_82' title='bbox 1510 2591 1590 2660; x_wconf 90' lang='lat' dir='ltr'><strong>pcr-</strong></span> 
     </span>
     <span class='ocr_line' id='line_1_11' title="bbox 285 2693 1651 2785; baseline 0.001 -24"><span class='ocrx_word' id='word_1_83' title='bbox 285 2696 368 2779; x_wconf 87' lang='lat' dir='ltr'><strong>spicl</strong></span> <span class='ocrx_word' id='word_1_84' title='bbox 399 2697 543 2780; x_wconf 85' lang='lat' dir='ltr'><strong>poterat.</strong></span> <span class='ocrx_word' id='word_1_85' title='bbox 583 2694 679 2762; x_wconf 87' lang='lat' dir='ltr'><strong>Nunc</strong></span> <span class='ocrx_word' id='word_1_86' title='bbox 705 2714 801 2761; x_wconf 92' lang='lat' dir='ltr'><strong>nemo</strong></span> <span class='ocrx_word' id='word_1_87' title='bbox 829 2696 883 2780; x_wconf 82' lang='lat' dir='ltr'><strong>oui</strong></span> <span class='ocrx_word' id='word_1_88' title='bbox 911 2696 1072 2763; x_wconf 84' lang='lat' dir='ltr'><strong>lectiones</strong></span> <span class='ocrx_word' id='word_1_89' title='bbox 1100 2713 1144 2761; x_wconf 87' lang='lat' dir='ltr'><strong>ex</strong></span> <span class='ocrx_word' id='word_1_90' title='bbox 1165 2694 1386 2785; x_wconf 77' lang='lat' dir='ltr'><strong>quadraginta</strong></span> <span class='ocrx_word' id='word_1_91' title='bbox 1406 2693 1589 2778; x_wconf 74' lang='lat' dir='ltr'><strong>codicibus,</strong></span> <span class='ocrx_word' id='word_1_92' title='bbox 1646 2714 1651 2730; x_wconf 73' lang='lat'><strong><em>¹</em></strong></span> 
     </span>
     <span class='ocr_line' id='line_1_12' title="bbox 285 2809 1589 2902; baseline 0.001 -20"><span class='ocrx_word' id='word_1_93' title='bbox 285 2817 339 2902; x_wconf 80' lang='lat' dir='ltr'><strong>oui</strong></span> <span class='ocrx_word' id='word_1_94' title='bbox 360 2817 457 2883; x_wconf 84' lang='lat' dir='ltr'><strong>nobis</strong></span> <span class='ocrx_word' id='word_1_95' title='bbox 476 2817 512 2881; x_wconf 91' lang='lat' dir='ltr'><strong>ln</strong></span> <span class='ocrx_word' id='word_1_96' title='bbox 533 2817 748 2883; x_wconf 77' lang='lat' dir='ltr'><strong>recensendis</strong></span> <span class='ocrx_word' id='word_1_97' title='bbox 767 2816 819 2883; x_wconf 87' lang='lat' dir='ltr'><strong>his</strong></span> <span class='ocrx_word' id='word_1_98' title='bbox 839 2818 1044 2883; x_wconf 85' lang='lat' dir='ltr'><strong>orationibus</strong></span> <span class='ocrx_word' id='word_1_99' title='bbox 1062 2816 1106 2882; x_wconf 88' lang='lat' dir='ltr'><strong>ad</strong></span> <span class='ocrx_word' id='word_1_100' title='bbox 1124 2834 1238 2883; x_wconf 80' lang='lat' dir='ltr'><strong>manus</strong></span> <span class='ocrx_word' id='word_1_101' title='bbox 1253 2809 1365 2899; x_wconf 82' lang='lat' dir='ltr'><strong>eraut,</strong></span> <span class='ocrx_word' id='word_1_102' title='bbox 1387 2818 1589 2902; x_wconf 86' lang='lat' dir='ltr'><strong>perscrutari</strong></span> 
     </span>
     <span class='ocr_line' id='line_1_13' title="bbox 283 2937 1588 3026; baseline 0.002 -22"><span class='ocrx_word' id='word_1_103' title='bbox 283 2942 384 3025; x_wconf 82' lang='lat' dir='ltr'><strong>atquc</strong></span> <span class='ocrx_word' id='word_1_104' title='bbox 412 2938 602 3004; x_wconf 84' lang='lat' dir='ltr'><strong>examinare</strong></span> <span class='ocrx_word' id='word_1_105' title='bbox 628 2938 787 3022; x_wconf 88' lang='lat' dir='ltr'><strong>voluerit,</strong></span> <span class='ocrx_word' id='word_1_106' title='bbox 812 2938 952 3024; x_wconf 87' lang='lat' dir='ltr'><strong>amplius</strong></span> <span class='ocrx_word' id='word_1_107' title='bbox 979 2937 1156 3026; x_wconf 77' lang='lat' dir='ltr'><strong>dubitabit,</strong></span> <span class='ocrx_word' id='word_1_108' title='bbox 1184 2939 1261 3024; x_wconf 87' lang='lat' dir='ltr'><strong>quin</strong></span> <span class='ocrx_word' id='word_1_109' title='bbox 1281 2937 1345 3006; x_wconf 88' lang='lat' dir='ltr'><strong>bae</strong></span> <span class='ocrx_word' id='word_1_110' title='bbox 1366 2941 1534 3005; x_wconf 84' lang='lat' dir='ltr'><strong>orationes</strong></span> <span class='ocrx_word' id='word_1_111' title='bbox 1554 2941 1588 3006; x_wconf 92' lang='lat' dir='ltr'><strong>in</strong></span> 
     </span>
     <span class='ocr_line' id='line_1_14' title="bbox 284 3058 1587 3145; baseline 0 -20"><span class='ocrx_word' id='word_1_112' title='bbox 284 3060 375 3126; x_wconf 89' lang='lat' dir='ltr'><strong>libris</strong></span> <span class='ocrx_word' id='word_1_113' title='bbox 405 3076 502 3125; x_wconf 83' lang='lat' dir='ltr'><strong>manu</strong></span> <span class='ocrx_word' id='word_1_114' title='bbox 537 3058 673 3144; x_wconf 89' lang='lat' dir='ltr'><strong>scriptis</strong></span> <span class='ocrx_word' id='word_1_115' title='bbox 704 3060 815 3125; x_wconf 89' lang='lat' dir='ltr'><strong>multis</strong></span> <span class='ocrx_word' id='word_1_116' title='bbox 846 3060 937 3126; x_wconf 89' lang='lat' dir='ltr'><strong>vitiis</strong></span> <span class='ocrx_word' id='word_1_117' title='bbox 975 3061 1164 3145; x_wconf 76' lang='lat' dir='ltr'><strong>inquinatae</strong></span> <span class='ocrx_word' id='word_1_118' title='bbox 1195 3060 1239 3126; x_wconf 94' lang='lat' dir='ltr'><strong>ad</strong></span> <span class='ocrx_word' id='word_1_119' title='bbox 1270 3062 1416 3126; x_wconf 85' lang='lat' dir='ltr'><strong>nostram</strong></span> <span class='ocrx_word' id='word_1_120' title='bbox 1445 3062 1587 3127; x_wconf 73' lang='lat' dir='ltr'><strong>aetate·</strong></span> 
     </span>
     <span class='ocr_line' id='line_1_15' title="bbox 284 3178 1588 3272; baseline 0 -24"><span class='ocrx_word' id='word_1_121' title='bbox 284 3182 514 3268; x_wconf 82' lang='lat' dir='ltr'><strong>pervenerint,</strong></span> <span class='ocrx_word' id='word_1_122' title='bbox 533 3178 594 3247; x_wconf 88' lang='lat' dir='ltr'><strong>sed</strong></span> <span class='ocrx_word' id='word_1_123' title='bbox 617 3182 665 3245; x_wconf 85' lang='lat' dir='ltr'><strong>ita</strong></span> <span class='ocrx_word' id='word_1_124' title='bbox 686 3185 722 3246; x_wconf 89' lang='lat' dir='ltr'><strong>ut</strong></span> <span class='ocrx_word' id='word_1_125' title='bbox 743 3181 809 3246; x_wconf 88' lang='lat' dir='ltr'><strong>alta</strong></span> <span class='ocrx_word' id='word_1_126' title='bbox 829 3182 863 3244; x_wconf 90' lang='lat' dir='ltr'><strong>in</strong></span> <span class='ocrx_word' id='word_1_127' title='bbox 880 3181 955 3246; x_wconf 86' lang='lat' dir='ltr'><strong>allis</strong></span> <span class='ocrx_word' id='word_1_128' title='bbox 971 3182 1104 3249; x_wconf 81' lang='lat' dir='ltr'><strong>familiis</strong></span> <span class='ocrx_word' id='word_1_129' title='bbox 1117 3181 1305 3249; x_wconf 86' lang='lat' dir='ltr'><strong>mendorum</strong></span> <span class='ocrx_word' id='word_1_130' title='bbox 1323 3197 1451 3272; x_wconf 77' lang='lat' dir='ltr'><strong>genero</strong></span> <span class='ocrx_word' id='word_1_131' title='bbox 1464 3179 1588 3268; x_wconf 90' lang='lat' dir='ltr'><strong>depre-</strong></span> 
     </span>
     <span class='ocr_line' id='line_1_16' title="bbox 283 3300 1588 3391; baseline -0.003 -21"><span class='ocrx_word' id='word_1_132' title='bbox 283 3300 477 3370; x_wconf 82' lang='lat' dir='ltr'><strong>hendantur·</strong></span> <span class='ocrx_word' id='word_1_133' title='bbox 512 3300 617 3368; x_wconf 86' lang='lat' dir='ltr'><strong>Nobis</strong></span> <span class='ocrx_word' id='word_1_134' title='bbox 637 3303 779 3391; x_wconf 78' lang='lat' dir='ltr'><strong>contigit</strong></span> <span class='ocrx_word' id='word_1_135' title='bbox 799 3306 836 3366; x_wconf 87' lang='lat' dir='ltr'><strong>ut</strong></span> <span class='ocrx_word' id='word_1_136' title='bbox 857 3304 999 3384; x_wconf 86' lang='lat' dir='ltr'><strong>optimae</strong></span> <span class='ocrx_word' id='word_1_137' title='bbox 1020 3303 1162 3370; x_wconf 80' lang='lat' dir='ltr'><strong>familiae</strong></span> <span class='ocrx_word' id='word_1_138' title='bbox 1181 3306 1308 3389; x_wconf 86' lang='lat' dir='ltr'><strong>septem</strong></span> <span class='ocrx_word' id='word_1_139' title='bbox 1322 3301 1457 3371; x_wconf 90' lang='lat' dir='ltr'><strong>codices</strong></span> <span class='ocrx_word' id='word_1_140' title='bbox 1470 3303 1588 3370; x_wconf 87' lang='lat' dir='ltr'><strong>nancl-</strong></span> 
     </span>
     <span class='ocr_line' id='line_1_17' title="bbox 283 3418 1587 3511; baseline -0.001 -19"><span class='ocrx_word' id='word_1_141' title='bbox 283 3441 463 3506; x_wconf 77' lang='lat' dir='ltr'><strong>scerenur,</strong></span> <span class='ocrx_word' id='word_1_142' title='bbox 490 3424 544 3509; x_wconf 85' lang='lat' dir='ltr'><strong>qui</strong></span> <span class='ocrx_word' id='word_1_143' title='bbox 571 3426 650 3490; x_wconf 86' lang='lat' dir='ltr'><strong>aunt</strong></span> <span class='ocrx_word' id='word_1_144' title='bbox 669 3419 937 3511; x_wconf 73' lang='lat' dir='ltr'><strong>salisburgensis</strong></span> <span class='ocrx_word' id='word_1_145' title='bbox 959 3418 1011 3491; x_wconf 84' lang='lat' dir='ltr'><strong>St.</strong></span> <span class='ocrx_word' id='word_1_146' title='bbox 1028 3423 1136 3508; x_wconf 85' lang='lat' dir='ltr'><strong>Patri,</strong></span> <span class='ocrx_word' id='word_1_147' title='bbox 1156 3423 1504 3510; x_wconf 72' lang='lat' dir='ltr'><strong>benedictoburanus,</strong></span> <span class='ocrx_word' id='word_1_148' title='bbox 1524 3425 1587 3491; x_wconf 89' lang='lat' dir='ltr'><strong>In·</strong></span> 
     </span>
     <span class='ocr_line' id='line_1_18' title="bbox 283 3538 1587 3632; baseline -0.001 -20"><span class='ocrx_word' id='word_1_149' title='bbox 283 3544 526 3612; x_wconf 82' lang='lat' dir='ltr'><strong>dersdoriensis</strong></span> <span class='ocrx_word' id='word_1_150' title='bbox 538 3545 612 3611; x_wconf 85' lang='lat' dir='ltr'><strong>slve</strong></span> <span class='ocrx_word' id='word_1_151' title='bbox 626 3544 722 3612; x_wconf 87' lang='lat' dir='ltr'><strong>codd.</strong></span> <span class='ocrx_word' id='word_1_152' title='bbox 734 3544 959 3613; x_wconf 87' lang='lat' dir='ltr'><strong>Monacenses</strong></span> <span class='ocrx_word' id='word_1_153' title='bbox 971 3546 1047 3613; x_wconf 82' lang='lat' dir='ltr'><strong>Lat.</strong></span> <span class='ocrx_word' id='word_1_154' title='bbox 1064 3565 1148 3611; x_wconf 88' lang='lat' dir='ltr'><strong>num.</strong></span> <span class='ocrx_word' id='word_1_155' title='bbox 1163 3539 1308 3631; x_wconf 75' lang='lat' dir='ltr'><strong>tuest,</strong></span> <span class='ocrx_word' id='word_1_156' title='bbox 1328 3538 1447 3632; x_wconf 76' lang='lat'><strong>4611,</strong></span> <span class='ocrx_word' id='word_1_157' title='bbox 1469 3540 1587 3629; x_wconf 77' lang='lat'><strong>7809,</strong></span> 
     </span>
     <span class='ocr_line' id='line_1_19' title="bbox 283 3660 1585 3756; baseline -0.001 -21"><span class='ocrx_word' id='word_1_158' title='bbox 283 3671 316 3735; x_wconf 88' lang='lat' dir='ltr'><strong>et</strong></span> <span class='ocrx_word' id='word_1_159' title='bbox 337 3667 621 3755; x_wconf 72' lang='lat' dir='ltr'><strong>Lagomarsinianl</strong></span> <span class='ocrx_word' id='word_1_160' title='bbox 645 3669 816 3754; x_wconf 87' lang='lat' dir='ltr'><strong>quattuor,</strong></span> <span class='ocrx_word' id='word_1_161' title='bbox 837 3668 981 3735; x_wconf 88' lang='lat' dir='ltr'><strong>numeris</strong></span> <span class='ocrx_word' id='word_1_162' title='bbox 1002 3663 1067 3750; x_wconf 79' lang='lat'><strong>62,</strong></span> <span class='ocrx_word' id='word_1_163' title='bbox 1092 3664 1157 3750; x_wconf 87' lang='lat'><strong>10,</strong></span> <span class='ocrx_word' id='word_1_164' title='bbox 1180 3666 1244 3754; x_wconf 80' lang='lat' dir='ltr'><strong>tt,</strong></span> <span class='ocrx_word' id='word_1_165' title='bbox 1264 3660 1316 3734; x_wconf 68' lang='lat'><strong>⁶7</strong></span> <span class='ocrx_word' id='word_1_166' title='bbox 1338 3667 1479 3756; x_wconf 75' lang='lat' dir='ltr'><strong>signati,</strong></span> <span class='ocrx_word' id='word_1_167' title='bbox 1499 3686 1585 3754; x_wconf 86' lang='lat' dir='ltr'><strong>quo-</strong></span> 
     </span>
     <span class='ocr_line' id='line_1_20' title="bbox 281 3783 1587 3874; baseline 0 -20"><span class='ocrx_word' id='word_1_168' title='bbox 281 3809 351 3855; x_wconf 74' lang='lat' dir='ltr'><strong>run</strong></span> <span class='ocrx_word' id='word_1_169' title='bbox 374 3792 482 3855; x_wconf 87' lang='lat' dir='ltr'><strong>tamen</strong></span> <span class='ocrx_word' id='word_1_170' title='bbox 503 3792 573 3855; x_wconf 88' lang='lat' dir='ltr'><strong>tres</strong></span> <span class='ocrx_word' id='word_1_171' title='bbox 597 3791 800 3874; x_wconf 83' lang='lat' dir='ltr'><strong>posteriores</strong></span> <span class='ocrx_word' id='word_1_172' title='bbox 820 3792 883 3856; x_wconf 89' lang='lat' dir='ltr'><strong>iam</strong></span> <span class='ocrx_word' id='word_1_173' title='bbox 905 3790 1025 3856; x_wconf 89' lang='lat' dir='ltr'><strong>multas</strong></span> <span class='ocrx_word' id='word_1_174' title='bbox 1045 3789 1320 3874; x_wconf 83' lang='lat' dir='ltr'><strong>interpolationes</strong></span> <span class='ocrx_word' id='word_1_175' title='bbox 1340 3788 1472 3858; x_wconf 83' lang='lat' dir='ltr'><strong>babent.</strong></span> <span class='ocrx_word' id='word_1_176' title='bbox 1514 3783 1587 3856; x_wconf 85' lang='lat' dir='ltr'><strong>Sed</strong></span> 
     </span>
     <span class='ocr_line' id='line_1_21' title="bbox 282 3908 1586 4000; baseline 0.002 -26"><span class='ocrx_word' id='word_1_177' title='bbox 282 3913 315 3976; x_wconf 91' lang='lat' dir='ltr'><strong>in</strong></span> <span class='ocrx_word' id='word_1_178' title='bbox 337 3910 465 4000; x_wconf 77' lang='lat' dir='ltr'><strong>ingenti</strong></span> <span class='ocrx_word' id='word_1_179' title='bbox 487 3910 662 3977; x_wconf 86' lang='lat' dir='ltr'><strong>lectionum</strong></span> <span class='ocrx_word' id='word_1_180' title='bbox 681 3912 845 3977; x_wconf 86' lang='lat' dir='ltr'><strong>variarum</strong></span> <span class='ocrx_word' id='word_1_181' title='bbox 867 3913 964 3997; x_wconf 91' lang='lat' dir='ltr'><strong>eopia</strong></span> <span class='ocrx_word' id='word_1_182' title='bbox 985 3914 1176 3996; x_wconf 78' lang='lat' dir='ltr'><strong>magnisque</strong></span> <span class='ocrx_word' id='word_1_183' title='bbox 1198 3912 1433 3996; x_wconf 88' lang='lat' dir='ltr'><strong>scripturarum</strong></span> <span class='ocrx_word' id='word_1_184' title='bbox 1453 3908 1586 3979; x_wconf 74' lang='lat' dir='ltr'><strong>disem-</strong></span> 
     </span>
     <span class='ocr_line' id='line_1_22' title="bbox 283 4030 1586 4123; baseline -0.002 -25"><span class='ocrx_word' id='word_1_185' title='bbox 283 4033 405 4118; x_wconf 82' lang='lat' dir='ltr'><strong>psntlis</strong></span> <span class='ocrx_word' id='word_1_186' title='bbox 424 4050 493 4097; x_wconf 92' lang='lat' dir='ltr'><strong>non</strong></span> <span class='ocrx_word' id='word_1_187' title='bbox 513 4034 640 4098; x_wconf 89' lang='lat' dir='ltr'><strong>tantum</strong></span> <span class='ocrx_word' id='word_1_188' title='bbox 662 4033 757 4099; x_wconf 85' lang='lat' dir='ltr'><strong>nobis</strong></span> <span class='ocrx_word' id='word_1_189' title='bbox 778 4031 993 4123; x_wconf 80' lang='lat' dir='ltr'><strong>adnegamus,</strong></span> <span class='ocrx_word' id='word_1_190' title='bbox 1021 4036 1057 4097; x_wconf 92' lang='lat' dir='ltr'><strong>ut</strong></span> <span class='ocrx_word' id='word_1_191' title='bbox 1077 4034 1197 4118; x_wconf 87' lang='lat' dir='ltr'><strong>ubique</strong></span> <span class='ocrx_word' id='word_1_192' title='bbox 1218 4049 1332 4097; x_wconf 85' lang='lat' dir='ltr'><strong>verum</strong></span> <span class='ocrx_word' id='word_1_193' title='bbox 1354 4030 1480 4098; x_wconf 83' lang='lat' dir='ltr'><strong>vidisse</strong></span> <span class='ocrx_word' id='word_1_194' title='bbox 1499 4049 1586 4100; x_wconf 91' lang='lat' dir='ltr'><strong>con-</strong></span> 
     </span>
     <span class='ocr_line' id='line_1_23' title="bbox 282 4150 1587 4239; baseline -0.002 -20"><span class='ocrx_word' id='word_1_195' title='bbox 282 4151 470 4237; x_wconf 81' lang='lat' dir='ltr'><strong>tendamns3</strong></span> <span class='ocrx_word' id='word_1_196' title='bbox 502 4150 582 4216; x_wconf 90' lang='lat' dir='ltr'><strong>illud</strong></span> <span class='ocrx_word' id='word_1_197' title='bbox 623 4156 731 4218; x_wconf 87' lang='lat' dir='ltr'><strong>tamen</strong></span> <span class='ocrx_word' id='word_1_198' title='bbox 764 4172 824 4238; x_wconf 92' lang='lat' dir='ltr'><strong>pro</strong></span> <span class='ocrx_word' id='word_1_199' title='bbox 857 4158 951 4222; x_wconf 88' lang='lat' dir='ltr'><strong>certo</strong></span> <span class='ocrx_word' id='word_1_200' title='bbox 984 4153 1147 4220; x_wconf 80' lang='lat' dir='ltr'><strong>affirmare</strong></span> <span class='ocrx_word' id='word_1_201' title='bbox 1179 4170 1278 4239; x_wconf 86' lang='lat' dir='ltr'><strong>posse</strong></span> <span class='ocrx_word' id='word_1_202' title='bbox 1310 4153 1407 4220; x_wconf 88' lang='lat' dir='ltr'><strong>nobis</strong></span> <span class='ocrx_word' id='word_1_203' title='bbox 1438 4150 1587 4220; x_wconf 86' lang='lat' dir='ltr'><strong>videmur</strong></span> 
     </span>
     <span class='ocr_line' id='line_1_24' title="bbox 283 4274 1586 4358; baseline 0.001 -19"><span class='ocrx_word' id='word_1_204' title='bbox 283 4274 453 4340; x_wconf 84' lang='lat' dir='ltr'><strong>multorum</strong></span> <span class='ocrx_word' id='word_1_205' title='bbox 473 4274 620 4339; x_wconf 90' lang='lat' dir='ltr'><strong>locorum</strong></span> <span class='ocrx_word' id='word_1_206' title='bbox 642 4275 836 4358; x_wconf 83' lang='lat' dir='ltr'><strong>scripturam</strong></span> <span class='ocrx_word' id='word_1_207' title='bbox 858 4278 892 4340; x_wconf 90' lang='lat' dir='ltr'><strong>in</strong></span> <span class='ocrx_word' id='word_1_208' title='bbox 912 4275 966 4346; x_wconf 84' lang='lat' dir='ltr'><strong>bis</strong></span> <span class='ocrx_word' id='word_1_209' title='bbox 987 4276 1191 4342; x_wconf 88' lang='lat' dir='ltr'><strong>orationibus</strong></span> <span class='ocrx_word' id='word_1_210' title='bbox 1211 4276 1336 4342; x_wconf 88' lang='lat' dir='ltr'><strong>rectius</strong></span> <span class='ocrx_word' id='word_1_211' title='bbox 1349 4293 1371 4341; x_wconf 90' lang='lat' dir='ltr'><strong>a</strong></span> <span class='ocrx_word' id='word_1_212' title='bbox 1383 4275 1481 4341; x_wconf 90' lang='lat' dir='ltr'><strong>nobis</strong></span> <span class='ocrx_word' id='word_1_213' title='bbox 1501 4291 1586 4342; x_wconf 88' lang='lat' dir='ltr'><strong>con-</strong></span> 
     </span>
     <span class='ocr_line' id='line_1_25' title="bbox 282 4393 1586 4483; baseline -0.002 -20"><span class='ocrx_word' id='word_1_214' title='bbox 282 4397 429 4463; x_wconf 86' lang='lat' dir='ltr'><strong>stitutam</strong></span> <span class='ocrx_word' id='word_1_215' title='bbox 457 4413 542 4461; x_wconf 86' lang='lat' dir='ltr'><strong>esse.</strong></span> <span class='ocrx_word' id='word_1_216' title='bbox 584 4393 680 4478; x_wconf 76' lang='lat' dir='ltr'><strong>Quod</strong></span> <span class='ocrx_word' id='word_1_217' title='bbox 709 4414 752 4464; x_wconf 91' lang='lat' dir='ltr'><strong>ne</strong></span> <span class='ocrx_word' id='word_1_218' title='bbox 781 4399 940 4483; x_wconf 85' lang='lat' dir='ltr'><strong>exemplis</strong></span> <span class='ocrx_word' id='word_1_219' title='bbox 961 4396 1240 4479; x_wconf 77' lang='lat' dir='ltr'><strong>confirmaremus,</strong></span> <span class='ocrx_word' id='word_1_220' title='bbox 1267 4398 1367 4463; x_wconf 90' lang='lat' dir='ltr'><strong>otium</strong></span> <span class='ocrx_word' id='word_1_221' title='bbox 1389 4396 1484 4463; x_wconf 87' lang='lat' dir='ltr'><strong>nobis</strong></span> <span class='ocrx_word' id='word_1_222' title='bbox 1504 4397 1586 4464; x_wconf 81' lang='lat' dir='ltr'><strong>iecit</strong></span> 
     </span>
     <span class='ocr_line' id='line_1_26' title="bbox 282 4494 1586 4604; baseline -0.004 -19"><span class='ocrx_word' id='word_1_223' title='bbox 282 4517 318 4585; x_wconf 81' lang='lat' dir='ltr'><strong>C.</strong></span> <span class='ocrx_word' id='word_1_224' title='bbox 337 4517 377 4584; x_wconf 74' lang='lat' dir='ltr'><strong>Ia</strong></span> <span class='ocrx_word' id='word_1_225' title='bbox 391 4494 550 4604; x_wconf 65' lang='lat' dir='ltr'><strong>dayam</strong></span> <span class='ocrx_word' id='word_1_226' title='bbox 570 4515 750 4602; x_wconf 86' lang='lat' dir='ltr'><strong>industria,</strong></span> <span class='ocrx_word' id='word_1_227' title='bbox 772 4519 826 4604; x_wconf 86' lang='lat' dir='ltr'><strong>qui</strong></span> <span class='ocrx_word' id='word_1_228' title='bbox 848 4519 882 4583; x_wconf 92' lang='lat' dir='ltr'><strong>in</strong></span> <span class='ocrx_word' id='word_1_229' title='bbox 903 4536 1044 4587; x_wconf 91' lang='lat' dir='ltr'><strong>censura</strong></span> <span class='ocrx_word' id='word_1_230' title='bbox 1066 4517 1185 4600; x_wconf 89' lang='lat' dir='ltr'><strong>prioris</strong></span> <span class='ocrx_word' id='word_1_231' title='bbox 1205 4519 1283 4583; x_wconf 87' lang='lat' dir='ltr'><strong>tomi</strong></span> <span class='ocrx_word' id='word_1_232' title='bbox 1305 4519 1441 4583; x_wconf 86' lang='lat' dir='ltr'><strong>nostrae</strong></span> <span class='ocrx_word' id='word_1_233' title='bbox 1463 4516 1586 4584; x_wconf 90' lang='lat' dir='ltr'><strong>editio-</strong></span> 
     </span>
     <span class='ocr_line' id='line_1_27' title="bbox 282 4631 1586 4730; baseline -0.002 -24"><span class='ocrx_word' id='word_1_234' title='bbox 282 4639 334 4706; x_wconf 88' lang='lat' dir='ltr'><strong>nis</strong></span> <span class='ocrx_word' id='word_1_235' title='bbox 354 4637 403 4712; x_wconf 86' lang='lat' dir='ltr'><strong>(v.</strong></span> <span class='ocrx_word' id='word_1_236' title='bbox 415 4631 612 4706; x_wconf 62' lang='lat' dir='ltr'><strong>momatur</strong></span> <span class='ocrx_word' id='word_1_237' title='bbox 631 4637 783 4727; x_wconf 79' lang='lat' dir='ltr'><strong>pelcbrtc</strong></span> <span class='ocrx_word' id='word_1_238' title='bbox 803 4635 983 4728; x_wconf 62' lang='lat' dir='ltr'><strong>Armenes</strong></span> <span class='ocrx_word' id='word_1_239' title='bbox 1006 4636 1126 4710; x_wconf 73' lang='lat' dir='ltr'><strong>leet)</strong></span> <span class='ocrx_word' id='word_1_240' title='bbox 1148 4656 1232 4724; x_wconf 84' lang='lat' dir='ltr'><strong>quae</strong></span> <span class='ocrx_word' id='word_1_241' title='bbox 1255 4656 1314 4724; x_wconf 85' lang='lat' dir='ltr'><strong>per</strong></span> <span class='ocrx_word' id='word_1_242' title='bbox 1337 4639 1470 4730; x_wconf 73' lang='lat' dir='ltr'><strong>singula</strong></span> <span class='ocrx_word' id='word_1_243' title='bbox 1490 4658 1586 4706; x_wconf 90' lang='lat' dir='ltr'><strong>men-</strong></span> 
     </span>
     <span class='ocr_line' id='line_1_28' title="bbox 282 4759 1585 4848; baseline -0.001 -22"><span class='ocrx_word' id='word_1_244' title='bbox 282 4760 395 4826; x_wconf 81' lang='lat' dir='ltr'><strong>dorum</strong></span> <span class='ocrx_word' id='word_1_245' title='bbox 420 4777 546 4848; x_wconf 73' lang='lat' dir='ltr'><strong>genera</strong></span> <span class='ocrx_word' id='word_1_246' title='bbox 574 4765 726 4827; x_wconf 85' lang='lat' dir='ltr'><strong>correcta</strong></span> <span class='ocrx_word' id='word_1_247' title='bbox 751 4764 846 4847; x_wconf 90' lang='lat' dir='ltr'><strong>sunt,</strong></span> <span class='ocrx_word' id='word_1_248' title='bbox 873 4761 934 4829; x_wconf 81' lang='lat' dir='ltr'><strong>aab</strong></span> <span class='ocrx_word' id='word_1_249' title='bbox 962 4779 1059 4827; x_wconf 90' lang='lat' dir='ltr'><strong>unum</strong></span> <span class='ocrx_word' id='word_1_250' title='bbox 1080 4762 1294 4845; x_wconf 87' lang='lat' dir='ltr'><strong>conspectum</strong></span> <span class='ocrx_word' id='word_1_251' title='bbox 1314 4759 1485 4827; x_wconf 89' lang='lat' dir='ltr'><strong>admodum</strong></span> <span class='ocrx_word' id='word_1_252' title='bbox 1507 4760 1585 4826; x_wconf 89' lang='lat' dir='ltr'><strong>dili-</strong></span> 
     </span>
     <span class='ocr_line' id='line_1_29' title="bbox 280 4882 569 4971; baseline -0.021 -21"><span class='ocrx_word' id='word_1_253' title='bbox 280 4887 401 4971; x_wconf 78' lang='lat' dir='ltr'><strong>genter</strong></span> <span class='ocrx_word' id='word_1_254' title='bbox 424 4882 569 4948; x_wconf 89' lang='lat' dir='ltr'><strong>vucavit.</strong></span> 
     </span>
    </p>
   </div>
   <div class='ocr_carea' id='block_1_3' title="bbox 281 5122 1589 5822">
    <p class='ocr_par' dir='ltr' id='par_1_3' title="bbox 281 5122 1589 5822">
     <span class='ocr_line' id='line_1_30' title="bbox 365 5122 1583 5214; baseline -0.002 -21"><span class='ocrx_word' id='word_1_255' title='bbox 365 5122 535 5194; x_wconf 80' lang='lat' dir='ltr'><strong>Orationis</strong></span> <span class='ocrx_word' id='word_1_256' title='bbox 561 5142 634 5210; x_wconf 88' lang='lat' dir='ltr'><strong>pro</strong></span> <span class='ocrx_word' id='word_1_257' title='bbox 654 5122 847 5207; x_wconf 86' lang='lat' dir='ltr'><strong>Murena,</strong></span> <span class='ocrx_word' id='word_1_258' title='bbox 878 5123 971 5190; x_wconf 88' lang='lat' dir='ltr'><strong>cuius</strong></span> <span class='ocrx_word' id='word_1_259' title='bbox 999 5125 1060 5188; x_wconf 90' lang='lat' dir='ltr'><strong>iam</strong></span> <span class='ocrx_word' id='word_1_260' title='bbox 1089 5142 1190 5209; x_wconf 89' lang='lat' dir='ltr'><strong>supra</strong></span> <span class='ocrx_word' id='word_1_261' title='bbox 1212 5140 1289 5214; x_wconf 76' lang='lat' dir='ltr'><strong>pag.</strong></span> <span class='ocrx_word' id='word_1_262' title='bbox 1309 5123 1365 5191; x_wconf 95' lang='lat' dir='ltr'><strong>lll</strong></span> <span class='ocrx_word' id='word_1_263' title='bbox 1388 5124 1583 5191; x_wconf 82' lang='lat' dir='ltr'><strong>mentionem</strong></span> 
     </span>
     <span class='ocr_line' id='line_1_31' title="bbox 282 5242 1585 5330; baseline -0.002 -17"><span class='ocrx_word' id='word_1_264' title='bbox 282 5247 436 5330; x_wconf 83' lang='lat' dir='ltr'><strong>lecimus,</strong></span> <span class='ocrx_word' id='word_1_265' title='bbox 456 5243 589 5313; x_wconf 87' lang='lat' dir='ltr'><strong>codices</strong></span> <span class='ocrx_word' id='word_1_266' title='bbox 608 5244 742 5312; x_wconf 86' lang='lat' dir='ltr'><strong>saeculo</strong></span> <span class='ocrx_word' id='word_1_267' title='bbox 757 5242 824 5311; x_wconf 85' lang='lat' dir='ltr'><strong>XV</strong></span> <span class='ocrx_word' id='word_1_268' title='bbox 842 5245 1043 5310; x_wconf 87' lang='lat' dir='ltr'><strong>vetustiores</strong></span> <span class='ocrx_word' id='word_1_269' title='bbox 1064 5246 1144 5310; x_wconf 93' lang='lat' dir='ltr'><strong>nulll</strong></span> <span class='ocrx_word' id='word_1_270' title='bbox 1158 5243 1314 5311; x_wconf 87' lang='lat' dir='ltr'><strong>videntur</strong></span> <span class='ocrx_word' id='word_1_271' title='bbox 1327 5247 1471 5313; x_wconf 81' lang='lat' dir='ltr'><strong>exstare.</strong></span> <span class='ocrx_word' id='word_1_272' title='bbox 1500 5244 1585 5313; x_wconf 88' lang='lat' dir='ltr'><strong>Post</strong></span> 
     </span>
     <span class='ocr_line' id='line_1_32' title="bbox 281 5364 1581 5454; baseline 0 -18"><span class='ocrx_word' id='word_1_273' title='bbox 281 5364 544 5454; x_wconf 80' lang='lat' dir='ltr'><strong>Steinmetaium,</strong></span> <span class='ocrx_word' id='word_1_274' title='bbox 572 5370 627 5452; x_wconf 84' lang='lat' dir='ltr'><strong>qul</strong></span> <span class='ocrx_word' id='word_1_275' title='bbox 646 5367 795 5453; x_wconf 75' lang='lat' dir='ltr'><strong>¹quinque</strong></span> <span class='ocrx_word' id='word_1_276' title='bbox 820 5365 991 5432; x_wconf 84' lang='lat' dir='ltr'><strong>Parisinus</strong></span> <span class='ocrx_word' id='word_1_277' title='bbox 1017 5369 1051 5431; x_wconf 90' lang='lat' dir='ltr'><strong>ct</strong></span> <span class='ocrx_word' id='word_1_278' title='bbox 1073 5364 1156 5432; x_wconf 89' lang='lat' dir='ltr'><strong>duos</strong></span> <span class='ocrx_word' id='word_1_279' title='bbox 1175 5366 1402 5434; x_wconf 86' lang='lat' dir='ltr'><strong>Monacenses</strong></span> <span class='ocrx_word' id='word_1_280' title='bbox 1422 5368 1581 5447; x_wconf 83' lang='lat' dir='ltr'><strong>excussit,</strong></span> 
     </span>
     <span class='ocr_line' id='line_1_33' title="bbox 281 5487 1587 5574; baseline -0.002 -18"><span class='ocrx_word' id='word_1_281' title='bbox 281 5487 343 5556; x_wconf 88' lang='lat' dir='ltr'><strong>sed</strong></span> <span class='ocrx_word' id='word_1_282' title='bbox 362 5508 423 5557; x_wconf 88' lang='lat' dir='ltr'><strong>suo</strong></span> <span class='ocrx_word' id='word_1_283' title='bbox 445 5507 535 5556; x_wconf 84' lang='lat' dir='ltr'><strong>more</strong></span> <span class='ocrx_word' id='word_1_284' title='bbox 555 5508 621 5556; x_wconf 93' lang='lat' dir='ltr'><strong>non</strong></span> <span class='ocrx_word' id='word_1_285' title='bbox 637 5506 750 5555; x_wconf 85' lang='lat' dir='ltr'><strong>amnes</strong></span> <span class='ocrx_word' id='word_1_286' title='bbox 771 5489 948 5574; x_wconf 88' lang='lat' dir='ltr'><strong>lectiones,</strong></span> <span class='ocrx_word' id='word_1_287' title='bbox 970 5506 1052 5574; x_wconf 81' lang='lat' dir='ltr'><strong>qaas</strong></span> <span class='ocrx_word' id='word_1_288' title='bbox 1073 5489 1107 5552; x_wconf 91' lang='lat' dir='ltr'><strong>in</strong></span> <span class='ocrx_word' id='word_1_289' title='bbox 1128 5489 1198 5554; x_wconf 87' lang='lat' dir='ltr'><strong>suis</strong></span> <span class='ocrx_word' id='word_1_290' title='bbox 1210 5487 1381 5556; x_wconf 88' lang='lat' dir='ltr'><strong>codicibus</strong></span> <span class='ocrx_word' id='word_1_291' title='bbox 1400 5489 1587 5572; x_wconf 85' lang='lat' dir='ltr'><strong>invenerat,</strong></span> 
     </span>
     <span class='ocr_line' id='line_1_34' title="bbox 281 5608 1588 5698; baseline -0.001 -21"><span class='ocrx_word' id='word_1_292' title='bbox 281 5613 316 5677; x_wconf 90' lang='lat' dir='ltr'><strong>in</strong></span> <span class='ocrx_word' id='word_1_293' title='bbox 344 5612 608 5678; x_wconf 78' lang='lat' dir='ltr'><strong>commentarium</strong></span> <span class='ocrx_word' id='word_1_294' title='bbox 636 5611 783 5678; x_wconf 88' lang='lat' dir='ltr'><strong>criticum</strong></span> <span class='ocrx_word' id='word_1_295' title='bbox 811 5610 958 5693; x_wconf 86' lang='lat' dir='ltr'><strong>rettulit,</strong></span> <span class='ocrx_word' id='word_1_296' title='bbox 991 5628 1053 5675; x_wconf 90' lang='lat' dir='ltr'><strong>uos</strong></span> <span class='ocrx_word' id='word_1_297' title='bbox 1080 5610 1185 5676; x_wconf 85' lang='lat' dir='ltr'><strong>tribus</strong></span> <span class='ocrx_word' id='word_1_298' title='bbox 1212 5608 1383 5678; x_wconf 89' lang='lat' dir='ltr'><strong>codicibus</strong></span> <span class='ocrx_word' id='word_1_299' title='bbox 1410 5609 1588 5698; x_wconf 79' lang='lat' dir='ltr'><strong>diligenter</strong></span> 
     </span>
     <span class='ocr_line' id='line_1_35' title="bbox 283 5729 1589 5822; baseline -0.005 -23"><span class='ocrx_word' id='word_1_300' title='bbox 283 5732 414 5799; x_wconf 80' lang='lat' dir='ltr'><strong>collatis</strong></span> <span class='ocrx_word' id='word_1_301' title='bbox 442 5733 493 5798; x_wconf 90' lang='lat' dir='ltr'><strong>usi</strong></span> <span class='ocrx_word' id='word_1_302' title='bbox 519 5751 646 5820; x_wconf 87' lang='lat' dir='ltr'><strong>sumus,</strong></span> <span class='ocrx_word' id='word_1_303' title='bbox 674 5732 856 5817; x_wconf 84' lang='lat' dir='ltr'><strong>exquibus</strong></span> <span class='ocrx_word' id='word_1_304' title='bbox 886 5729 1175 5799; x_wconf 86' lang='lat' dir='ltr'><strong>llelmstadtiensls</strong></span> <span class='ocrx_word' id='word_1_305' title='bbox 1196 5749 1387 5817; x_wconf 73' lang='lat' dir='ltr'><strong>quamquam</strong></span> <span class='ocrx_word' id='word_1_306' title='bbox 1407 5733 1589 5822; x_wconf 73' lang='lat' dir='ltr'><strong>negligan-</strong></span> 
     </span>
    </p>
   </div>
   <div class='ocr_carea' id='block_1_4' title="bbox 0 0 1904 7350">
    <p class='ocr_par' dir='ltr' id='par_1_4' title="bbox 0 0 1904 7350">
     <span class='ocr_line' id='line_1_36' title="bbox 0 0 1904 7350; baseline 0 1"><span class='ocrx_word' id='word_1_307' title='bbox 0 0 1904 7350; x_wconf 95' lang='lat' dir='ltr'><strong> </strong></span> 
     </span>
    </p>
   </div>
  </div>
 </body>
</html>
