3800 7350
303 1183 386 1251 aaut
742 1182 894 1247 ORATIO
917 1179 1141 1244 PHILIPPICA
1163 1180 1187 1242 I.

385 1371 423 1406 ar.
438 1358 473 1417 X,
492 1355 506 1417 ς
525 1354 622 1403 8-40.
646 1354 712 1401 Cum
731 1367 745 1401 a
756 1366 772 1415 g
790 1350 963 1414 negligentias
981 1348 1068 1410 scripti
1087 1349 1114 1395 et
1131 1347 1215 1407 magis
1232 1346 1311 1394 attiati
1329 1346 1381 1394 sint
1397 1359 1478 1408 quam
1496 1346 1548 1403 bt.
1567 1344 1631 1394 inde

385 1445 400 1480 a
418 1430 484 1480 libro
502 1429 578 1477 tertio
595 1427 655 1475 viiie
673 1427 769 1476 trorum
787 1426 905 1490 propria,
925 1438 938 1473 a
958 1423 1054 1487 quibus
1070 1421 1088 1470 b
1107 1424 1134 1472 ct
1151 1424 1161 1470 t
1177 1418 1253 1470 liberi
1270 1422 1344 1479 sunt,
1364 1418 1490 1484 pleraque
1507 1422 1632 1485 praeter-

386 1503 513 1555 mittenda
531 1503 689 1566 putavimus.

306 1581 310 1591 '
343 1606 363 1624 =
386 1579 470 1629 codex
487 1576 590 1627 Italicus
608 1590 679 1627 saec.
692 1576 745 1635 XV,
764 1589 845 1638 quem
864 1574 1042 1637 Lagomarsini
1060 1574 1084 1621 in
1103 1571 1226 1621 manibus
1238 1568 1329 1620 habuit
1340 1573 1368 1620 et
1379 1582 1452 1619 num.
1464 1572 1496 1620 bt
1507 1571 1631 1633 signavit.

385 1658 459 1705 Nunc
476 1651 595 1717 possidet
611 1653 736 1701 Hernicus
747 1653 846 1701 Asnaus
859 1652 898 1698 sir
910 1648 1080 1706 clarissimus,
1099 1648 1144 1710 qui
1161 1660 1223 1696 eum
1236 1660 1268 1695 ex
1283 1644 1405 1694 Hibernia
1423 1646 1526 1696 Baitero
1538 1647 1632 1695 nostro
1694 1667 1701 1681 ·

387 1730 468 1789 misit,
487 1740 567 1792 quam
585 1727 708 1776 eximiam
725 1718 937 1774 benevolentiam
950 1725 1039 1773 animo
1057 1722 1205 1784 gratissimo
1224 1720 1328 1786 publice
1340 1720 1504 1783 profitemur.
1531 1723 1632 1771 Lectio-

385 1817 433 1853 nes
456 1802 555 1853 codicis
578 1802 767 1865 exscripsimus
789 1812 838 1862 per
860 1800 974 1861 primum
997 1796 1094 1847 librum
1117 1799 1144 1847 et
1165 1810 1214 1861 per
1236 1809 1282 1845 eas
1303 1794 1463 1860 reliquarum
1481 1797 1632 1847 orationum

386 1880 488 1941 partes,
507 1889 576 1940 quae
594 1879 638 1925 aut
654 1878 680 1925 in
698 1877 719 1923 V
736 1877 781 1923 aut
798 1876 824 1923 in
842 1875 863 1924 i)
882 1873 1075 1924 desiderantur.

343 1970 366 1987 =
386 1950 466 1999 editio
488 1950 615 2002 OreIIIana
639 1951 711 2001 ⁴826.
743 1952 841 1999 lterum
864 1947 1021 2012 Philippicas
1040 1945 1116 1998 Orelli
1134 1946 1215 1997 edidit
1232 1948 1318 1997 Tetrici
1336 1947 1411 2008 4827,
1435 1947 1542 1997 tertium
1558 1948 1579 1997 l.
1599 1949 1630 1997 11.

386 2030 413 2075 ct
429 2026 493 2076 lltV.
511 2027 537 2075 in
555 2025 717 2076 orationibus
734 2023 839 2075 selectis
857 2024 909 2073 XV.
934 2024 1019 2073 Turici
1036 2022 1109 2073 4836.

865 2231 1070 2241 -ι-ῄ-

773 2412 1156 2487 maneamus

923 2588 1014 2597 ----

389 2716 412 2774 l.
435 2708 465 2774 l.
487 2713 568 2774 bute
591 2708 748 2794 quamde
771 2729 805 2772 re
827 2709 972 2793 publiea,
1001 2716 1106 2792 patres
1129 2708 1314 2791 conscripti,
1344 2708 1444 2773 dicam
1467 2730 1520 2783 ea,
1546 2731 1630 2794 quae

305 2806 438 2870 dicenda
459 2805 519 2867 boc
542 2812 682 2885 ternpore
704 2802 854 2877 arbitror,
878 2822 1035 2885 exponam
1054 2802 1142 2866 vobis
1163 2802 1300 2865 breviter
1320 2804 1534 2867 consiliumet
1556 2825 1631 2887 pro·

302 2899 450 2964 iectionis
472 2905 503 2959 et
524 2896 716 2959 reversionis
738 2916 835 2959 meae.
873 2897 940 2978 Ego
963 2918 1033 2959 cum
1056 2916 1212 2980 sperarem
1234 2895 1406 2979 aliquando
1427 2898 1466 2960 ad
1489 2907 1629 2963 vestrum

304 2992 472 3057 consilinm
490 2990 773 3072 auctoritatemque
789 3009 854 3052 rem
870 2990 1026 3073 publicam
1043 3010 1112 3053 esse
1127 2998 1319 3065 revocatam,
1342 2991 1534 3053 manendum
1549 2992 1627 3055 mibi

279 3087 478 3150 astatuebam
502 3083 593 3166 quasi
616 3084 647 3145 in
663 3083 771 3165 vigilia
793 3083 930 3167 quadam
953 3085 1110 3147 consulari
1133 3104 1169 3146 ac
1191 3085 1357 3147 senatoria.
1393 3086 1458 3147 Nec
1479 3105 1555 3149 vero
1577 3106 1629 3148 us·

303 3201 399 3265 quam
423 3176 622 3242 discedebam
645 3196 704 3239 nec
726 3197 745 3238 a
767 3177 949 3259 republica
972 3176 1156 3241 deficiebam
1178 3178 1285 3241 oculbs
1308 3199 1348 3241 ex
1370 3199 1409 3241 eo
1433 3179 1493 3254 die,
1515 3200 1579 3262 quo
1594 3180 1627 3242 in

303 3274 414 3336 aedem
442 3271 579 3333 Telluris
611 3272 771 3334 convocati
795 3291 914 3334 sumus.
950 3272 984 3332 In
1009 3292 1072 3354 quo
1094 3270 1228 3353 templo,
1258 3272 1464 3354 quantumin
1487 3272 1629 3348 metuit,

303 3366 364 3430 ieci
386 3364 591 3428 fundamenta
613 3363 700 3448 pacis
714 3363 1020 3448 Atheniensiumque
1043 3367 1190 3427 renovavi
1207 3370 1296 3427 vetus
1311 3365 1510 3448 exemplum
1532 3366 1630 3429 Grae·

304 3480 375 3523 cum
406 3458 501 3521 etiam
529 3458 658 3520 verbum
689 3459 856 3541 usurpant,
886 3478 950 3540 quo
981 3466 1048 3521 tum
1070 3459 1103 3520 in
1125 3455 1273 3520 sedandis
1295 3457 1460 3521 discordiis
1482 3480 1540 3522 usa
1562 3470 1630 3522 erat

267 3554 415 3621 tociritas
436 3551 509 3625 illa,
536 3558 782 3633 atqueomnem
804 3552 989 3615 memoriam
1012 3550 1237 3615 discordiarum
1259 3550 1417 3614 oblivione
1438 3554 1629 3636 sempiterna

266 3668 270 3685 ¹
304 3643 471 3712 delendam
494 3644 613 3708 censui.
650 3641 680 3707 2.
704 3645 868 3709 Praeclara
888 3653 956 3709 tum
979 3646 1079 3709 oratio
1101 3647 1142 3708 u.
1157 3645 1302 3720 Antonii,
1325 3645 1449 3729 egregia
1464 3647 1558 3710 etiam
1573 3667 1629 3710 vo-

302 3742 426 3812 luntas;
454 3757 516 3822 pax
545 3739 682 3823 denique
710 3758 769 3822 per
798 3759 871 3802 eum
893 3748 925 3802 et
948 3759 1007 3822 per
1027 3738 1145 3802 liberos
1167 3738 1235 3802 eius
1258 3759 1329 3802 eum
1351 3741 1629 3822 praestantissimis

303 3834 425 3898 civibus
455 3831 638 3896 confirmata
660 3841 718 3895 est.
763 3835 866 3916 Atque
892 3833 941 3895 his
964 3832 1128 3915 principiis
1150 3833 1275 3916 reliqua
1297 3834 1544 3897 consentiebant.
1581 3835 1628 3897 Ad

304 3927 549 3991 deliberationes
572 3945 645 4001 aas,
669 3945 748 4010 quas
771 3926 907 3989 babebat
930 3927 1015 3990 domi
1037 3927 1076 3989 de
1098 3927 1296 4008 republica,
1318 3927 1474 4009 pn‘neipes
1495 3929 1628 4001 civitatis

266 4021 490 4094 raadbibebat3
513 4018 552 4081 ad
575 4019 659 4095 hune
682 4020 824 4082 ordinem
845 4041 895 4084 res
912 4021 1046 4102 optimas
1062 4019 1239 4094 deferebam
1261 4019 1440 4095 nihilium,
1462 4022 1526 4085 nisi
1541 4023 1628 4106 quod

303 4120 371 4179 erat
393 4122 500 4176 notum
525 4112 690 4188 omnibus,
713 4113 746 4175 in
771 4113 803 4176 C.
828 4113 970 4177 Caesaris
994 4113 1226 4176 commentariis
1248 4115 1479 4196 reperiebatur,
1508 4135 1630 4179 summa

302 4206 478 4273 constantia
500 4205 539 4270 ad
562 4226 599 4269 ea
621 4226 704 4290 qnae
727 4208 870 4290 quaesita
891 4217 997 4282 erant,
1020 4194 1243 4290 respondebat
1285 4205 1315 4269 3.
1333 4209 1413 4270 Num
1429 4209 1485 4290 qui
1501 4209 1629 4272 exsules

302 4300 462 4365 restitutit
494 4299 598 4362 Unum
629 4301 747 4375 aiebat,
775 4309 939 4383 praeterea
970 4302 1140 4370 neminem.
1176 4304 1257 4363 Num
1280 4301 1493 4364 immunitates
1515 4301 1629 4364 datael

302 4395 432 4467 Nullae,
453 4392 674 4476 respondebat.
710 4393 863 4457 assentiri
887 4395 982 4458 etlam
1004 4415 1063 4457 nos
1086 4394 1153 4456 Ser.
1174 4393 1332 4478 Sulpicio,
1354 4393 1528 4457 clarissImo
1551 4395 1628 4469 viro,

369 4663 506 4713 lsscnrrno
523 4673 660 4711 amnonis.
688 4663 737 4712 Pac
759 4663 869 4712 Fonrsro
891 4659 990 4712 srrcrc'.
1009 4661 1086 4712 raeiri
1104 4655 1278 4713 rurrnrrrannri
1293 4662 1329 4719 V;
1352 4662 1442 4724 incipit
1457 4662 1519 4713 tiber
1533 4666 1631 4716 Primus

303 4738 499 4801 ratitppiearum
515 4749 544 4798 33
563 4735 646 4785 abit
661 4739 752 4787 carent
768 4737 949 4802 inscriptione.

370 4816 392 4864 4.
411 4813 561 4873 Antequam
571 4837 608 4848 --
618 4813 765 4862 reversionis
781 4826 852 4862 meae
868 4813 945 4862 alleri
956 4810 1060 4863 Grillius
1078 4811 1120 4863 tul.
1133 4812 1160 4864 u
1182 4811 1331 4875 eademque
1344 4811 1426 4862 verba
1443 4813 1504 4863 inde
1522 4827 1537 4863 a
1550 4828 1574 4862 v.
1588 4829 1631 4864 er·

301 4903 397 4952 ponam
413 4888 513 4938 Nonius
531 4899 558 4949 p.
573 4887 621 4936 iii
639 4889 666 4935 et
682 4887 730 4935 499
747 4887 780 4936 bt.
801 4913 826 4922 -
847 4888 876 4936 de
892 4901 945 4950 rep.
964 4888 1048 4937 dicam
1061 4902 1088 4950 p.
1107 4902 1128 4937 c.
1146 4901 1178 4937 ea
1195 4886 1307 4938 Grillius.
1327 4913 1353 4922 -
1372 4887 1398 4935 2.
1415 4887 1483 4937 nobis
1499 4901 1553 4939 om.
1572 4892 1582 4938 t
1601 4916 1628 4925 -

304 4971 326 5016 et
343 4966 467 5015 omittunt
484 4959 586 5011 Grillius
604 4964 631 5010 et
648 4962 755 5011 Nonius.
779 4989 802 4997 -
828 4961 851 5010 6.
871 4963 1004 5012 deiciebam
1020 4962 1136 5026 Vabgi
1153 4964 1188 5025 (et
1204 4963 1244 5014 sic
1260 4975 1368 5026 semper
1390 4961 1410 5010 V
1430 4963 1454 5012 in
1475 4963 1528 5014 hoc
1547 4963 1631 5013 verbo

305 5042 332 5089 et
349 5041 374 5088 in
393 5038 523 5100 cognatis,
545 5035 617 5098 quod
634 5032 718 5085 semel
737 5037 842 5085 neusse
860 5035 997 5098 sulliciet);
1020 5039 1150 5087 deiicibam
1167 5040 1177 5088 t
1199 5039 1251 5099 (nee
1266 5051 1325 5088 vero
1337 5063 1375 5074 ·-
1386 5038 1469 5088 anuos
1484 5039 1561 5089 atteri
1578 5040 1632 5089 No-

306 5114 363 5164 nIus
381 5126 406 5175 p.
420 5112 468 5162 289
480 5112 513 5161 Μ.
529 5111 655 5175 idemque
666 5124 693 5175 p.
703 5111 759 5160 327.
778 5112 806 5160 ln
819 5125 867 5172 qao
879 5112 968 5174 tempto
980 5139 994 5148 -
1003 5142 1019 5152 -
1029 5112 1098 5176 [arrd.
1109 5113 1200 5175 pacis.)
1216 5137 1242 5149 -
1255 5114 1281 5161 in
1293 5113 1454 5169 endernV1-
1473 5115 1498 5164 8.
1511 5115 1632 5163 reumont

306 5191 356 5237 t-
375 5187 400 5236 9.
412 5185 515 5235 uerbum
527 5187 675 5236 amnestiam
690 5185 814 5247 marpaui
831 5185 888 5239 b-
909 5189 975 5248 quod
992 5189 1069 5251 agti
1085 5213 1110 5223 -
1129 5193 1187 5237 tunc
1199 5191 1221 5245 ις
1240 5201 1293 5238 om.
1307 5188 1362 5238 b-
1376 5202 1423 5237 usn
1438 5188 1565 5239 eratVb:
1584 5202 1631 5237 usn

305 5275 358 5313 om.
372 5264 446 5324 nata
463 5263 619 5324 usurparati
634 5290 661 5299 -
675 5264 715 5312 44.
727 5263 810 5311 marci
822 5275 839 5324 g
853 5288 878 5298 —-
894 5265 981 5312 antoni
994 5260 1024 5311 V¹
1039 5291 1065 5299 -
1084 5264 1231 5326 eprepiaque
1247 5265 1297 5315 ual.
1312 5265 1329 5315 b
1344 5289 1370 5302 ·
1392 5265 1431 5315 ti.
1447 5265 1632 5328 praestantibus

305 5353 318 5384 a
337 5364 360 5372 -
378 5337 417 5385 t3.
431 5340 505 5396 atque
518 5335 636 5398 princi...
652 5337 714 5386 ttsa
730 5365 756 5373 -
770 5337 812 5400 ad]
826 5337 886 5399 quia
898 5337 915 5387 b
928 5367 954 5375 -
970 5338 1009 5389 rt.
1024 5340 1132 5388 civitatis
1145 5352 1198 5388 om.
1217 5342 1227 5388 t
1242 5367 1268 5377 -
1288 5342 1328 5391 ss.
1341 5340 1403 5391 nibil
1413 5366 1451 5378 ··
1461 5340 1632 5402 reperiebatur

306 5412 337 5474 gi
355 5414 414 5474 post
430 5411 590 5471 respondebat
607 5411 715 5462 babent.
728 5439 754 5448 -
774 5415 822 5462 nisi
834 5416 898 5474 quod
910 5421 965 5464 erat
975 5430 1000 5464 n.
1014 5414 1126 5464 mundus
1136 5413 1157 5461 V
1167 5414 1188 5462 t:
1208 5427 1262 5465 om.
1275 5417 1296 5465 D
1311 5442 1338 5452 -
1356 5417 1397 5466 46.
1409 5416 1446 5466 ris
1457 5417 1631 5466 commentaris

305 5487 474 5548 reperiebatur
489 5500 587 5536 summa
603 5487 624 5534 V
637 5500 674 5536 m.
687 5489 703 5536 i
720 5490 745 5538 in
763 5503 854 5540 rasura
871 5491 1000 5554 seriptum
1018 5488 1106 5538 babet
1122 5512 1149 5523 -
1168 5503 1266 5538 masma
1281 5503 1339 5539 caan
1354 5490 1474 5553 dianitate
1489 5491 1631 5541 cantantia

307 5562 345 5612 Di
366 5588 391 5598 -
411 5561 451 5611 ti.
469 5575 535 5611 nunc
551 5562 573 5611 V
591 5587 617 5596 -
637 5563 722 5611 enulae
737 5563 806 5614 VDi
827 5591 854 5601 -
874 5565 913 5614 48.
932 5564 1039 5614 restituit
1055 5564 1076 5610 V
1093 5588 1120 5598 -
1139 5563 1221 5613 alebat
1237 5565 1298 5627 agl
1316 5591 1343 5601 -
1361 5565 1631 5627 muer-respon

305 5650 358 5687 om.
378 5638 385 5686 i
403 5637 474 5687 initio
492 5637 610 5701 paginae.
632 5663 659 5672 -
682 5639 840 5688 inmunitates
860 5642 895 5701 gt
920 5641 947 5689 ct
968 5639 1066 5689 nonius
1089 5652 1115 5701 p.
1134 5639 1175 5699 3⁰,
1194 5639 1240 5702 qul
1256 5638 1338 5690 babet
1351 5654 1412 5690 naen
1428 5641 1489 5690 mm.
1507 5640 1582 5689 datae
1600 5663 1627 5675 -

306 5713 345 5760 49.
364 5711 448 5760 nullae
468 5711 630 5774 respondebat
651 5725 704 5762 om.
723 5714 759 5771 D;
783 5713 865 5762 nutus
887 5712 1049 5775 respondebat
1065 5712 1209 5776 Madvigius
1228 5715 1254 5763 in
1272 5712 1315 5764 ed.
1333 5713 1348 5762 3
1367 5716 1398 5775 (a.
1420 5713 1490 5775 rata)
1509 5727 1541 5764 ex
1559 5715 1628 5764 coni.

305 5784 496 5848 Wesenbergii
512 5813 538 5822 -
558 5787 745 5850 adsentirtV33
764 5789 887 5840 assentari
903 5787 981 5839 bt-
1000 5787 1100 5850 sulpitio
1118 5787 1185 5836 ti-
1203 5786 1345 5854 clanstro]
1362 5801 1423 5837 au.
1442 5788 1510 5846 abi;
1528 5803 1552 5839 a.
1565 5802 1588 5838 c.
1603 5794 1627 5850 t;

304 5862 360 5912 atre
375 5861 502 5912 emeatari
518 5874 542 5925 g.
