3800 7350
667 1213 971 1279 amam-rvr.
999 1207 1214 1294 §saa-as.
1517 1197 1601 1268 4444

293 1385 365 1448 44144
391 1383 486 1467 paulo
515 1384 663 1467 apertius.
698 1382 876 1447 Communis
904 1380 959 1443 illa
981 1399 1092 1443 sensus
1114 1379 1148 1441 in
1169 1379 1238 1442 aliis
1257 1378 1390 1442 14444444
1410 1376 1517 1440 latuit:
1538 1374 1601 1447 hic,

293 1479 377 1562 quod
399 1500 467 1542 cuns
490 1479 602 1542 ceteris
624 1479 729 1542 animo
752 1475 923 1547 sentiebat,
945 1475 977 1536 id
998 1474 1097 1556 magis
1111 1492 1206 1555 quam
1228 1473 1322 1536 ceteri
1344 1479 1377 1536 et
1389 1472 1477 1536 vultu
1496 1490 1603 1555 prom·

292 1582 381 1656 ptum
411 1573 522 1635 babuit
552 1580 583 1635 ct
603 1572 719 1654 lingua.
763 1568 814 1632 35.
837 1569 1051 1650 Quamquam,
1081 1568 1216 1641 iudices,
1238 1588 1435 1651 -agnosco
1457 1567 1540 1631 enim
1562 1582 1603 1627 ex

293 1688 343 1729 me
357 1700 399 1714 -
413 1664 570 1748 permulta
590 1665 624 1727 in
645 1665 817 1738 Plancium,
839 1681 921 1745 quae
943 1661 982 1724 ab
998 1680 1036 1723 eo
1051 1680 1222 1745 numquam
1237 1662 1416 1735 4144444444,
1438 1658 1604 1724 conteram-

292 1769 352 1824 444.
385 1762 451 1843 Ego
474 1759 549 1842 quia
571 1757 642 1820 dico
664 1756 783 1840 aliquid
798 1754 980 1839 aliquando,
1002 1773 1066 1817 non
1081 1755 1184 1818 studio
1199 1756 1361 1831 adductus,
1383 1754 1439 1819 sed
1456 1762 1511 1818 444
1527 1766 1627 1816 444-4

293 1855 433 1918 tentione
456 1850 581 1915 dicendi
604 1858 657 1915 444
679 1849 851 1923 lacessitus,
873 1855 905 1911 et
925 1848 1011 1931 quia,
1032 1855 1068 1910 ut
1089 1849 1125 1911 tit
1146 1848 1179 1911 in
1201 1849 1323 1925 multis,
1345 1850 1411 1913 exit
1431 1844 1605 1932 aliquando

291 1947 420 2031 aliquid,
442 1946 468 2009 si
489 1964 554 2007 non
575 1943 776 2027 perfacetum,
798 1952 830 2006 at
850 1949 954 2004 tamen
967 1939 1100 2006 fortasse
1114 1963 1178 2005 non
1191 1944 1353 2019 rusticum,
1368 1943 1453 2028 qnod
1467 1942 1606 2026 quisque

292 2040 388 2113 dixit,
411 2059 460 2102 444
482 2039 513 2100 441
535 2037 654 2099 dixisse
677 2037 793 2098 dicunt
825 2037 892 2118 Ego
915 2042 1036 2111 antem,
1067 2036 1093 2099 44
1117 2037 1194 2121 quid
1216 2037 1372 2123 estquod
1393 2036 1469 2100 444144
1491 2034 1602 2097 scitum

292 2153 361 2196 4444
390 2131 533 2195 videatur
560 2137 592 2193 44
620 2129 747 2191 14444444
775 2128 911 2212 ingenuo
940 2129 1070 2211 dignum
1097 2137 1192 2214 atque
1214 2131 1324 2207 docto,
1351 2151 1416 2195 non
1436 2144 1603 2212 aspernor:

293 2225 488 2297 stomachor,
517 2243 586 2287 enm
610 2223 744 2285 aliomm
766 2242 830 2284 non
852 2244 902 2285 me
924 2222 1018 2305 digna
1035 2224 1072 2287 44
1093 2245 1143 2287 444
1165 2224 1378 2289 conteruntur.
1416 2226 1494 2287 Nam
1516 2218 1603 2304 quod
1613 2233 1641 2279 44

292 2320 412 2402 primus
440 2318 531 2381 scivit
559 2318 659 2400 legem
681 2316 721 2379 de
741 2316 919 2401 publicanis
939 2326 1020 2390 tum,
1049 2338 1121 2380 oum
1143 2319 1191 2381 444
1210 2319 1419 2403 amplissimus
1440 2313 1549 2379 consul
1571 2310 1604 2374 id

293 2413 340 2476 4114
364 2412 467 2475 4441444
489 2432 546 2494 per
567 2410 718 2494 populum
741 2409 843 2483 dedit,
865 2408 952 2492 quod
973 2430 1031 2492 per
1051 2419 1203 2485 senatum,
1225 2413 1252 2474 44
1274 2412 1430 2485 licuisset,
1450 2407 1604 2472 dedisset:

293 2505 319 2567 si
344 2505 376 2568 in
400 2525 438 2567 eo
461 2505 578 2568 crimen
609 2511 671 2577 est,
700 2504 775 2585 quia
802 2503 983 2585 suffragium
1012 2503 1098 2578 tulit,
1127 2505 1199 2586 quis
1220 2524 1284 2566 non
1306 2505 1375 2567 tulit
1395 2500 1605 2587 publicanus?

293 2599 340 2673 si,
364 2600 436 2681 quia
458 2598 577 2681 primus
599 2598 707 2671 444444,
728 2605 834 2660 utrum
855 2597 887 2659 id
909 2598 1002 2660 sortis
1024 2617 1093 2659 4444
1106 2598 1154 2659 444
1172 2617 1212 2660 44
1229 2598 1312 2673 4444,
1334 2599 1388 2680 qui
1402 2596 1487 2660 illam
1502 2592 1605 2674 legem

290 2690 432 2755 terebatt
467 2692 499 2753 Si
529 2692 638 2765 sortis,
671 2691 791 2753 nullum
819 2691 936 2754 crimen
968 2697 1015 2752 est
1042 2691 1075 2752 in
1103 2710 1194 2753 casu:
1227 2693 1252 2754 si
1283 2691 1436 2765 consulis,
1457 2683 1643 2771 splendores

292 2785 384 2848 etiam
407 2783 541 2858 Plancii,
563 2783 647 2847 hunc
668 2803 687 2846 a
709 2804 831 2848 summo
853 2785 920 2847 4444
942 2784 1115 2866 principem
1138 2804 1208 2847 esse
1229 2785 1347 2848 ordinis
1369 2785 1550 2847 iudicatum.

377 2878 444 2939 XV.
467 2873 517 2938 36.
541 2877 602 2939 Sed
624 2877 793 2960 aliqnando
809 2878 970 2944 veniamus
992 2878 1031 2939 ad
1054 2898 1191 2951 causam,
1213 2878 1246 2941 in
1261 2899 1324 2962 qna
1338 2886 1371 2941 tu
1385 2877 1513 2941 nomine
1527 2871 1606 2954 logis

292 2970 446 3042 Liciniae,
478 2991 560 3053 quae
587 2979 635 3033 est
663 2971 701 3033 de
730 2969 906 3044 sodaliciis,
936 2990 1045 3033 omnes
1075 2972 1210 3035 ambitus
1238 2972 1324 3054 leges
1353 2971 1535 3055 complexus
1558 2985 1603 3029 44.

292 3066 401 3147 Neque
423 3064 505 3126 enim
528 3064 699 3147 quidquam
721 3063 806 3126 aliud
829 3064 863 3125 in
884 3063 943 3126 bac
961 3064 1031 3146 lege
1046 3064 1106 3126 4444
1123 3065 1267 3127 editicios
1281 3065 1401 3128 iudices
1415 3085 1449 3128 es
1464 3068 1605 3126 secutus:

294 3156 378 3239 quod
406 3176 506 3238 genus
535 3156 722 3219 iudiciomm
754 3157 781 3218 44
808 3165 855 3220 444
876 3177 1012 3240 aequum
1034 3157 1098 3220 ulla
1120 3158 1153 3220 in
1174 3178 1207 3221 re
1230 3159 1290 3221 nisi
1312 3159 1345 3220 in
1365 3159 1425 3221 bac
1446 3152 1644 3226 tribuaria,ao

294 3269 357 3312 non
386 3249 545 3331 intelligo,
577 3269 672 3332 quarn
700 3249 740 3311 ob
762 3269 826 3311 rem
849 3258 978 3313 senatus
998 3252 1059 3314 boc
1080 3271 1144 3313 uno
1167 3252 1200 3313 in
1222 3272 1337 3334 genere
1358 3252 1459 3315 tribus
1480 3249 1531 3312 cdi
1552 3266 1607 3309 vo·

294 3342 387 3405 luerit
408 3341 447 3403 ab
469 3349 651 3405 accusatore
673 3362 777 3426 neque
799 3344 931 3407 eandem
953 3345 1124 3407 editionem
1140 3345 1333 3409 transtulerit
1351 3347 1383 3409 in
1398 3353 1519 3410 ceteras
1534 3362 1608 3406 cau·

293 3456 360 3510 444,
390 3435 431 3497 de
452 3436 522 3520 ipso
545 3436 682 3519 denique
703 3437 820 3499 ambitu
843 3439 1045 3500 reiectionem
1066 3438 1135 3501 lieri
1157 3440 1292 3502 voluerit
1311 3440 1451 3502 iudicum
1472 3438 1608 3501 alterno-

293 3551 379 3603 rum,
401 3550 536 3613 cumque
558 3529 679 3593 nullum
701 3550 799 3612 genus
820 3531 1000 3594 acerbitatis
1020 3534 1295 3615 praetermitteret,
1316 3532 1378 3596 boc
1390 3540 1495 3595 tamon
1508 3550 1607 3592 unum

293 3623 557 3706 praetercundum
586 3625 713 3708 putarit
756 3621 807 3687 37.
830 3625 936 3702 Quid?
964 3626 1097 3690 14444444
1125 3627 1170 3690 444
1198 3625 1325 3691 tandem
1353 3626 1487 3691 obscnra
1514 3642 1645 3692 causata

293 3727 355 3792 est,
384 3739 424 3781 44
453 3725 485 3781 44
511 3720 627 3802 agitata
653 3727 737 3795 tum,
766 3740 836 3782 cum
858 3720 918 3783 ista
940 3721 973 3783 44
996 3728 1108 3784 444444
1128 3742 1179 3784 444
1201 3722 1367 3804 agebatur,
1396 3729 1428 3785 et
1448 3717 1609 3803 disputata

291 3811 438 3874 bestamo
460 3813 511 3875 die
533 3814 748 3898 copiosissime
771 3834 790 3877 4
812 3815 851 3889 Q.
873 3814 1059 3889 Hortensio,
1082 3816 1132 3878 cui
1154 3824 1220 3878 4444
1235 3823 1284 3878 est
1297 3823 1425 3880 senatus
1439 3816 1608 3879 assensus?

292 3905 360 3967 Hoc
388 3905 483 3988 igitur
509 3897 683 3970 sensimus:
715 3908 942 3990 cuiuscumque
970 3909 1069 3972 tribus
1097 3909 1228 3992 largitor
1249 3917 1333 3973 esset
1353 3929 1410 3993 per
1430 3909 1512 3972 banc
1533 3925 1609 3969 con·

292 3997 488 4072 sensionem,
511 3983 592 4083 quae
614 4001 711 4082 magis
731 4000 865 4063 14444444
885 4020 979 4083 quam
995 4022 1068 4064 4444
1090 4000 1240 4065 sodalitas
1260 4003 1491 4072 nominaretur,
1513 4019 1607 4083 quarn

293 4092 428 4173 quisque
451 4093 565 4155 tribum
587 4093 671 4176 turpi
694 4093 860 4175 largitione
881 4103 1104 4176 corrumperet,
1127 4116 1198 4159 eum
1216 4097 1350 4159 maxime
1366 4097 1403 4158 444
1418 4093 1646 4165 bominibna,eo

293 4185 348 4266 qui
370 4185 438 4247 eius
460 4186 559 4248 tribus
581 4193 703 4259 essent,
725 4206 794 4249 esse
817 4193 935 4249 notum.
970 4189 1017 4249 lta
1037 4189 1159 4269 putavit
1180 4197 1326 4262 senatus,
1347 4209 1419 4251 cum
1440 4206 1495 4249 reo
1510 4185 1608 4248 tribus

293 4277 460 4341 ederentur
481 4299 547 4352 eae,
570 4300 648 4363 quas
671 4280 697 4341 is
719 4279 884 4361 largitione
906 4279 1066 4344 devinctas
1096 4281 1243 4355 baberet,
1273 4281 1400 4346 eosdem
1422 4279 1489 4343 lore
1510 4285 1608 4342 testes

293 4379 324 4433 et
344 4371 473 4433 iudices.
505 4373 660 4435 Acerbum
684 4374 812 4435 omnino
833 4392 933 4455 genus
955 4373 1081 4448 iudicii,
1103 4374 1159 4437 sed
1175 4382 1296 4450 tamen,
1318 4371 1608 4445 44441444441444,

292 4483 375 4545 qnae
396 4466 532 4528 maxima
554 4475 637 4529 esset
658 4467 773 4549 cuique
797 4466 980 4541 ooniuneta,
1009 4467 1109 4530 tribus
1131 4469 1293 4543 ederetur,
1315 4468 1368 4531 vix
1389 4465 1608 4531 mcusandum.

292 4558 374 4619 xvt.
396 4555 448 4618 38.
469 4560 516 4621 Tu
538 4567 658 4633 autem,
681 4559 874 4632 Laterensis,
897 4579 976 4642 qnas
995 4561 1095 4624 tribus
1116 4562 1264 4625 edidistit
1286 4563 1481 4636 Teretinam,
1502 4559 1645 4630 44441444

293 4651 363 4712 Fuit
385 4658 469 4714 certe
492 4652 524 4714 id
548 4672 682 4736 aequum
705 4661 843 4716 atcerte
865 4660 1080 4735 exspectatum
1104 4664 1151 4717 444
1172 4663 1203 4718 44
1216 4655 1276 4717 1444
1289 4655 1418 4737 dignum
1433 4652 1609 4717 constantia

292 4753 354 4806 tna.
390 4745 484 4808 Cnius
508 4752 540 4809 tu
564 4747 663 4809 tribus
685 4747 880 4811 venditorem
904 4753 935 4809 44
957 4756 1170 4831 corruptorem
1194 4757 1225 4811 44
1241 4756 1434 4830 sequestrem
1449 4745 1609 4810 Plancium

291 4836 389 4900 fuisse
412 4839 568 4914 elamitas,
599 4860 667 4903 eam
690 4842 805 4904 tribum
826 4839 983 4923 prolecto,
1014 4841 1281 4905 severissimorum
1303 4841 1487 4926 praesertim
1507 4838 1610 4903 homi-

354 5148 606 5210 4444444441·-
633 5147 956 5210 44444444--444444
977 5149 1061 5198 41444444
1082 5148 1246 5201 14414444-
1271 5150 1477 5201 &idaei-2·
1505 5151 1609 5213 atqsod

290 5223 339 5272 ΤΕ
359 5249 385 5259 -
412 5223 436 5273 9.
454 5223 612 5272 4444444413
632 5249 657 5258 -
678 5223 716 5271 ⁴0.
735 5223 875 5273 atmnoebor
890 5224 955 5273 TE:
976 5225 1225 5276 4444444444Μο
1246 5252 1273 5262 -
1300 5227 1367 5276 Nom
1383 5227 1610 5290 qaodndadtssst

291 5297 408 5347 habeta
430 5324 457 5333 —
485 5298 640 5347 tt.actctlt
661 5324 683 5334 -
713 5298 848 5349 oroma
876 5325 901 5336 -
929 5298 1105 5364 treuva]
1131 5301 1341 5352 4444444411-
1370 5298 1606 5354 4444444141-

292 5374 331 5421 46.
352 5372 437 5434 ptasset
458 5374 478 5422 T
500 5399 528 5409 -
554 5373 594 5422 48.
612 5373 735 5421 4444444444
755 5373 791 5422 E:
817 5373 912 5423 44444444
933 5373 966 5429 Τ;
992 5374 1154 5425 44444444ιὲ440
1185 5402 1211 5412 -
1232 5376 1312 5425 44444444
1332 5378 1353 5426 l·
1374 5402 1402 5413 -
1430 5378 1491 5441 lepte
1511 5378 1560 5428 TE
1578 5404 1607 5415 -

293 5448 332 5497 49.
351 5449 401 5496 Nec
417 5448 513 5510 (Neque
523 5448 636 5509 Servius)
654 5448 718 5496 444444
729 5473 766 5484 --
776 5454 872 5498 motos
887 5462 913 5498 cs
929 5447 1028 5498 habent
1044 5451 1064 5499 Λ
1082 5452 1109 5499 44
1125 5450 1224 5501 omisso
1240 5463 1265 5500 ea
1276 5451 1383 5501 Servius
1399 5452 1434 5502 sd
1444 5451 1539 5516 Vergil.
1553 5451 1607 5503 Ecl.

291 5524 315 5578 3,
334 5523 374 5571 50.
397 5548 421 5558 -
441 5523 575 5583 quicquam
591 5522 641 5572 ΛΤ
659 5521 774 5584 (ubique)
793 5533 820 5557 ‘-
842 5523 904 5572 41444
920 5535 969 5586 pro
985 5517 1085 5574 444444
1105 5551 1131 5559 —-
1150 5525 1313 5575 4444444441·
1331 5553 1357 5563 -
1375 5540 1401 5577 sa
1416 5535 1511 5578 44444444
1527 5528 1607 5579 444141.

291 5596 424 5661 plerique:
447 5610 497 5646 4444
512 5597 686 5655 semenstri,
710 5601 806 5646 44444444
821 5610 846 5647 ea
863 5597 939 5661 (Al0;
963 5604 1087 5648 4444444444
1102 5612 1128 5649 ss
1143 5599 1228 5650 Cobet
1244 5601 1380 5663 (Haemos.
1398 5603 1432 5652 lll
1448 5616 1474 5668 p.
1492 5603 1559 5664 aest.
1579 5628 1606 5638 -

290 5672 331 5721 40.
350 5671 473 5719 memor
493 5697 516 5708 -
536 5672 578 5722 at.
596 5671 746 5734 4444144441·
764 5698 790 5706 —
813 5673 1100 5724 tambuerant·
1127 5674 1169 5724 23.
1186 5675 1294 5726 4441444444
1309 5689 1379 5726 4444.
1397 5677 1605 5728 4444444411-

290 5749 331 5797 45.
349 5747 422 5795 lotos
436 5748 554 5796 4444441·
573 5774 599 5784 -
622 5748 662 5797 41.
682 5749 800 5797 adsensus
816 5749 836 5798 T
855 5775 881 5785 -
905 5748 947 5799 28.
965 5753 1025 5798 44444
1044 5754 1068 5797 st
1085 5762 1132 5811 per
1149 5762 1231 5814 prava
1248 5752 1425 5816 gemtnsttonc
1442 5753 1505 5812 TE3
1528 5752 1561 5804 ct.
1579 5765 1605 5816 p.

291 5820 364 5880 llll,
383 5823 406 5870 4.
426 5821 515 5872 wat.
533 5816 809 5886 4444144441·-
828 5822 869 5874 30.
887 5824 1102 5888 4444144441·-
1120 5825 1289 5890 44414441-
1308 5826 1348 5877 32.
1366 5827 1524 5890 s'thts'sT-
1543 5829 1610 5879 444444

186 5905 193 5923 .
289 5895 1491 5976 r-ascreaoearn:amesae-eemssr-eoeralcterera.
