3800 7350
266 1167 348 1236 4436
647 1171 838 1237 ADDENDA
860 1171 913 1237 ET
936 1170 1203 1236 comissum.

266 1341 357 1403 4444444
373 1340 460 1391 iirmat
480 1336 556 1390 locus
572 1337 720 1391 simillimus
739 1353 766 1403 p.
784 1338 841 1401 364,
860 1336 887 1389 34
909 1349 951 1402 sq.
969 1339 997 1388 ei
1012 1334 1131 1387 veterius
1148 1336 1275 1388 Maximus
1292 1338 1317 1399 1,
1336 1339 1360 1399 4,
1379 1337 1441 1388 Est.
1463 1333 1481 1397 5
1500 1333 1534 1395 4,
1561 1330 1613 1394 qui

265 1422 354 1476 locum
373 1424 507 1475 Ciceronis
523 1424 671 1488 exscripsit.

332 1508 347 1572 5
366 1508 413 1559 tot
430 1522 457 1573 p.
475 1508 537 1569 364,
556 1506 587 1558 30
604 1512 649 1557 aut
664 1507 781 1558 sociali
797 1507 853 1558 iure
869 1504 996 1557 emendat
1013 1503 1106 1557 Cobet.
1130 1504 1170 1555 ct.
1188 1517 1213 1569 p.
1234 1504 1296 1565 484,
1315 1503 1339 1555 4.

331 1591 346 1655 5
364 1591 412 1641 443
429 1604 456 1656 p.
475 1591 536 1653 366,
556 1592 565 1639 4
586 1597 615 1642 ut
631 1592 665 1642 ad
684 1591 783 1642 Verrem
799 1590 906 1655 adirem]
929 1595 958 1639 ut
976 1589 1075 1640 Ver-rem
1091 1589 1190 1640 adirem
1206 1586 1299 1640 maluit
1314 1589 1343 1639 44.
1362 1585 1455 1647 Klotz3
1483 1586 1512 1634 at
1531 1597 1560 1633 v.
1582 1594 1611 1645 p.

267 1676 344 1727 ltosc.
362 1676 422 1726 Am.
441 1674 531 1739 5544.
551 1676 607 1726 440.
625 1676 652 1727 44
668 1675 745 1726 Verr.
763 1675 795 1736 44,
813 1674 828 1738 5
845 1675 886 1725 44.
1192 1672 1194 1680 ’

331 1758 346 1822 5
363 1758 411 1808 446
429 1771 455 1823 p.
474 1757 531 1819 370,
552 1759 582 1809 48
599 1766 640 1809 eat
655 1761 689 1810 ad
705 1758 839 1811 Felicitatis
856 1758 923 1810 coni.
943 1757 983 1807 vir
1000 1755 1095 1807 doctus
1112 1755 1139 1806 in
1156 1756 1330 1819 Mnemosyne
1346 1756 1394 1816 444,
1412 1753 1478 1804 430.

332 1855 358 1907 p.
377 1841 435 1905 370,
452 1844 494 1893 44.
520 1842 557 1894 iix
577 1844 706 1908 scriptura
729 1846 755 1894 iu
773 1845 793 1895 44
811 1847 985 1894 momentum
1002 1839 1188 1904 corrigendum
1206 1842 1258 1890 est:
1285 1841 1371 1891 Verres
1392 1840 1612 1891 ornamento-

266 1939 334 1976 rum
345 1951 385 1964 ·-
395 1926 484 1977 babent
497 1927 599 1989 plenam
614 1928 722 1977 domum
742 1928 791 1991 (Η.)

334 2010 349 2074 5
368 2010 416 2062 448
433 2023 459 2075 p.
478 2010 535 2072 374,
553 2012 748 2073 8porcinum
764 2016 840 2074 caput
857 2012 925 2060 coni.
944 2012 1061 2073 Georges
1079 2010 1104 2059 in
1120 2007 1213 2059 litteus
1230 2009 1264 2059 ad
1281 2021 1330 2059 nos
1347 2007 1425 2059 detis.

336 2093 352 2158 5
369 2094 416 2144 433
434 2107 460 2158 p.
479 2094 540 2157 374,
559 2095 590 2145 40
606 2096 705 2159 signum
720 2095 812 2157 4444444,
830 2094 942 2144 44444444
958 2094 1055 2144 ullam
1069 2094 1164 2155 pictam
1180 2092 1305 2143 emendat
1320 2093 1400 2143 444444.

337 2178 352 2242 5
370 2178 417 2228 434
434 2191 460 2242 p.
474 2177 531 2240 373,
545 2178 569 2229 9.
587 2178 675 2230 Verba
692 2186 795 2243 propter
812 2179 878 2241 quad
893 2192 972 2228 unum
986 2178 1102 2227 visumar
1119 2178 1234 2240 tbespiae
1249 2177 1328 2227 Balio
1345 2175 1483 2240 glossema
1501 2172 1608 2223 viden-

270 2264 314 2313 tur
331 2275 363 2313 er
381 2276 407 2327 p.
420 2262 478 2324 344,
491 2263 533 2312 44.
551 2262 632 2314 Panlo
647 2266 708 2328 post
722 2277 748 2315 v.
762 2264 794 2314 46
810 2276 866 2324 444,
884 2262 957 2326 quod
974 2261 1008 2312 ab
1020 2263 1039 2312 44
1051 2260 1142 2323 abest,
1160 2265 1221 2311 ente
1237 2262 1293 2311 uoto
1309 2260 1468 2325 ponendum
1479 2258 1605 2310 videtur.

332 2373 361 2418 44
375 2373 454 2419 verr.
468 2373 515 2420 444.
529 2373 563 2419 v.
585 2365 600 2429 5
616 2366 632 2416 4
653 2378 680 2430 p.
699 2364 756 2427 380,
775 2365 807 2416 43
828 2370 882 2416 turn
903 2364 1075 2428 deprecabitur
1096 2377 1113 2414 a
1133 2363 1215 2426 uobis,
1237 2370 1290 2414 trem
1309 2365 1384 2415 etiam
1399 2376 1448 2413 suo
1465 2362 1527 2413 isere
1546 2361 1603 2425 (444)

267 2449 394 2500 contendet
410 2449 488 2500 alieri
504 2446 606 2499 Grillius
622 2448 667 2500 iol.
686 2448 731 2499 344
743 2451 771 2500 44
787 2448 850 2500 ibid.
868 2462 911 2499 vv.
930 2450 963 2498 sit
977 2448 1021 2511 sur
1031 2474 1070 2485 --
1080 2449 1218 2511 imperator
1234 2447 1249 2513 5
1266 2447 1290 2499 4.

334 2533 397 2597 540
415 2545 441 2597 p.
460 2533 523 2595 386,
542 2534 582 2583 47.
607 2533 674 2584 Cum
696 2533 731 2584 sit
753 2533 778 2583 iu
800 2534 820 2585 44
841 2532 919 2584 lectio
939 2534 967 2582 in
986 2533 1108 2583 bominem
1129 2532 1311 2583 honestissimae
1331 2532 1378 2594 (444
1395 2532 1470 2582 euim
1487 2532 1519 2582 in
1537 2530 1601 2580 adn.

269 2616 455 2680 corrigendum
472 2618 520 2679 est)
536 2618 669 2667 maximae
684 2617 792 2667 4444444444
807 2618 1014 2678 honestissimum,
1038 2616 1098 2667 vide
1121 2630 1154 2667 ne
1171 2629 1235 2666 vere
1254 2614 1333 2667 lectio
1350 2616 1445 2667 tuerit:
1469 2616 1499 2665 in
1516 2614 1603 2663 bomi-

267 2713 325 2750 444
339 2702 469 2751 mauimm
484 2702 591 2750 4444444444
606 2701 809 2752 44444444444444.
827 2700 938 2764 Vulgata
956 2702 1045 2751 temen
1061 2698 1139 2750 lectio
1155 2698 1260 2764 aliquod
1278 2700 1454 2764 patrocinium
1467 2697 1556 2748 habet
1567 2712 1602 2748 ex

271 2784 348 2835 Verr.
359 2784 390 2844 V,
401 2785 416 2848 5
427 2785 487 2834 444;
501 2786 569 2835 adest
579 2785 754 2848 Centuripinus
761 2785 907 2846 Phalacrus,
920 2786 946 2834 in
958 2784 1112 2847 amplissima
1120 2784 1219 2833 ciuitate
1227 2784 1379 2846 amplissima
1387 2784 1442 2835 laco
1450 2789 1533 2834 natus
1542 2783 1595 2846 (Η.)

334 2867 397 2931 543
416 2881 441 2932 p.
460 2867 518 2931 387,
536 2870 552 2919 6
570 2868 675 2920 breuiter
690 2871 906 2933 recopnascite
922 2868 992 2919 bene
1011 2869 1078 2919 coni.
1098 2867 1236 2918 Eduardus
1253 2869 1356 2919 Wnrm.

334 2950 397 3014 547
414 2964 441 3016 p.
460 2951 520 3015 388,
538 2953 571 3002 46
589 2952 647 3003 tort.
664 2954 724 3003 iura
740 2953 947 3015 discripserat
965 2952 1014 3015 (Η.)

336 3035 351 3098 5
368 3034 400 3086 44
417 3048 443 3099 p.
463 3035 520 3097 303,
538 3038 579 3087 48.
598 3038 684 3088 Locus
701 3038 740 3088 sic
757 3036 906 3099 vulgandus
923 3035 1041 3085 videtur:
1062 3036 1158 3085 Navem
1173 3048 1233 3085 uero
1249 3035 1368 3097 cybaeam
1384 3037 1532 3086 maximam
1549 3037 1601 3087 tri·

273 3119 348 3168 runis
363 3120 444 3169 instar
461 3119 663 3183 pennen-enon
679 3127 753 3184 atque
769 3122 955 3171 molissimum
966 3118 1094 3183 cybaeam]
1109 3120 1199 3181 palam
1215 3120 1372 3184 aedilitatem
1383 3122 1451 3182 cet.;
1469 3119 1602 3170 videntur

272 3204 342 3255 enim
359 3202 442 3254 verba
461 3203 561 3257 incluse
578 3220 610 3256 ex
627 3206 749 3256 interiore
767 3204 826 3255 loco
842 3218 868 3255 v.
886 3205 919 3254 46
936 3203 1005 3254 illata
1023 3217 1093 3255 csse.
1113 3205 1162 3266 (Η.)

336 3288 351 3352 5
368 3289 400 3339 66
416 3302 444 3354 p.
463 3288 519 3351 307,
539 3290 579 3339 40.
597 3291 648 3354 Ape
660 3304 754 3352 porra:
771 3295 800 3339 tu
816 3287 952 3351 distinguit
968 3290 1000 3338 M.
1014 3288 1128 3352 Seyffert
1143 3288 1224 3339 84444.
1236 3290 1292 3339 444.
1305 3302 1331 3353 p.
1342 3287 1383 3339 44.
1403 3287 1442 3338 Ci.
1455 3302 1482 3353 p.
1496 3287 1558 3350 404,
1570 3289 1598 3339 0.

270 3397 298 3409 -
318 3372 358 3424 44.
378 3373 437 3424 4444.
456 3374 572 3423 aditnent
588 3380 611 3424 te
627 3378 650 3424 44
667 3376 716 3438 (Η.)

336 3457 351 3521 5
369 3457 396 3506 04
418 3470 444 3521 p.
458 3457 515 3521 300,
530 3459 568 3508 48.
582 3457 733 3509 Secundum
744 3460 765 3510 44
776 3455 948 3508 scribendum
960 3460 1014 3507 est:
1031 3457 1115 3506 4444444
1126 3458 1272 3516 testimonia,
1285 3455 1389 3508 abiecto
1400 3458 1534 3508 4444444444
1546 3457 1599 3521 (44.)

337 3541 352 3605 5
369 3541 401 3590 70
418 3553 443 3605 p.
457 3540 515 3604 404,
528 3541 560 3592 33
577 3547 606 3591 ut
621 3543 643 3591 is
656 3541 732 3606 uictu]
749 3546 776 3592 ut
792 3542 815 3591 ei
831 3542 911 3591 uictus
928 3542 963 3601 44,
981 3542 998 3591 4.
1017 3554 1041 3591 e.
1060 3542 1109 3591 utei
1127 3541 1191 3604 (sive
1207 3543 1254 3603 uti)
1270 3542 1339 3591 uictu
1357 3541 1405 3605 (Η.)

338 3624 353 3689 5
370 3626 401 3675 74
418 3638 445 3691 p.
464 3625 526 3689 404,
546 3627 585 3677 40.
605 3627 693 3677 Lectio
709 3626 829 3677 Vaticani
845 3625 963 3675 inuolutis
980 3624 1100 3675 firmatur
1115 3623 1180 3677 locis
1197 3624 1325 3677 similibus
1342 3639 1368 3691 p.
1382 3625 1468 3688 4346
1485 3628 1516 3677 44
1533 3626 1575 3675 lb.

335 3710 399 3775 503
416 3723 443 3775 p.
462 3710 519 3772 400,
539 3712 578 3761 44.
602 3712 630 3761 44
652 3708 765 3761 44444444
788 3711 886 3764 codicis
909 3709 938 3761 44Ι
960 3711 1023 3761 sicut
1039 3716 1094 3761 erat
1113 3724 1192 3774 anper
1207 3712 1355 3762 consuetudo
1372 3709 1456 3761 latere
1472 3709 1597 3761 videtur:

269 3794 332 3845 444444
348 3799 403 3844 erat
418 3799 512 3845 antea
527 3808 646 3857 semper
660 3796 817 3846 conssutudo.
837 3795 886 3858 (Η.)

335 3878 415 3942 5448
432 3892 457 3944 p.
476 3878 538 3940 444,
557 3879 582 3930 6.
606 3878 679 3930 Exti
702 3877 780 3928 lectio
797 3880 871 3929 domu
893 3877 1047 3944 recipienda
1069 3880 1140 3941 erat,
1167 3881 1197 3929 nt
1218 3879 1281 3929 item
1303 3878 1384 3930 hebet
1404 3878 1463 3930 cod.
1485 3879 1547 3929 Vnt.
1570 3879 1599 3929 in

219 3993 221 3996 ν
270 3976 311 4013 44.
329 3961 393 4014 Phil.
412 3965 447 4024 44,
466 3961 482 4028 5
499 3962 540 4014 46.

337 4048 352 4112 5
371 4047 417 4098 433
435 4061 461 4112 p.
478 4046 541 4109 444,
561 4048 600 4099 44.
627 4047 779 4097 lectionem
802 4060 817 4095 a
835 4046 912 4098 nobis
929 4061 962 4097 44
982 4046 1033 4112 pel.
1052 4047 1109 4097 Vnt.
1128 4048 1276 4098 restitutam
1293 4048 1320 4096 in
1335 4048 1428 4098 crimen
1445 4052 1467 4098 44
1483 4048 1511 4097 in
1529 4049 1600 4097 inui-

270 4133 339 4182 diam
354 4134 441 4181 uocari
458 4133 611 4183 conlectura
630 4132 766 4197 praecepit
783 4131 955 4182 Bueclmerus
972 4131 1005 4181 ad
1023 4145 1062 4181 or.
1081 4145 1107 4195 p.
1126 4132 1202 4182 liosc.
1220 4134 1278 4182 dm.
1298 4145 1324 4197 p.
1342 4132 1399 4182 340.

336 4215 351 4279 5
370 4215 416 4266 444
433 4229 459 4280 p.
478 4215 535 4278 447,
553 4216 595 4266 47.
614 4217 642 4264 44
660 4213 772 4265 44444444
785 4215 805 4266 44
818 4214 888 4264 iilum
905 4212 969 4266 latet
985 4215 1069 4264 torma
1086 4215 1160 4275 ittim;
1180 4215 1213 4266 ct.
1227 4215 1298 4280 adp.
1312 4216 1384 4278 4446,
1397 4218 1412 4267 6
1425 4217 1539 4278 444463,
1554 4220 1597 4268 44.

335 4300 350 4364 5
368 4302 415 4350 tes
432 4314 459 4364 p.
477 4299 534 4361 430,
554 4300 586 4350 30
603 4304 701 4350 tantum
717 4299 763 4348 sibi
779 4300 937 4349 auctoritatis
954 4300 981 4349 in
996 4312 1026 4351 re
1038 4299 1139 4362 publica
1150 4303 1258 4350 sumsit
1269 4301 1337 4350 coni.
1351 4302 1379 4351 T.
1392 4302 1412 4351 l.
1427 4299 1599 4352 llalbertsma

270 4385 295 4434 in
313 4385 486 4447 Mnemosyne
504 4386 552 4446 444,
570 4398 598 4449 p.
616 4384 674 4433 434.

336 4468 413 4532 5464
435 4481 460 4533 p.
479 4468 537 4530 433,
555 4469 596 4518 34.
620 4468 657 4519 Er
682 4466 795 4519 lectione
817 4467 884 4518 recia
904 4468 931 4518 in
954 4469 974 4519 44
996 4480 1094 4519 nomen
1116 4469 1221 4519 44444444
1238 4468 1281 4518 hic
1298 4471 1325 4518 et
1347 4482 1373 4532 p.
1392 4468 1449 4531 436,
1469 4468 1500 4520 44
1519 4472 1547 4520 et
1565 4470 1597 4518 47

270 4551 463 4602 restituendum
480 4555 530 4602 est.
550 4553 598 4615 (Η.)

336 4636 351 4700 5
369 4636 417 4686 460
434 4648 460 4700 p.
479 4635 536 4698 436,
555 4637 595 4687 33.
614 4638 652 4687 De
671 4636 753 4687 torma
773 4636 840 4699 fretu
856 4635 918 4686 add.
938 4649 964 4701 p.
984 4636 1040 4697 036,
1058 4636 1097 4685 40.
1112 4663 1140 4673 -
1159 4649 1185 4700 p.
1204 4634 1266 4697 444,
1284 4635 1299 4686 4
1316 4634 1373 4700 lege
1391 4637 1423 4687 37
1440 4650 1489 4702 pro
1508 4638 1550 4688 34.
1566 4663 1596 4675 -

269 4733 297 4785 p.
316 4719 373 4771 440.
399 4722 429 4770 ln
446 4719 507 4771 lect.
526 4720 604 4786 adp.
623 4722 686 4782 466,
707 4721 737 4771 46
754 4718 829 4770 allata
847 4721 965 4782 corrige:
984 4721 1178 4771 cremabantur.

335 4833 386 4879 pro
400 4822 523 4868 Pentele.
546 4814 593 4877 53
615 4827 642 4878 p.
661 4813 718 4875 463,
737 4815 777 4863 40.
799 4815 874 4875 Atqui
897 4814 960 4878 cet]
983 4814 1054 4863 llaec
1071 4816 1098 4863 et
1115 4812 1215 4863 lucilius
1232 4815 1260 4863 et
1276 4815 1387 4874 rectius,
1411 4827 1492 4878 quam
1513 4828 1598 4881 supra

272 4897 370 4948 lectum
390 4901 444 4960 est,
463 4900 565 4950 restitui
582 4901 709 4963 possunt;
727 4899 833 4962 scripsit
850 4898 920 4948 enim
939 4898 1046 4948 Cicero:
1064 4898 1139 4960 Atqui
1155 4911 1266 4959 omnes,
1286 4899 1337 4960 qui
1353 4899 1397 4948 boc
1412 4912 1502 4963 genere
1516 4914 1599 4964 puae-

270 4984 357 5033 stianis
372 4985 518 5033 accusati
533 4989 617 5044 sunt,
634 4984 792 5045 reprobemus
807 4984 918 5032 uidemus
931 4983 1044 5044 44444444
1059 4982 1157 5032 testibus
1174 4985 1224 5032 cet.
1243 4984 1352 5032 Manus.

336 5081 363 5132 p.
382 5066 439 5128 466,
458 5069 483 5119 b.
501 5066 645 5118 Addendus
663 5070 704 5117 ssi
719 5066 793 5117 locus
810 5064 867 5117 lolii
884 5066 996 5116 Victoris
1014 5079 1037 5115 o.
1052 5067 1082 5114 46
1099 5080 1124 5131 p.
1138 5065 1186 5116 443
1198 5065 1241 5116 ed.
1256 5067 1314 5116 0r.:
1333 5067 1407 5118 Licet
1423 5069 1502 5118 etiem
1521 5071 1599 5134 prin·

271 5149 370 5215 clpales
392 5152 561 5214 quaestiones
583 5153 609 5201 in
632 5152 765 5215 principiis
786 5164 979 5215 praecerpere,
1002 5150 1049 5201 sed
1073 5164 1218 5214 praecursu
1235 5150 1291 5201 solo
1308 5155 1387 5215 etque
1405 5154 1490 5213 tectu,
1514 5157 1544 5204 ui
1560 5155 1597 5205 de

271 5235 313 5286 his
324 5237 416 5300 quaeri
428 5235 562 5296 videatur,
581 5249 634 5299 quo
652 5234 732 5285 modo
750 5248 798 5298 pro
812 5233 903 5285 Flacco
921 5237 949 5285 et
965 5248 1012 5299 pro
1028 5235 1134 5285 Fonteio
1152 5237 1185 5286 M.
1199 5232 1309 5286 Tullius:
1331 5236 1392 5284 nibil
1407 5237 1450 5301 api
1467 5237 1510 5287 itio
1526 5239 1598 5288 iudi-

271 5320 324 5382 cio,
341 5321 389 5370 nisi
405 5327 432 5370 ut
443 5321 605 5384 mapistratus
615 5320 642 5369 in
654 5319 792 5382 prouinciis
801 5332 852 5369 non
863 5320 972 5370 audeam
982 5321 1108 5384 imperare
1118 5321 1190 5368 sociis
1201 5319 1267 5381 quod
1277 5332 1310 5369 ea
1320 5334 1367 5369 usu
1377 5322 1414 5371 rei
1427 5322 1543 5383 publicae
1553 5324 1596 5375 sit.

338 5404 353 5468 5
371 5404 401 5455 43
420 5418 446 5468 p.
466 5403 523 5465 466,
541 5405 556 5454 8
573 5409 608 5454 est
623 5405 682 5454 item
697 5403 757 5453 urbs
771 5402 901 5464 Massilia,
919 5404 949 5454 de
960 5418 1011 5466 pua
1027 5409 1085 5453 ante
1095 5404 1164 5464 dici,
1180 5404 1598 5470 tantbsimamentidetissimouen·

273 5503 320 5552 pue
335 5488 472 5550 sociorum,
491 5489 534 5551 pui
549 5488 703 5539 Gallicorum
719 5487 838 5537 beliorum
850 5488 966 5549 pericula
979 5501 1007 5551 p.
1021 5489 1048 5538 44.
1061 5488 1186 5550 copiisque
1202 5488 1276 5537 remis
1292 5494 1489 5550 compensarunt.
1508 5490 1596 5543 scrib.

273 5574 316 5636 pul
333 5573 486 5624 Gallicarmn
502 5572 620 5623 betiouan
633 5572 750 5636 44444404
767 5572 878 5634 populi
900 5573 1027 5622 Romani
1049 5573 1149 5635 capiis
1170 5578 1264 5634 atque
1284 5574 1432 5634 praemiis
1447 5587 1599 5637 compensa-

272 5663 340 5708 runt.
366 5658 460 5708 Tantas
484 5657 548 5708 dicit
570 5656 650 5706 tuisse
674 5657 764 5721 copias
781 5669 796 5705 a
812 5668 839 5720 p.
858 5657 887 5706 44.
911 5656 1118 5707 Massiliensibus
1135 5655 1361 5719 subministratos,
1387 5660 1458 5708 inula
1475 5663 1599 5723 praemis

272 5741 384 5802 tribute,
402 5744 432 5791 ut
449 5742 464 5791 ii
484 5739 640 5791 Gallicomm
658 5738 789 5790 bcllomm
807 5738 923 5803 peu'onle
941 5741 972 5791 iis
984 5743 1156 5804 compensata
1168 5739 1361 5806 redemptaque
1379 5743 1502 5806 putarint.
1522 5745 1602 5795 Man·

272 5839 323 5877 vie.
341 5824 421 5876 Paulo
438 5828 499 5876 ente
517 5838 543 5876 v.
561 5827 577 5875 4
595 5837 663 5876 4444.
682 5825 861 5886 didonemque,
880 5825 911 5875 ut
926 5826 967 5875 est
984 5824 1009 5874 in
1026 5825 1058 5873 V.
