3800 7350
719 1190 950 1255 omn-iv.
977 1187 1174 1275 sss-rr.
1524 1186 1600 1257 rasa

289 1370 458 1445 tempestas
486 1369 535 1425 est
562 1362 664 1424 oblata
694 1361 978 1425 formidolosissimi
1001 1363 1162 1444 temporis.
1206 1363 1285 1425 Tum
1307 1367 1410 1425 autem
1433 1361 1608 1425 illustratur

288 1456 483 1529 consulatus,
505 1470 576 1519 cum
598 1456 750 1539 gubernat
770 1475 837 1517 rem
859 1454 1034 1537 publicam,
1064 1456 1091 1518 si
1114 1475 1177 1518 non
1200 1455 1350 1538 optabili,
1372 1463 1405 1519 at
1426 1454 1605 1517 necessario

288 1559 439 1631 ternpore.
479 1549 580 1632 ldagis
608 1558 711 1612 autern
741 1548 969 1623 necessarium,
997 1556 1101 1631 patres
1123 1550 1312 1633 conscripti,
1339 1549 1460 1613 nullum
1483 1555 1606 1631 tempus

277 1662 436 1726 ,umquam
458 1643 527 1706 suit.

369 1737 424 1799 lll.
446 1737 556 1819 ltaque
578 1756 636 1820 ego
658 1737 727 1811 ille,
753 1736 807 1821 qui
831 1756 956 1820 semper
976 1736 1063 1819 pacis
1077 1744 1188 1799 auctor
1205 1736 1269 1811 fui,
1292 1737 1410 1823 cuique
1431 1758 1495 1820 pax
1516 1749 1631 1820 prae-s

286 1830 394 1894 sertim
417 1829 533 1904 civilis,
555 1851 746 1915 quamquam
769 1830 914 1894 omnibus
936 1830 1045 1903 bonis,
1067 1837 1172 1893 umen
1194 1830 1227 1894 in
1249 1832 1357 1915 primis
1377 1832 1438 1897 fuit
1459 1830 1607 1915 optabilis

285 1945 440 1988 -omne
463 1924 546 1988 enirn
568 1925 758 1987 curriculum
780 1924 953 1988 industriae
975 1930 1102 1986 nostrae
1124 1925 1156 1987 in
1177 1923 1265 1998 foro,
1296 1925 1329 1988 in
1352 1928 1453 2001 curia,
1475 1926 1509 1988 in
1530 1926 1608 1990 ami·

285 2038 392 2082 corum
414 2017 562 2100 periculis
585 2017 807 2100 propulsandis
830 2018 1023 2080 elaboratum
1046 2024 1111 2091 est;
1132 2017 1206 2080 binc
1227 2017 1365 2082 honores
1384 2020 1607 2102 amplissimos,

283 2111 358 2174 binc
380 2112 554 2175 mediocres
576 2130 670 2195 opes,
692 2110 767 2173 birro
790 2111 991 2193 dignitatem,
1014 2109 1041 2173 si
1064 2130 1159 2193 quam
1180 2109 1350 2187 babemus,
1372 2114 1532 2177 consecuti
1554 2133 1608 2175 su-

285 2227 354 2270 mus
376 2229 434 2268 -ε
456 2203 486 2267 8.
509 2226 567 2288 ego
590 2205 687 2288 igitur
707 2203 810 2287 pacis,
840 2212 876 2266 ut
897 2204 941 2267 ita
963 2203 1082 2278 dicam,
1103 2204 1265 2278 alumnus,
1289 2206 1361 2287 qui,
1384 2213 1644 2290 quantuscum·ro

285 2319 347 2382 que
369 2320 438 2362 sum
462 2333 499 2345 -
523 2298 603 2362 nihil
626 2298 711 2360 enim
741 2297 817 2361 mihi
840 2317 954 2380 arrogo
976 2329 1017 2343 -
1040 2298 1109 2361 sine
1131 2317 1209 2380 pace
1231 2297 1316 2361 cirili
1338 2306 1422 2363 certe
1443 2319 1507 2362 non
1529 2298 1608 2362 fuis·

284 2415 349 2457 sem
372 2393 611 2477 -periculose
635 2391 725 2466 dico;
754 2412 848 2475 quern
878 2391 918 2454 ad
941 2391 1071 2455 modum
1092 2391 1268 2475 accepturi,
1300 2400 1404 2475 patres
1427 2392 1608 2475 conscripti,

284 2487 351 2550 sitis
372 2485 504 2559 horreo,
527 2487 583 2549 sed
605 2506 662 2571 pro
686 2506 755 2549 mea
778 2493 929 2569 perpetua
951 2486 1124 2570 eupiditate
1146 2494 1267 2550 vestrae
1288 2485 1449 2568 dignitatis
1471 2488 1608 2550 retinen-

285 2580 343 2644 dae
366 2587 398 2642 et
419 2579 581 2663 augendae
602 2600 721 2665 quaeso
744 2600 864 2663 oroque
886 2601 958 2654 vos,
988 2586 1095 2663 patres
1123 2578 1310 2661 conscripti,
1340 2587 1375 2642 ut
1401 2580 1519 2664 primo,
1548 2579 1607 2642 etsi

285 2675 345 2737 erit
366 2672 417 2736 vel
438 2674 585 2736 acerbum
608 2674 716 2737 auditu
740 2674 790 2737 vel
812 2673 997 2737 incredibile
1019 2692 1037 2735 a
1059 2673 1100 2735 M.
1119 2672 1265 2736 Cicerone
1288 2693 1358 2737 esse
1374 2674 1505 2748 dictum,
1527 2672 1646 2737 acci-re

284 2767 376 2851 piatis
398 2766 466 2829 sine
489 2768 665 2830 offensione
687 2767 773 2851 qnod
796 2768 925 2840 dixero,
955 2786 1035 2830 neve
1063 2763 1094 2829 id
1124 2768 1226 2850 prius,
1257 2786 1353 2850 quarn
1375 2766 1469 2852 quale
1491 2768 1532 2832 sit
1553 2788 1608 2831 ex·

284 2861 421 2943 plicare,
449 2860 621 2945 repudietis
643 2882 703 2922 -ι
732 2882 792 2944 ego
816 2861 883 2934 ille,
906 2860 1009 2923 dicam
1031 2860 1174 2944 saepius,
1200 2862 1287 2943 pacis
1308 2881 1433 2946 semper
1453 2860 1607 2936 laudator,

285 2973 409 3038 semper
431 2962 553 3027 auctor,
575 2974 685 3037 pacem
708 2975 779 3018 cum
802 2956 843 3018 bl.
859 2953 999 3016 Antonio
1022 2975 1092 3018 esse
1114 2955 1200 3017 nolo.
1236 2955 1350 3038 Magna
1371 2975 1428 3037 spe
1450 2955 1609 3039 ingredior

284 3048 317 3111 in
339 3046 492 3131 reliquam
516 3048 707 3122 orationem,
729 3055 832 3132 patres
853 3047 1042 3129 conscripti,
1066 3049 1218 3132 quoniam
1239 3049 1538 3132 periculosissimum
1561 3049 1608 3113 lo·

283 3161 355 3204 curn
377 3141 504 3205 silentio
526 3162 594 3205 sum
617 3149 861 3225 praetervectus.
904 3136 934 3202 9.
959 3139 1020 3205 Cur
1041 3141 1137 3224 igitur
1157 3162 1267 3225 pacem
1288 3144 1387 3206 nolo?
1411 3145 1486 3226 quia
1507 3143 1644 3226 turpisne

284 3244 348 3310 est,
371 3235 448 3319 quia
469 3235 664 3319 periculosa,
687 3235 762 3318 quia
784 3255 932 3298 essenon
954 3241 1070 3317 potest.
1105 3235 1194 3311 Quae
1209 3237 1267 3299 tria
1282 3236 1356 3299 dum
1372 3236 1510 3320 explico,
1532 3243 1607 3319 peto

282 3330 427 3403 avobis,
457 3337 562 3412 patres
585 3329 771 3413 conscripti,
799 3336 835 3392 ut
857 3327 969 3393 eadem
991 3328 1185 3411 benignitate
1206 3349 1269 3413 qua
1291 3330 1400 3393 soletis
1422 3350 1492 3394 mea
1512 3329 1609 3393 verba

283 3422 426 3486 audiatis.

369 3516 453 3593 Quid
476 3524 525 3580 est
546 3516 774 3592 inconstantia,
804 3518 947 3593 levitate,
979 3517 1151 3581 mobilitate
1172 3538 1243 3582 cum
1266 3519 1398 3601 singulis
1419 3519 1608 3594 bominibus,

283 3619 349 3675 turn
363 3631 439 3674 vero
461 3612 609 3675 universo
625 3612 747 3675 senatui
762 3613 906 3697 turpius?
929 3613 1007 3698 quid
1022 3630 1117 3695 porro
1131 3611 1362 3677 inconstantius
1379 3633 1491 3699 quarn,
1513 3628 1645 3699 quernae

283 3704 377 3769 modo
406 3705 529 3769 bostem
558 3725 623 3768 non
651 3705 762 3779 verbo,
792 3707 848 3770 sed
876 3727 910 3769 re
938 3706 1046 3770 multis
1076 3705 1209 3770 decretis
1231 3706 1424 3783 iudicaritis,
1453 3715 1527 3772 cum
1545 3707 1607 3770 boc

283 3800 386 3864 subito
415 3819 524 3882 pacem
556 3799 639 3864 velle
668 3799 843 3883 coniungit
882 3795 932 3863 lo.
955 3801 1022 3862 Nisi
1050 3820 1143 3875 vero,
1172 3820 1244 3862 cum
1274 3799 1308 3862 C.
1331 3800 1456 3866 Caesari
1477 3803 1607 3866 meritos

282 3894 329 3956 illi
352 3891 482 3977 quidem
504 3892 642 3956 bonores
664 3900 695 3956 et
716 3892 857 3968 debitos,
880 3892 934 3957 sed
959 3901 1062 3956 tamur
1086 3893 1262 3976 singulares
1284 3900 1316 3958 et
1338 3895 1529 3959 immortales
1552 3895 1607 3957 de-

283 3988 442 4059 crevistis,
471 4005 566 4048 nnam
589 3986 630 4048 ob
652 4005 793 4059 causam,
824 3986 909 4069 quod
939 3994 1048 4050 contra
1070 3988 1112 4050 n.
1135 3986 1306 4050 Antonium
1329 3988 1499 4052 exercitum
1522 4008 1607 4051 com·

282 4079 470 4164 paravisset,
498 4099 563 4142 non
594 4079 717 4143 bostem
739 4086 806 4142 turn
828 4081 999 4143 Antonium
1021 4080 1234 4155 iudicavistis;
1262 4101 1322 4144 nec
1343 4087 1409 4144 turn
1431 4082 1532 4145 bostis
1559 4089 1644 4147 eston

282 4194 299 4236 a
322 4173 411 4236 vobis
434 4172 590 4236 iudicatus
613 4173 784 4246 Antonius,
815 4193 886 4236 curn
908 4172 1027 4236 laudati
1049 4172 1236 4237 auctoritate
1259 4181 1363 4237 vestra
1387 4176 1527 4238 veterani
1549 4175 1607 4238 mi·

281 4268 370 4341 lites,
390 4269 444 4350 qui
468 4267 500 4329 C.
525 4267 691 4330 Caesarem
713 4266 813 4330 secuti
837 4274 959 4340 essent;
980 4286 1040 4328 nec
1062 4275 1128 4329 tum
1150 4267 1275 4331 bostem
1296 4269 1467 4331 Antonium
1489 4269 1607 4332 iudica·

282 4362 353 4434 stis,
383 4380 453 4424 cum
482 4360 661 4424 fortissimis
691 4360 882 4443 legionibus,
912 4359 999 4444 quod
1027 4360 1133 4435 illurn,
1162 4361 1218 4445 qni
1241 4361 1353 4424 consul
1374 4362 1605 4446 appellabatur,

283 4475 352 4516 cum
376 4460 460 4516 esset
481 4455 601 4529 bostis,
623 4455 842 4539 reliquissent,
866 4454 1061 4528 vacationes,
1084 4456 1250 4538 pecunias,
1273 4474 1364 4536 agros
1380 4456 1606 4540 spopondistis.

282 4549 333 4612 IV.
356 4542 407 4609 ll.
430 4547 534 4623 Quid‘l
568 4568 638 4612 cum
665 4551 813 4622 Brutum,
847 4548 953 4652 omine
981 4546 1118 4631 quodam
1147 4547 1233 4611 illius
1265 4549 1389 4631 generis
1418 4557 1449 4612 et
1469 4551 1643 4614 neminisse

286 4720 448 4730 ———

348 4838 470 4889 soluta
485 4843 593 4901 estg-
611 4837 761 4887 inlustratur
776 4836 839 4885 V-
858 4838 1346 4902 n.poosmosarv-neto.oot.t-
1362 4841 1527 4892 6.tomenV:
1545 4841 1606 4892 midi

281 4914 440 4963 tamenn-
459 4918 509 4976 opt.
526 4913 605 4976 suita
627 4939 653 4950 -
672 4913 696 4963 7.
715 4926 811 4964 manem
828 4913 893 4964 b-
910 4913 935 4965 9.
952 4915 1161 4964 mediocrieV-
1181 4915 1221 4966 lt).
1239 4915 1369 4979 lpum-V:
1387 4917 1552 4980 ἐιαᾳωῦθς
1571 4915 1604 4968 ci.

282 4988 374 5039 llandii
391 4989 466 5039 Ture.
484 4990 532 5049 lll,
550 4988 607 5039 509.
628 5015 654 5026 -
675 4990 716 5038 ll.
734 4989 829 5053 adrogo
845 4989 867 5039 V
881 5015 908 5026 -
925 4988 1001 5052 suine
1017 4989 1080 5039 Ψ-
1100 4990 1139 5040 ⁴2.
1158 4989 1199 5039 dio
1215 4990 1295 5038 Ψ-
1312 4990 1353 5040 43.
1370 4990 1472 5042 horreos
1488 4997 1511 5042 et
1523 4993 1605 5054 proV

282 5061 363 5113 -ll.
382 5061 721 5126 moveornexro-
740 5064 784 5113 etsi
801 5062 838 5113 V:
855 5063 956 5113 εΗ)-
976 5064 1149 5114 15.οεεοοω.
1168 5063 1227 5114 b-
1246 5065 1436 5128 rsooooom.
1455 5078 1470 5116 e
1487 5093 1520 5103 -
1537 5068 1606 5118 dioro

280 5133 358 5184 Ψ-
382 5138 467 5200 proles
486 5136 551 5186 ldV
574 5165 601 5174 -
628 5138 756 5200 ecpltcsro
777 5137 800 5186 V
823 5140 850 5189 et
871 5136 889 5187 b
914 5150 1001 5188 corr:
1026 5138 1186 5200 empliconero
1209 5141 1270 5201 agt
1296 5165 1324 5175 -
1351 5140 1391 5191 ⁴8.
1408 5142 1445 5191 n.
1463 5153 1517 5192 om.
1536 5142 1558 5189 V
1576 5167 1605 5179 -

280 5211 320 5261 90.
340 5211 408 5273 quw]
426 5224 477 5274 ouo
493 5213 534 5261 ter
549 5210 581 5260 Ψ
599 5238 627 5248 -
650 5211 844 5264 asmantiae
860 5212 963 5276 bellota,
976 5212 1028 5263 Do
1047 5238 1073 5249 -
1098 5213 1140 5263 25.
1157 5226 1218 5265 acro
1235 5214 1271 5264 D:
1293 5227 1355 5265 acro
1370 5215 1520 5266 mercna
1535 5217 1557 5264 V
1573 5243 1606 5254 -

280 5285 376 5333 naemei
392 5283 424 5334 b:
442 5290 530 5336 wacta
546 5290 621 5350 egt,
639 5300 681 5337 reo
698 5287 755 5350 (sic)
771 5288 793 5336 V
808 5314 835 5324 -
851 5301 915 5350 poro
932 5287 954 5335 V
972 5313 999 5322 -
1019 5287 1104 5353 wem]
1122 5288 1166 5350 qus
1182 5301 1197 5339 a
1216 5313 1243 5324 -
1262 5289 1303 5339 26.
1316 5289 1460 5340 moretis
1475 5291 1520 5348 V¹;
1538 5292 1606 5341 indi-

279 5357 368 5408 cobr'ttr
384 5361 406 5416 ις
424 5359 579 5411 iudicavistis
595 5361 703 5426 abg-
721 5361 969 5413 27.snbitoVoorr.
984 5374 1017 5412 ex
1032 5362 1094 5412 labit
1109 5389 1142 5399 -
1158 5360 1222 5413 uelli
1242 5366 1265 5422 t;
1284 5363 1445 5415 laamv-
1460 5365 1603 5416 nistVbt:

280 5434 352 5497 puori
368 5446 408 5496 ag
422 5460 447 5469 -
466 5436 554 5486 mento
565 5437 601 5493 V;
619 5439 646 5486 at
662 5437 695 5488 ol.
709 5437 742 5487 de
756 5438 826 5488 Orat.
839 5439 876 5496 11.
895 5437 910 5501 s
922 5437 979 5487 203.
998 5438 1044 5497 111,
1057 5437 1072 5501 ἕ
1085 5437 1125 5499 tl,
1144 5450 1212 5501 quos
1229 5436 1302 5490 locos
1319 5442 1381 5505 epte
1393 5442 1481 5491 Garat.
1495 5453 1605 5505 compe-

280 5510 356 5560 ravit.
370 5535 397 5544 -
416 5510 457 5560 98.
475 5511 512 5560 illi
529 5512 626 5574 oetaeo
642 5512 678 5560 V:
698 5514 795 5575 paim
811 5513 847 5562 illl
864 5515 885 5564 D
901 5537 927 5549 -
947 5514 1042 5563 deuitos
1054 5512 1075 5560 V
1089 5538 1115 5548 -
1134 5513 1309 5576 depulerint
1325 5513 1506 5564 immortntirV
1519 5543 1551 5552 —
1562 5515 1603 5565 29.

281 5582 354 5649 quod]
372 5586 415 5645 qul
431 5585 449 5635 b
463 5612 491 5622 -
508 5599 622 5637 meroem
633 5587 656 5636 V
667 5613 699 5623 -
716 5601 787 5651 coap.
800 5587 860 5636 V-
879 5588 919 5639 30.
938 5593 991 5638 tom
1008 5588 1120 5653 scripsi:
1139 5601 1197 5638 caen
1212 5588 1249 5648 V;
1267 5601 1321 5638 om.
1335 5589 1388 5639 ΒΟ
1405 5591 1544 5653 (omonimo
1559 5591 1606 5639 bo-

280 5665 341 5709 stem
357 5658 385 5721 b,
404 5659 452 5709 sed
468 5660 559 5712 bostem
575 5663 602 5713 in
619 5675 700 5726 marg.
720 5676 758 5713 m.
777 5665 800 5726 t)
822 5688 849 5698 -
867 5664 995 5714 iudicastis
1011 5677 1028 5727 g
1046 5689 1072 5700 -
1092 5663 1133 5713 34.
1153 5661 1255 5714 euobis
1269 5663 1322 5713 iud.
1339 5669 1375 5714 est
1391 5667 1452 5728 agt
1469 5689 1497 5699 -
1516 5663 1556 5713 32.
1575 5665 1603 5714 C.

282 5735 317 5783 V:
336 5748 390 5785 om.
409 5736 457 5786 ΒΟ
473 5763 507 5773 -
522 5750 567 5786 aec
583 5749 636 5787 orn.
656 5739 667 5786 t
685 5761 711 5773 -
731 5737 859 5787 iudicastis
874 5737 910 5786 V:
929 5738 1084 5788 iudicavistis
1099 5738 1162 5787 D-
1181 5737 1222 5789 93.
1238 5738 1368 5800 [amomi
1384 5739 1437 5803 lopo
1454 5736 1485 5787 Ψ
1501 5765 1534 5775 -
1551 5740 1606 5801 pub

282 5810 304 5855 V
322 5834 350 5846 -
370 5809 410 5861 al.
428 5812 570 5862 uacatione
586 5811 625 5862 bt
642 5839 669 5848 -
688 5813 823 5874 peccantes
839 5813 872 5861 Ψ
887 5814 983 5877 partim
1000 5815 1026 5864 in
1044 5827 1142 5877 marg.;
1161 5812 1193 5863 Ψ
1206 5828 1279 5877 pepo.
1296 5813 1403 5865 videtur
1419 5811 1553 5864 babuisse.
1574 5841 1601 5850 -

281 5885 431 5947 spoponderis
447 5886 509 5934 V-
529 5886 569 5939 35.
589 5887 636 5951 Qut
652 5886 670 5937 b
687 5914 720 5924 -
736 5888 818 5939 omine
833 5886 866 5948 b,
884 5890 914 5938 ut
930 5888 1000 5938 coni.
1018 5888 1153 5941 Ferrarius
1169 5886 1239 5954 (coll.
1252 5901 1292 5939 or.
1305 5888 1337 5951 X,
1355 5887 1437 5954 sill:
1455 5887 1552 5938 bonam
1564 5886 1599 5949 V;
1720 5902 1722 5911 ·
