3800 7350
317 1269 379 1336 982
736 1269 887 1336 ORATIO
908 1271 987 1335 PRO
1009 1272 1043 1335 P.
1066 1270 1207 1336 SESTIO

318 1444 383 1508 suis
404 1442 525 1506 civibus
548 1438 686 1503 damnati
708 1446 802 1522 atque
824 1440 965 1524 expulsi,
988 1447 1106 1514 tamen,
1129 1440 1204 1523 quia
1226 1439 1307 1503 bene
1329 1447 1402 1503 suot
1423 1441 1461 1502 de
1477 1439 1543 1502 suis
1558 1439 1635 1504 civi·

318 1536 432 1599 tatibus
454 1534 571 1609 meriti,
593 1539 680 1596 tanta
699 1532 797 1596 hodie
818 1533 918 1615 gloria
938 1543 1013 1597 sunt
1035 1554 1098 1597 non
1119 1535 1152 1596 in
1174 1533 1305 1596 Graecia
1326 1534 1446 1608 solum,
1469 1533 1635 1596 sedetiam

318 1628 402 1712 apud
431 1648 489 1691 nos
515 1635 612 1710 atque
644 1627 676 1689 in
707 1627 820 1689 ceteris
849 1628 955 1702 terris,
985 1636 1115 1702 utens,
1142 1628 1298 1710 aquibus
1320 1627 1366 1689 illi
1388 1628 1531 1710 oppressi
1553 1635 1635 1702 sunt,

318 1742 411 1787 nemo
439 1723 598 1796 nominet,
627 1721 739 1784 horum
770 1720 977 1784 calamitatem
999 1722 1207 1785 dominationi
1228 1721 1354 1785 illorum
1376 1742 1484 1785 omnes
1506 1729 1635 1805 antepo-

295 1824 403 1880 enant.
437 1816 515 1891 Quis
537 1814 844 1897 Karthaginiensium
866 1815 965 1897 pluris
987 1816 1045 1879 fuit
1058 1815 1213 1878 Annibale
1229 1816 1375 1891 consilio,
1397 1817 1519 1890 virtute,
1541 1815 1635 1879 rebus

319 1912 430 1994 gestis,
454 1910 509 1994 qui
530 1929 611 1973 unus
633 1929 704 1971 cum
727 1915 773 1972 tot
793 1909 1034 1991 imperatoribus
1056 1910 1171 1972 nostris
1194 1929 1249 1991 per
1271 1917 1317 1972 tot
1334 1930 1433 1972 annos
1449 1911 1488 1972 de
1503 1911 1635 1993 imperio

319 2004 411 2068 etde
433 2004 533 2086 gloria
553 2002 747 2065 decertavit?
777 2000 870 2064 Hunc
891 2002 942 2064 sui
964 2002 1047 2066 cives
1069 2023 1086 2065 e
1109 2002 1235 2065 civitate
1258 2003 1434 2066 eiecemnt:
1462 2024 1521 2067 nos
1543 2003 1636 2068 etiam

318 2097 441 2161 hostem
462 2097 574 2160 litteris
596 2094 713 2157 nostris
736 2101 768 2157 et
789 2094 940 2157 memoria
961 2095 1104 2158 videmus
1127 2116 1197 2158 esse
1212 2095 1411 2158 celebratum.
1445 2093 1516 2160 443.
1532 2099 1637 2175 Quare

319 2193 477 2256 imitemur
497 2199 621 2255 nostros
643 2192 772 2263 Brutos,
802 2189 966 2263 Camillos,
994 2189 1125 2263 Ahalas,
1154 2190 1281 2262 Decios,
1311 2189 1440 2265 Curios,
1468 2192 1638 2267 Fabricios,

283 2287 492 2361 roblaximos,
514 2285 695 2367 Scipiones,
718 2284 887 2357 Lentulos,
909 2285 1080 2359 Aemilios,
1101 2283 1346 2346 innumerabiles
1363 2284 1458 2360 alios,
1481 2286 1536 2369 qui
1557 2284 1638 2348 hanc

319 2380 563 2462 rempublicam
585 2378 817 2441 stabiliverunt:
840 2397 920 2460 quos
935 2379 1082 2461 equidem
1098 2380 1130 2441 in
1153 2377 1284 2440 deorum
1306 2377 1529 2441 immortalium
1546 2387 1637 2443 coetu

319 2493 357 2536 ac
389 2493 520 2536 numero
546 2491 677 2553 repono.
719 2472 868 2533 Amemus
890 2473 1041 2555 patriam,
1073 2492 1238 2555 pareamus
1261 2473 1402 2546 senatui,
1435 2473 1637 2536 consulamus

318 2568 425 2630 bonis:
447 2573 630 2650 praesentes
651 2564 770 2628 fructus
792 2565 1003 2647 negligamus,
1032 2567 1224 2649 posteritatis
1246 2567 1363 2648 gloriae
1386 2567 1575 2629 serviamus:
1604 2564 1636 2627 id

319 2680 389 2723 esse
410 2661 561 2744 optimum
582 2666 744 2741 putemus,
769 2658 855 2741 quod
878 2659 936 2721 erit
957 2660 1182 2722 rectissimum:
1204 2680 1366 2742 speremus
1381 2680 1462 2743 quae
1481 2660 1637 2731 volumus,

283 2753 375 2820 rtsed
398 2753 484 2838 quod
506 2753 653 2816 acciderit
673 2751 827 2814 feramus:
858 2754 1032 2834 cogitemus
1054 2754 1192 2836 denique
1214 2774 1328 2837 corpus
1351 2756 1486 2817 virorum
1508 2753 1636 2816 fortium

319 2866 567 2930 magnorumque
589 2846 750 2909 hominum
772 2866 842 2908 esse
863 2846 1009 2921 mortale,
1033 2848 1128 2909 animi
1150 2867 1223 2909 vero
1246 2855 1349 2909 motus
1372 2855 1403 2909 et
1424 2847 1547 2911 virtutis
1569 2846 1636 2929 glo-

319 2943 397 3004 riam
420 2943 658 3023 sempiternam:
682 2959 785 3022 neque
807 2940 888 3003 hanc
911 2941 1094 3021 opinionem
1118 2941 1143 3002 si
1166 2942 1199 3002 in
1219 2941 1274 3004 illo
1290 2941 1486 3004 sanctissimo
1501 2938 1637 3003 Hercule

320 3042 536 3097 consecratam
557 3034 715 3108 videmus,
738 3033 827 3096 cuius
849 3051 981 3115 corpore
1002 3033 1146 3096 ambusto
1162 3036 1255 3097 vitam
1280 3034 1348 3096 eius
1364 3041 1396 3096 et
1409 3034 1557 3095 virtutem
1579 3032 1637 3095 im·

319 3127 493 3190 mortalitas
516 3127 678 3208 excepisse
701 3125 838 3201 dicatur,
869 3128 973 3189 minus
1002 3127 1216 3207 existimemus
1239 3148 1310 3200 eas,
1340 3128 1395 3209 qui
1416 3126 1498 3189 hanc
1520 3132 1636 3188 motam

282 3241 386 3287 rorem
414 3220 572 3303 publicam
603 3221 669 3283 suis
697 3219 837 3282 consiliis
863 3229 920 3282 'aut
940 3220 1101 3283 laboribus
1123 3229 1178 3284 aut
1199 3221 1345 3284 auxerint
1366 3227 1421 3282 aut
1442 3218 1637 3282 defenderint

320 3315 564 3387 conservarint,
591 3333 660 3376 esse
682 3314 889 3376 immortalem
912 3315 1043 3396 gloriam
1065 3324 1262 3377 consecutos.
1570 3306 1577 3320 “

404 3408 515 3469 LXIX.
539 3402 610 3469 444.
633 3406 695 3470 Sed
717 3426 767 3469 me
789 3415 934 3491 repente,
966 3407 1103 3482 iudices,
1126 3407 1165 3470 de
1187 3408 1428 3471 fortissimorum
1450 3411 1481 3467 et
1502 3404 1637 3467 clarissi-

320 3522 441 3565 morum
463 3502 579 3564 civium
602 3501 753 3589 dignitate
775 3509 807 3564 et
829 3501 928 3583 gloria
949 3502 1103 3564 dicentem
1127 3510 1159 3564 et
1179 3503 1271 3585 plura
1293 3502 1387 3564 etiam
1406 3498 1511 3561 dicere
1525 3517 1638 3581 paran-

321 3602 383 3659 tem
405 3595 517 3658 horum
540 3596 707 3678 adspectus
730 3595 762 3656 in
781 3594 850 3678 ipso
867 3616 960 3658 cursu
975 3596 1125 3659 orationis
1140 3598 1298 3680 repressit.
1321 3593 1421 3658 Video
1441 3592 1474 3653 P.
1491 3591 1635 3667 Sestium,

283 3711 409 3758 aameae
437 3690 565 3765 salutis,
595 3697 717 3752 vestrae
745 3689 954 3765 auctoritatis,
983 3691 1128 3774 publicae
1151 3710 1262 3754 causae
1284 3689 1496 3760 defensorem,
1518 3707 1636 3771 propu-

320 3793 498 3869 gnatorem,
528 3790 683 3857 actorem,
711 3802 818 3857 reum;
848 3784 940 3846 video
969 3785 1054 3846 hunc
1074 3792 1302 3868 praetextatum
1325 3785 1393 3846 eius
1414 3779 1512 3846 filium
1534 3781 1635 3844 oculis

320 3878 555 3942 lacrimantibus
578 3898 628 3940 me
650 3877 841 3952 intuentem;
864 3878 956 3940 video
976 3878 1141 3952 Milonem,
1164 3879 1320 3941 vindicem
1334 3885 1456 3940 vestrae
1472 3876 1634 3948 libertatis,

320 3972 483 4036 custodem
511 3972 620 4034 salutis
648 3990 753 4044 meae,
783 3970 963 4051 subsidium!
986 3971 1119 4034 afflictae
1145 3973 1191 4034 rei
1220 3972 1383 4052 publicae,
1413 3971 1634 4054 exstinctorem

320 4067 484 4130 domestici
509 4065 683 4136 latrocinii,
706 4085 917 4146 repressorem
936 4065 1040 4127 caedis
1056 4066 1268 4147 quotidianae,
1290 4064 1488 4127 defensorem
1503 4063 1636 4145 templo·

283 4179 388 4225 aarum
411 4169 507 4242 atque
529 4166 703 4232 tectorum,
725 4158 916 4240 praesidium
940 4161 1060 4232 curiae,
1091 4158 1284 4222 sordidatum
1308 4167 1339 4221 et
1361 4178 1466 4233 reum;
1488 4159 1580 4221 video
1602 4158 1635 4219 P.

320 4252 503 4325 Lentulum,
534 4253 623 4314 cuius
646 4271 703 4333 ego
731 4260 851 4332 patrem
874 4251 966 4315 deum
988 4274 1024 4315 ac
1045 4261 1206 4335 parentem
1230 4262 1332 4315 statuo
1354 4251 1500 4314 fortunae
1521 4271 1558 4313 ac
1580 4271 1637 4313 no·

320 4345 413 4407 minis
436 4345 497 4407 mei
520 4353 552 4407 et
571 4344 676 4407 fratris
698 4364 867 4428 rerumque
889 4355 1082 4419 nostrarum,
1105 4348 1136 4408 in
1158 4348 1218 4408 hoc
1234 4347 1346 4409 misero
1362 4344 1509 4427 squalore
1524 4352 1555 4406 et
1570 4364 1636 4406 sor-

321 4437 427 4499 dibus:
459 4440 507 4501 cui
536 4438 681 4521 superior
711 4458 812 4501 annus
839 4439 924 4501 idem
946 4447 978 4501 et
999 4440 1121 4502 virilem
1142 4441 1239 4522 patris
1261 4448 1291 4502 et
1313 4443 1505 4522 praetextam
1527 4437 1637 4519 populi

319 4530 438 4594 iudicio
460 4539 566 4614 togam
588 4532 727 4606 dederit,
754 4533 839 4594 hunc
860 4532 919 4595 hoc
941 4553 1024 4595 anno
1047 4533 1079 4594 in
1100 4533 1160 4594 huc
1182 4542 1254 4615 toga
1275 4532 1447 4615 rogationis
1468 4530 1635 4593 iniustissi-

283 4642 390 4692 temae
412 4624 546 4688 subitam
567 4626 768 4688 acerbitatem
789 4646 847 4708 pro
869 4635 969 4709 patre,
990 4627 1160 4690 fortissima
1183 4634 1214 4689 et
1229 4626 1401 4690 clarissimo
1423 4624 1501 4698 cive,
1524 4624 1635 4706 depre-

386 4977 410 5027 3.
428 4982 485 5026 eunt
501 4978 530 5026 S:
552 4977 601 5026 sint
622 4981 680 5029 PG.
705 4979 743 5028 Cf.
762 4979 888 5030 Wesenb.
908 4995 934 5044 p.
954 4982 994 5031 68.
1014 5007 1040 5015 -
1064 4982 1089 5030 5.
1107 4981 1342 5044 carthaginiensium
1358 4984 1404 5033 PG
1423 5008 1448 5017 —
1471 4984 1590 5036 Annibale
1607 4990 1635 5038 P¹

320 5055 348 5103 et
363 5054 505 5104 Arusianus
524 5054 557 5116 (p.
575 5054 623 5103 454
640 5053 738 5115 Lind.):
757 5055 895 5104 Hannibale
910 5055 1010 5109 1>er
1030 5055 1063 5105 cl.
1079 5056 1241 5106 0.1ahn.ad
1258 5055 1362 5106 Florum
1379 5070 1404 5121 p.
1418 5058 1515 5110 xxxa.
1529 5088 1556 5096 -
1576 5063 1600 5112 7.
1613 5069 1636 5113 ct

318 5128 402 5192 gloria
419 5129 440 5176 G
457 5154 484 5162 -
502 5128 567 5176 banc
577 5153 614 5163 -·
624 5130 746 5179 emanant
764 5130 893 5192 (amantur
904 5131 973 5193 cod.)
991 5131 1073 5182 babet
1088 5135 1108 5184 A
1128 5160 1154 5169 -
1174 5146 1218 5183 uos
1234 5135 1309 5184 etiam
1325 5138 1344 5185 P
1358 5161 1384 5170 —
1404 5135 1428 5184 9.
1445 5135 1560 5198 [obritiae
1575 5140 1636 5189 P—

320 5201 360 5251 43.
376 5202 513 5263 praesentis
527 5203 560 5265 tr.
573 5203 730 5266 neglegamus
746 5207 796 5256 PG
813 5233 840 5242 -
860 5204 900 5256 44.
918 5212 1045 5268 optmnam
1062 5210 1121 5256 G—
1139 5208 1252 5258 volamus
1267 5210 1309 5258 sed
1326 5211 1391 5271 qaod
1407 5211 1426 5260 P
1443 5212 1537 5275 partim
1554 5213 1579 5262 in
1596 5227 1636 5262 ra·

319 5289 382 5327 sura
399 5276 493 5340 partim
510 5289 569 5341 sup.
589 5276 632 5326 lin.
651 5277 732 5329 babet
749 5292 764 5329 a
782 5292 817 5328 m.
831 5281 861 5338 4;
879 5282 920 5330 sed
936 5294 990 5330 om.
1004 5284 1024 5331 G
1040 5309 1073 5319 -
1090 5284 1129 5332 td.
1147 5297 1346 5347 magnorumque
1362 5287 1392 5333 S:
1410 5299 1561 5350 magnorum
1576 5290 1634 5349 PG,

319 5348 361 5400 olii
378 5350 443 5400 dett.
463 5376 489 5385 -
509 5352 548 5400 tt.
568 5353 666 5403 dicatur
686 5357 747 5405 PG:
773 5355 864 5404 datur
886 5356 944 5412 s0;
968 5356 1000 5406 cl.
1019 5359 1103 5408 Madv.
1123 5372 1148 5422 p.
1168 5361 1225 5409 506.
1245 5384 1272 5394 -
1295 5360 1335 5409 40.
1354 5366 1405 5409 aut
1419 5361 1466 5411 lab.
1487 5361 1581 5412 codd:
1605 5377 1636 5412 ac
1700 5380 1703 5385 ·

318 5426 368 5476 lab.
387 5426 406 5476 Ο
428 5452 452 5460 -
475 5432 520 5474 aut
541 5435 667 5477 aaccrunt
683 5433 728 5478 aut
745 5430 902 5492 defenderant
918 5436 963 5479 ant
979 5437 1109 5481 servarant
1126 5433 1184 5482 cod.
1204 5433 1308 5493 bamb,
1327 5433 1397 5497 quod
1414 5436 1541 5486 Wesenb.
1561 5451 1586 5501 p.
1605 5438 1636 5488 68

319 5501 447 5568 praefert,
472 5502 543 5564 quod
561 5503 614 5552 Cic.
633 5505 658 5553 in
676 5505 733 5553 eius
755 5504 826 5555 modi
849 5507 996 5570 periphrasi
1013 5507 1152 5557 indicativo
1170 5509 1207 5557 uti
1224 5506 1316 5557 soleat.
1336 5535 1362 5544 -
1385 5510 1424 5558 44.
1443 5512 1599 5562 inmortalem
1615 5515 1635 5563 G

320 5603 347 5613 -
365 5582 536 5626 consecuturos
553 5578 612 5626 Ι.-
631 5577 671 5628 Sl.
690 5584 802 5639 aspectus
819 5582 864 5630 PG
880 5608 906 5616 -
925 5583 965 5631 45.
982 5581 1079 5642 publice
1094 5586 1113 5632 P
1129 5610 1154 5617 -
1174 5585 1215 5632 46.
1228 5588 1337 5632 actorem
1353 5588 1384 5634 P:
1403 5590 1530 5635 auctorem
1542 5587 1591 5637 GO
1605 5613 1632 5624 -

318 5653 359 5703 47.
377 5650 572 5702 memorantibus
588 5654 607 5702 P
627 5679 652 5689 -
671 5659 772 5705 nostrae
788 5655 807 5704 L
825 5681 852 5691 -
874 5657 915 5706 48.
933 5657 1047 5720 adflictam
1064 5659 1082 5707 P
1102 5684 1128 5693 —
1147 5658 1308 5707 extinctorem
1323 5661 1372 5708 PG
1392 5686 1417 5694 -
1437 5660 1477 5709 49.
1496 5662 1637 5711 cotidianae

317 5729 390 5787 Pfitt
409 5727 538 5776 clodianae
555 5729 586 5777 Gt
603 5755 625 5762 -
644 5727 684 5778 34.
702 5730 751 5778 mei
766 5734 790 5779 et
804 5731 893 5793 fratris
909 5744 1040 5793 rerumque
1056 5736 1199 5782 nostrarum
1210 5733 1239 5781 S:
1257 5732 1306 5782 mei
1320 5733 1409 5796 patris
1422 5749 1555 5798 coramque
1566 5739 1634 5801 (sup.

317 5816 345 5853 eo
362 5806 403 5854 est
418 5803 441 5865 r)
458 5805 600 5852 nosnonnr
616 5802 649 5862 P,
675 5802 738 5852 item
761 5804 794 5865 G,
820 5803 868 5855 sed
889 5805 932 5856 hic
952 5806 1040 5867 [ratris
1059 5808 1107 5856 mei
1130 5835 1156 5843 -
1184 5807 1223 5857 33.
1242 5808 1282 5857 cai
1298 5833 1334 5844 -·
1351 5809 1443 5860 dederit
1464 5810 1545 5862 babet
1563 5815 1585 5863 A
1604 5838 1633 5850 -

317 5876 357 5928 34.
375 5877 422 5926 trac
438 5882 522 5941 togam
545 5875 600 5941 (litt.
618 5890 644 5927 m
660 5877 800 5942 expuncta)
817 5880 836 5929 P
859 5903 886 5916 -
911 5882 1188 5947 rogationisnacerb.
1211 5882 1293 5934 habet
1313 5887 1333 5935 A
1355 5910 1384 5921 -
1411 5885 1452 5938 35.
1470 5884 1569 5936 silbam
1588 5884 1630 5945 P¹;

315 5951 464 6018 mbiitt‘lth
482 5980 508 5990 -
527 5952 688 6003 aceruitmmn
703 5955 732 6004 P.

1582 6062 1596 6117 l
