3800 7350
299 1212 362 1278 908
683 1218 736 1283 DE
758 1214 1017 1282 flauusricuir
1036 1214 1253 1280 RESPONSlS

300 1391 406 1449 tentus
428 1387 470 1450 sit
490 1386 528 1449 iis
550 1385 738 1460 sceleribus,
760 1405 844 1469 quae
862 1386 1033 1461 commisit,
1056 1404 1126 1448 esse
1141 1385 1251 1448 seiam
1267 1390 1484 1447 consecratum
1498 1383 1619 1458 Miloni,

300 1478 329 1542 si
353 1479 439 1562 quod
464 1480 497 1541 in
522 1499 572 1543 me
595 1480 693 1543 telum
714 1480 899 1555 intenderit,
922 1482 1027 1543 statim
1049 1500 1099 1543 me
1122 1499 1191 1543 esse
1213 1485 1408 1561 arrepturum
1429 1496 1517 1541 arma
1537 1478 1620 1541 iudi·

300 1572 420 1636 ciorum
442 1580 538 1658 atque
559 1574 675 1656 legum.
749 1655 753 1663 1

383 1663 414 1728 8.
436 1667 539 1750 Atque
560 1668 655 1750 paulo
676 1676 765 1743 ante,
788 1677 893 1751 patres
916 1668 1101 1750 conscripti,
1123 1667 1302 1730 contionem
1320 1665 1446 1741 habuit,
1468 1684 1551 1748 quae
1573 1672 1621 1729 est

277 1760 339 1824 sad
361 1779 412 1823 me
433 1767 499 1827 tota
520 1761 640 1825 delata:
662 1763 752 1826 cuius
774 1763 932 1826 contionis
953 1764 1089 1845 primum
1111 1761 1293 1825 universum
1309 1766 1528 1843 argumentum
1549 1779 1621 1822 sen·

299 1855 493 1936 tentiamquc
520 1856 636 1919 audite.
673 1856 750 1920 Cum
777 1857 908 1921 riseritis
938 1854 1164 1939 impudentiam
1194 1854 1350 1929 hominis,
1380 1862 1446 1917 tum
1468 1872 1487 1915 a
1508 1873 1559 1915 me
1580 1853 1620 1916 dc

300 1954 365 2013 tota
386 1948 534 2012 contione
554 1948 701 2013 audietis.
742 1952 779 2014 V.
795 1953 840 2014 ne
863 1950 1068 2034 religionibus
1094 1951 1192 2013 sacris
1214 1958 1245 2013 et
1267 1948 1467 2012 caerimoniis
1482 1955 1531 2010 est
1546 1967 1621 2010 con·

300 2042 454 2115 tinuatur,
475 2050 581 2124 patres
602 2045 789 2127 conscripti,
813 2044 962 2107 Clodius:
984 2046 1017 2106 P.
1032 2044 1162 2127 inquam
1185 2043 1315 2106 Clodius
1337 2060 1426 2105 sacra
1441 2048 1474 2105 et
1494 2041 1621 2124 religio·

300 2155 357 2198 nes
378 2135 514 2218 negligi,
536 2137 665 2213 violari,
687 2138 788 2220 pollui
812 2145 943 2221 questus
966 2145 1033 2208 est,
1058 2140 1127 2201 Non
1150 2138 1280 2213 mirum,
1306 2138 1333 2199 si
1353 2136 1414 2198 hoc
1436 2136 1526 2199 vobis
1547 2136 1622 2199 ridi-

265 2229 405 2292 ioculum
426 2229 564 2293 videtur:
587 2232 681 2294 etiam
704 2252 761 2296 sua
783 2233 891 2295 contio
914 2233 984 2295 risit
1005 2232 1181 2307 hominem,
1203 2251 1266 2314 quo
1289 2230 1382 2293 modo
1403 2230 1473 2310 ipse
1494 2229 1621 2311 gloriari

301 2322 398 2397 solet,
421 2321 565 2387 ducentis
587 2325 747 2389 confixum
769 2326 869 2388 senati
892 2326 1062 2401 consultis,-
1086 2345 1167 2409 quae
1190 2331 1266 2389 sunt
1280 2320 1386 2388 omnia
1402 2330 1512 2386 contra
1532 2322 1622 2385 illum

300 2436 359 2499 pro
380 2417 587 2500 religionibus
608 2419 707 2495 sacta,
733 2420 958 2503 hominemque
980 2440 1070 2493 eum,
1093 2420 1148 2502 qui
1175 2418 1393 2502 pulvinaribus
1415 2420 1522 2481 Bonae
1543 2417 1623 2481 deae

278 2523 282 2530 ’
300 2515 443 2591 stuprum
465 2511 608 2577 intulerit
628 2533 731 2598 eaque
753 2533 858 2589 sacra,
891 2532 974 2597 quae
999 2512 1057 2575 viri
1079 2513 1239 2576 oculisne
1262 2512 1472 2596 imprudentis
1494 2513 1624 2595 quidem

300 2599 423 2683 adspici
443 2601 491 2668 fas
514 2613 577 2681 est,
599 2627 664 2670 non
686 2607 789 2670 solum
810 2607 964 2691 adspectu
978 2606 1074 2681 virili,
1097 2606 1154 2669 sed
1169 2607 1287 2689 flagitio
1303 2613 1475 2690 stuproque
1489 2606 1623 2679 violarit,

265 2695 334 2761 itin
356 2696 504 2761 contione
525 2699 565 2763 de
587 2700 793 2784 religionibus
816 2702 968 2783 neglectis
990 2702 1152 2783 conqueri.
1188 2698 1218 2762 9.
1240 2701 1353 2784 ltaque
1375 2720 1459 2763 nunc
1479 2700 1624 2783 proxima

301 2788 407 2851 contio
428 2790 497 2855 eius
519 2802 720 2877 exspectatur
740 2795 781 2857 de
801 2795 962 2877 pudicitia.
993 2794 1078 2870 Quid
1101 2794 1186 2857 enim
1201 2794 1348 2868 interest,
1370 2801 1476 2858 utrum
1490 2793 1531 2856 ab
1545 2793 1624 2856 alta·

300 2882 388 2946 ribus
411 2884 659 2968 religiosissimis
678 2888 807 2971 rugatus
829 2889 868 2952 de
890 2890 986 2952 sacris
1010 2896 1042 2951 et
1061 2888 1268 2970 religionibus
1283 2897 1507 2971 conqueratur,
1529 2910 1568 2953 an
1583 2908 1624 2951 ex

302 2995 448 3040 sororum
469 2980 615 3045 cubiculo
636 3002 782 3064 egressus
795 2983 948 3065 pudorem
965 2982 1212 3066 pudicitiamque
1227 2980 1396 3045 defendor
1427 2984 1624 3067 Responsum

302 3070 503 3155 haruspicum
525 3074 586 3138 hoc
607 3096 717 3138 recens
738 3075 777 3138 de
799 3075 925 3139 fremitu
947 3076 981 3138 in
996 3075 1145 3140 contione
1160 3075 1318 3149 recitarit,
1340 3076 1373 3137 in
1388 3096 1453 3159 quo
1468 3097 1540 3140 cum
1554 3078 1624 3142 aliis

265 3166 412 3230 romultis
432 3168 584 3250 scriptum
607 3170 702 3232 etiam
724 3170 804 3233 illud
827 3177 891 3243 est,
914 3170 947 3231 id
970 3169 1059 3253 quod
1081 3168 1231 3244 audistis,
1254 3187 1335 3232 noca
1357 3190 1453 3234 sacra
1475 3191 1516 3234 nr
1538 3193 1626 3237 nunr-

305 3278 395 3322 orosa
417 3277 561 3325 raoraru
584 3281 713 3327 nannai.
756 3266 793 3327 ln
815 3284 852 3327 ea
874 3282 970 3326 causa
993 3283 1062 3326 esse
1085 3262 1165 3325 dixit
1186 3262 1312 3326 domum
1328 3283 1445 3339 meam,
1467 3266 1627 3348 areligio·

303 3352 428 3415 sissimo
456 3355 634 3430 sacerdote,
664 3359 697 3419 P.
726 3358 853 3431 Clodio,
888 3364 1114 3420 consecratam.
1157 3351 1208 3418 tii.
1231 3356 1360 3420 Gaudeo
1390 3358 1468 3422 mihi
1498 3360 1537 3422 de
1559 3367 1626 3423 toto

303 3446 365 3509 hoe
385 3454 527 3522 ostento,
550 3449 637 3533 quod
659 3450 744 3515 haud
766 3452 831 3516 scio
855 3472 895 3515 an
911 3452 1129 3533 gravissimum
1145 3450 1252 3513 multis
1266 3450 1316 3513 his
1331 3452 1421 3514 annis
1435 3450 1509 3515 huic
1524 3452 1627 3515 ordini

305 3542 482 3606 nuntiatum
504 3544 562 3619 sit,
592 3546 696 3609 dauni
719 3566 783 3609 non
807 3545 901 3608 modo
924 3546 1056 3618 iustam,
1079 3544 1134 3607 sed
1157 3544 1251 3607 etiam
1273 3546 1480 3609 necessariam
1501 3566 1627 3610 causam

267 3650 376 3700 rt'esse
398 3635 534 3701 dicendi.
573 3639 748 3722 Reperietis
771 3640 854 3703 enim
877 3658 917 3702 ex
938 3639 998 3702 hoc
1020 3645 1085 3701 toto
1108 3638 1254 3722 prodigio
1277 3645 1373 3723 atque
1394 3659 1546 3724 responso
1568 3660 1627 3705 nos

306 3731 345 3794 de
366 3728 457 3793 istius
479 3733 598 3795 scelere
619 3752 656 3796 ac
676 3732 782 3797 furore
804 3753 841 3797 ac
863 3734 903 3796 de
924 3732 1182 3816 impendentibus
1204 3733 1353 3815 periculis
1368 3735 1513 3799 maximis
1528 3755 1627 3820 prope

305 3825 369 3888 iam
396 3845 474 3888 voce
508 3821 593 3891 loris
621 3828 732 3910 optimi
760 3827 889 3890 maximi
918 3828 1108 3910 promoueri.
1153 3821 1202 3888 ti.
1233 3827 1296 3890 Sed
1324 3827 1461 3911 primum
1491 3829 1627 3913 expiabo

305 3919 491 4002 relig'onem
512 3921 637 3985 aedium
659 3942 817 3996 mearum,
846 3922 873 3984 si
895 3919 928 3982 id
953 3920 1058 3983 iacere
1080 3940 1154 3983 vere
1177 3940 1214 3983 ac
1235 3919 1304 3983 sine
1328 3921 1521 4005 cuiusquam·
1537 3923 1628 3986 dubi·

306 4013 425 4077 tatione
446 4022 573 4097 potero:
603 4017 652 4078 sin
675 4016 831 4098 scripulus
853 4015 1057 4078 tenuissimus
1078 4015 1217 4078 residere
1239 4015 1356 4098 aliquis
1373 4015 1540 4090 videbitur,
1561 4037 1626 4080 non

269 4107 401 4172 eomodo
429 4111 576 4191 patienti,
606 4110 661 4174 sed
688 4110 782 4173 etiam
811 4110 921 4173 libenti
950 4111 1055 4172 animo
1076 4108 1230 4191 portentis
1253 4108 1383 4173 deorum
1402 4110 1626 4173 immortalium

305 4203 518 4287 relig'onique
539 4204 667 4286 parebo.

390 4298 444 4358 Vl.
466 4297 529 4360 Sed
551 4317 632 4380 quae
654 4298 781 4362 tandem
803 4305 852 4361 est
872 4297 905 4361 in
922 4297 983 4360 hac
997 4295 1072 4360 urbe
1087 4304 1174 4361 tanta
1189 4296 1301 4361 domus
1315 4297 1355 4360 ab
1370 4297 1431 4361 ista
1446 4300 1627 4383 suspicione

307 4390 467 4473 relig‘onis
496 4398 559 4454 tam
588 4412 687 4455 vacua
714 4399 809 4474 atque
832 4396 936 4476 purai
982 4390 1181 4475 Quamquam
1209 4399 1332 4455 restrae
1361 4391 1490 4468 domus,
1525 4401 1628 4476 patres

308 4484 493 4565 conscripti,
525 4492 764 4569 ceterorumque
796 4487 911 4549 civium
939 4485 1040 4548 multo
1070 4486 1206 4548 maxima
1237 4505 1276 4548 ex
1305 4492 1394 4568 parte
1415 4494 1490 4549 sunt
1509 4485 1628 4550 liberae

271 4576 477 4659 rereligione,
506 4586 611 4640 tamam
633 4597 697 4641 una
718 4598 788 4641 mea
811 4578 923 4642 domus
944 4565 1241 4642 iudiciis'omnihus
1262 4578 1394 4643 liberata
1415 4580 1449 4641 in
1470 4579 1530 4643 hac
1551 4579 1628 4642 urbe

308 4669 377 4732 sola
398 4676 455 4732 est
484 4673 529 4735 Te
551 4671 637 4733 enim
657 4672 793 4755 appello,
809 4672 952 4747 Lentule,
968 4679 999 4736 et
1013 4681 1055 4746 te,
1077 4673 1222 4755 Philippa
1237 4706 1279 4719 -
1294 4695 1335 4736 ex
1349 4674 1411 4737 hoc
1425 4673 1629 4756 haruspicum

308 4782 460 4846 responso
483 4766 622 4828 decrevit
643 4774 787 4840 senatus,
809 4774 845 4829 ut
866 4767 905 4829 de
927 4766 1005 4829 locis
1028 4765 1125 4829 sacris
1147 4767 1303 4849 religiosis
1325 4767 1365 4831 ad
1387 4768 1472 4831 hune
1487 4770 1630 4832 ordinem

867 4918 1050 4926 ..n—“—

375 5016 399 5066 4.
418 5015 456 5081 iis]
473 5018 495 5066 ir
511 5013 539 5067 P¹
558 5043 585 5052 -
604 5015 761 5066 curceium
779 5029 841 5067 nos:
860 5028 910 5065 esse
925 5016 979 5065 iam
996 5016 1029 5075 C;
1047 5017 1100 5066 tom
1116 5030 1141 5067 se
1157 5030 1208 5068 csse
1224 5017 1244 5067 0
1262 5043 1290 5052 ·-
1308 5018 1333 5068 2.
1353 5018 1378 5066 io
1393 5018 1516 5068 metellum
1533 5020 1582 5069 GE
1602 5045 1628 5056 —-

309 5089 334 5141 4.
353 5094 428 5152 atque
444 5091 477 5141 C:
494 5092 569 5153 Atqui
585 5091 605 5141 0
624 5090 746 5152 -poulo
762 5093 828 5142 PG:
849 5090 938 5152 paullo
955 5091 975 5141 0
993 5117 1020 5127 —
1042 5094 1180 5142 eootboom
1196 5093 1293 5144 PGM:
1317 5093 1460 5143 concionem
1476 5094 1496 5144 0
1515 5095 1587 5156 (item
1603 5107 1629 5142 v.

309 5166 334 5216 t.
347 5164 382 5227 7.)
397 5190 423 5200 -
442 5166 467 5215 7.
483 5168 530 5217 rel.
543 5172 567 5218 et
582 5168 661 5216 socru
676 5180 744 5216 coer.
757 5168 956 5217 Mommsenius.
972 5194 999 5203 -
1018 5168 1043 5217 9.
1060 5169 1156 5231 ocplcgi
1167 5170 1215 5219 PG
1229 5196 1256 5205 -
1278 5169 1412 5219 theorito
1429 5172 1463 5219 G:
1482 5169 1567 5219 coccio
1583 5169 1631 5219 ΡΟ

312 5267 339 5278 -
359 5242 399 5291 44.
411 5243 491 5292 renuti
508 5243 545 5294 .C.
563 5254 628 5303 quoe
643 5244 662 5292 P
679 5243 815 5305 (punctum
833 5242 892 5292 ante
910 5239 1024 5292 litteram
1041 5242 1160 5293 Cestio
1176 5255 1258 5306 parvo
1275 5243 1390 5305 rasurai:
1408 5243 1633 5294 smotcscoomitic

310 5318 508 5379 quoeGEMO.
528 5317 566 5368 ci.
578 5330 605 5382 p.
620 5317 675 5377 407,
688 5318 729 5368 28.
748 5317 805 5378 040,
819 5318 858 5367 47.
872 5342 899 5352 -
920 5317 960 5367 ti.
974 5317 1025 5381 qui]
1043 5318 1169 5380 004441-
1189 5317 1228 5368 43.
1246 5319 1401 5380 inprudentis
1416 5321 1435 5370 P
1450 5346 1477 5355 -
1496 5319 1536 5370 44.
1555 5320 1633 5383 aspici

309 5397 458 5453 --urpcctu
473 5395 522 5445 PG
542 5416 568 5428 -
589 5393 629 5442 td.
646 5394 836 5443 coctiooePG:
854 5392 1020 5451 ammoneo,
1041 5393 1106 5442 item
1122 5406 1148 5441 v.
1167 5393 1207 5442 46.
1226 5392 1266 5442 49.
1287 5418 1314 5428 -
1333 5393 1373 5442 48.
1390 5394 1513 5459 sorciaco]
1531 5407 1634 5444 morum

311 5468 346 5526 C3
364 5480 469 5517 suorum
484 5480 599 5517 toronen
615 5464 783 5518 Halmius·
803 5468 842 5518 49.
860 5467 1005 5528 aruspicum
1020 5468 1087 5525 Pht3
1106 5466 1308 5528 abrupimus.
1327 5467 1365 5517 De
1382 5468 1570 5532 orthographia
1586 5469 1634 5518 hu·

311 5542 351 5592 ius
368 5542 455 5603 vocis,
477 5543 503 5592 in
524 5554 577 5605 qua
594 5554 628 5591 oe
649 5541 740 5604 optimi
760 5541 869 5604 quidem
886 5541 993 5592 codices
1009 5540 1059 5591 sihi
1077 5544 1211 5601 constant,
1234 5541 1302 5592 coni.
1321 5540 1447 5593 dutrechi
1462 5544 1598 5606 Zeiircirrist
1611 5544 1631 5606 s.

309 5616 388 5680 carpi.
405 5617 635 5680 Sprechporrchuop
651 5616 697 5678 ili,
715 5629 742 5681 p.
756 5616 804 5668 404
820 5630 881 5680 sqq.
894 5642 922 5652 -
940 5615 981 5666 23.
1000 5616 1060 5665 baut
1076 5618 1124 5666 PG
1145 5642 1168 5652 -
1189 5617 1230 5668 ri.
1244 5616 1391 5666 cuodmum
1406 5619 1426 5668 P
1440 5644 1465 5655 —
1485 5619 1526 5669 26.
1545 5619 1633 5680 iopes-

311 5690 422 5741 dcntibus
436 5695 456 5743 P
472 5718 506 5730 -
521 5691 563 5741 34.
577 5691 722 5755 promoueri
738 5692 799 5742 PE:
814 5691 1011 5754 prosocer-ihi,
1028 5693 1186 5753 praenosco·
1203 5693 1252 5742 GO
1265 5718 1293 5729 -
1311 5691 1352 5741 00.
1370 5693 1493 5753 scripulru
1508 5695 1542 5744 P:
1560 5706 1633 5742 rou-

309 5766 385 5828 putus
400 5768 512 5819 GEhtO
531 5793 558 5803 -
577 5762 843 5817 circumstemur
860 5769 919 5818 L-
939 5767 980 5817 30.
996 5767 1106 5828 portarii
1121 5768 1140 5816 P
1159 5792 1186 5801 -
1205 5765 1246 5815 34.
1263 5764 1430 5827 roiipiocaque
1444 5769 1486 5826 P¹;
1504 5765 1635 5829 religioni·

313 5839 405 5904 burquc
420 5844 445 5894 ii
457 5869 484 5878 -
503 5842 545 5892 32.
562 5841 699 5904 moptciooe
716 5841 855 5904 (sopitione
871 5842 900 5904 P)
916 5841 1044 5905 rcllpiooir
1054 5842 1088 5892 C:
1105 5839 1233 5907 religionis
1247 5839 1414 5902 mapiciooco
1431 5865 1457 5877 -
1477 5840 1517 5891 33.
1537 5842 1633 5904 Quoci-

328 5915 399 5981 uom]
416 5917 592 5978 mosor-
611 5915 809 5982 diimrpicum
824 5918 858 5977 G;
876 5916 1014 5980 cupiam
1028 5918 1057 5968 P.
