3800 7350
298 1186 380 1257 teet
717 1190 869 1301 oleario
895 1191 937 1256 lN
960 1191 995 1256 L.
1016 1189 1193 1255 PISONEM

299 1363 329 1426 ei
360 1362 539 1426 carissimus
568 1379 687 1435 essem,
719 1361 808 1423 cuius
830 1380 889 1443 ego
911 1380 952 1423 ne
972 1359 1135 1423 beneficiis
1158 1357 1286 1442 quidem
1308 1359 1494 1422 sententiam
1513 1375 1620 1428 meam

299 1455 509 1521 tradidissem.
564 1452 710 1518 Adducta
738 1474 788 1516 res
818 1454 852 1515 in
882 1462 1039 1518 certamen
1069 1461 1100 1516 te
1131 1452 1263 1515 consule
1294 1452 1482 1535 putabatur,
1516 1458 1622 1516 utrum

300 1567 382 1632 quae
414 1548 578 1630 superiore
609 1568 692 1611 anno
725 1547 777 1610 ille
806 1549 958 1630 gessisset
979 1553 1143 1610 manerent
1165 1565 1205 1607 an
1229 1545 1492 1608 rescinderentur.
1537 1544 1622 1618 Quid

300 1640 414 1726 loquar
433 1642 550 1724 plural
573 1642 601 1705 si
622 1649 744 1706 tantum
765 1641 820 1707 ille
841 1642 875 1705 in
897 1662 947 1705 me
970 1660 1041 1703 esse
1063 1659 1127 1702 uno
1149 1639 1272 1702 roboris
1294 1645 1326 1700 et
1347 1636 1470 1699 virtutis
1489 1637 1624 1720 putavit,

278 1742 337 1798 eut
358 1755 438 1818 quae
458 1736 528 1820 ipse
549 1742 688 1819 gesserat
709 1735 929 1810 conciderent,
951 1736 980 1798 si
1002 1754 1060 1816 ego
1082 1733 1284 1808 restitissem,
1306 1752 1363 1795 cur
1377 1750 1436 1815 ego
1452 1750 1517 1795 non
1532 1730 1624 1814 igno—

301 1848 401 1902 scam,
422 1828 451 1892 si
471 1828 653 1913 anteposuit
673 1847 763 1892 suam
784 1828 920 1893 salutem
940 1830 1053 1891 meaet
1090 1825 1141 1889 80.
1164 1826 1227 1890 Sed
1249 1825 1417 1911 praeterita
1437 1823 1539 1889 mitto.
1571 1824 1625 1888 lle

300 1928 337 1986 ut
357 1923 412 1987 Cn.
433 1921 600 2006 Pompeius
622 1922 767 1986 omuibus
789 1921 903 1986 studiis
924 1922 1008 1996 suis,
1037 1919 1216 1993 laboribus,
1247 1919 1331 1983 vitae
1359 1918 1509 2003 periculis
1537 1935 1625 1981 oom-

302 2014 414 2098 plexus
437 2022 500 2089 est,
529 2035 601 2080 cum
621 2015 794 2100 municipia
815 2036 872 2099 pro
893 2034 943 2079 me
964 2014 1083 2088 adiret,
1110 2012 1221 2078 Italiae
1242 2011 1338 2077 tidem
1358 2011 1558 2094 imploraret,
1588 2012 1624 2074 Ρ.

301 2108 435 2173 Lentulo
456 2108 597 2183 consuli,
624 2108 746 2172 auctori
767 2108 876 2173 salutis
897 2128 1004 2182 meae,
1030 2107 1180 2190 frequens
1201 2106 1373 2180 assideret,
1402 2111 1529 2173 senatus
1550 2125 1625 2170 sen·

266 2201 432 2267 seientiam
453 2208 645 2285 praestaret,
666 2203 699 2267 in
720 2203 921 2266 contionibus
943 2222 1009 2265 non
1026 2202 1121 2266 modo
1135 2221 1171 2266 se
1186 2198 1385 2265 defensorem
1399 2198 1509 2263 salutis
1523 2217 1624 2274 meae,

303 2293 360 2359 sed
381 2294 476 2359 etiam
497 2295 673 2379 supplicem
694 2316 752 2379 pro
774 2315 824 2359 me
846 2295 1065 2378 profiteretur:
1092 2294 1188 2358 huius
1210 2294 1379 2359 voluntatis
1408 2314 1496 2368 eum,
1528 2313 1624 2377 44444

303 2388 436 2451 multum
456 2407 551 2472 posse
571 2388 785 2473 intelligebat,
816 2389 893 2453 mihi
922 2408 988 2451 non
1014 2388 1178 2453 inimicum
1207 2407 1276 2452 esse
1306 2394 1470 2471 cognorat,
1502 2387 1624 2457 socium

303 2480 364 2545 sibi
386 2487 419 2543 et
441 2481 617 2547 adiutorem
640 2483 674 2546 0.
697 2482 863 2548 Caesarem
884 2482 1040 2547 adiunxit.
1083 2483 1149 2546 lam
1169 2480 1260 2546 rides
1281 2501 1331 2544 me
1352 2482 1411 2545 tibi
1432 2500 1498 2544 non
1518 2479 1626 2545 iuimi-

304 2594 392 2648 eum,
422 2575 477 2637 sed
498 2574 640 2649 hostem,
672 2576 751 2651 illis,
784 2598 865 2660 quos
895 2576 1062 2649 describis,
1095 2596 1160 2639 non
1188 2575 1282 2638 modo
1310 2596 1374 2639 nou
1402 2575 1533 2649 iratum,
1567 2571 1624 2637 sed

268 2669 399 2733 raetiam
420 2670 554 2734 amicum
576 2688 646 2733 esse
669 2668 803 2733 debere:
836 2691 969 2754 quorum
992 2671 1087 2743 alter,
1116 2669 1148 2730 id
1172 2668 1257 2752 quod
1281 2671 1470 2742 meminero,
1499 2687 1626 2750 semper

305 2781 406 2845 aeque
428 2761 505 2825 mibi
526 2762 647 2826 amicus
667 2763 729 2827 fuit
749 2784 786 2828 ac
808 2765 884 2837 sibi,
907 2763 999 2836 alter,
1022 2763 1053 2825 id
1069 2762 1156 2846 quod
1171 2761 1355 2836 obliviscar,
1377 2761 1437 2826 sibi
1453 2761 1625 2846 aliquando

305 2856 435 2919 amicior
463 2874 558 2938 (444444
584 2856 671 2920 mibi.
714 2853 766 2919 81.
802 2858 924 2921 Deinde
954 2857 1015 2920 boc
1043 2857 1087 2919 ita
1116 2855 1167 2928 fit,
1198 2861 1234 2917 ut
1255 2855 1312 2917 viri
1334 2854 1460 2930 fortes,
1482 2858 1576 2918 etiam
1599 2855 1625 2917 si

304 2947 387 3013 ferro
415 2950 498 3012 inter
524 2968 560 3012 se
589 2950 765 3014 comminus
793 2950 1000 3023 decertarint,
1032 2956 1137 3012 tamen
1165 2948 1244 3012 illud
1274 2940 1487 3013 contentionis
1516 2948 1624 3012 odium

306 3041 399 3107 simul
427 3062 500 3107 cum
527 3041 598 3125 ipsa
623 3062 729 3125 pugna
756 3045 913 3126 armisque
935 3045 1105 3126 deponant.
1155 3044 1265 3124 Neque
1287 3062 1337 3104 me
1359 3042 1413 3104 ille
1434 3042 1541 3106 odisse
1568 3061 1627 3125 po·

269 3136 366 3200 444444
387 3154 554 3218 umquam,
586 3156 626 3198 ne
658 3144 723 3198 tum
752 3137 899 3218 quidem,
932 3156 1002 3198 cum
1025 3133 1265 3198 dissidebamus.
1308 3136 1412 3199 llabet
1432 3135 1492 3201 boc
1513 3136 1625 3209 virtus,

306 3247 403 3312 quam
423 3232 457 3290 tu
478 3247 520 3291 ne
542 3226 582 3291 de
602 3227 684 3292 facie
705 3228 834 3311 quidem
856 3230 956 3302 nosti,
984 3236 1020 3292 ut
1041 3229 1125 3291 viros
1147 3228 1245 3291 fortes
1268 3230 1391 3311 species
1413 3230 1479 3293 eius
1501 3237 1534 3294 et
1555 3229 1627 3312 pul·

306 3320 452 3386 ebritudo
481 3321 575 3385 etiam
604 3323 638 3384 in
664 3320 754 3386 hoste
782 3321 886 3405 posita
914 3321 1058 3386 delectet.
1109 3322 1256 3384 xxxiii.
1283 3321 1438 3405 Equidem
1461 3323 1563 3385 dicam
1586 3340 1626 3384 ex

307 3415 432 3490 animo,
459 3422 565 3499 patres
586 3415 771 3497 conscripti,
799 3415 886 3498 quod
908 3415 1011 3479 sentio
1034 3422 1066 3479 et
1087 3413 1173 3497 quod
1195 3415 1285 3478 vobis
1307 3416 1509 3479 audientibus
1531 3434 1626 3497 saepe

307 3509 370 3574 ie!
390 3507 469 3573 sixt
513 3508 546 3572 si
566 3507 645 3574 mibi
665 3527 839 3592 numquam
860 3510 981 3573 amicus
1003 3508 1036 3572 C.
1053 3508 1166 3571 Caesar
1178 3508 1308 3582 fuisset,
1332 3509 1360 3572 si
1374 3530 1499 3593 semper
1513 3509 1626 3582 iratus3

269 3602 336 3670 sisi
365 3622 491 3686 semper
517 3608 741 3686 aspernaretur
769 3602 939 3668 amicitiam
966 3621 1066 3665 meam
1098 3622 1195 3685 seque
1221 3603 1300 3666 mibi
1327 3602 1556 3688 implacabilem
1578 3602 1627 3665 in·

307 3697 558 3782 expiabilemque
579 3697 761 3780 praeberet,
783 3704 890 3761 444444
911 3696 958 3771 ei,
979 3717 1051 3760 cum
1072 3703 1175 3760 tantas
1197 3718 1247 3761 res
1269 3699 1419 3779 gessisset
1440 3705 1626 3780 gereretque

306 3789 464 3875 quotidie,
496 3808 565 3855 non
596 3791 715 3855 amicus
744 3809 813 3855 esse
844 3811 908 3853 non
937 3809 1070 3873 possem.
1126 3791 1222 3856 Cuius
1252 3812 1311 3875 ego
1339 3794 1526 3876 imperium,
1560 3813 1624 3856 non

304 3883 435 3967 Alpium
467 3884 584 3949 vallum
614 3891 724 3949 eontra
752 3883 939 3948 adscensum
973 3887 1318 3970 transgressionemque
1348 3886 1529 3959 Gallorum,
1563 3907 1626 3951 non

305 3977 408 4042 Rheni
434 3977 553 4041 fossam
580 3978 755 4061 gurgitibus
783 3977 848 4040 illis
877 3976 1105 4041 redundantem
1135 3978 1362 4043 Germanorum
1391 3979 1627 4043 immanissimis
1749 3991 1753 3998 ·

268 4071 453 4154 tegentibus
478 4072 593 4134 obiicio
623 4077 655 4134 et
683 4091 829 4153 oppon03
862 4071 995 4154 perfecit
1025 4071 1095 4146 ille,
1128 4081 1180 4145 ut,
1214 4074 1240 4134 si
1262 4081 1385 4136 montes
1413 4072 1625 4145 resedissent,

305 4185 414 4230 amnes
444 4164 656 4237 exaruissent,
690 4185 754 4228 non
783 4174 912 4229 naturae
940 4165 1113 4248 praesidio,
1147 4167 1201 4228 sed
1232 4167 1361 4229 victoria
1390 4186 1446 4230 sua
1467 4165 1626 4251 rebusque

305 4259 400 4342 gestis
420 4257 541 4322 ltaliam
562 4258 715 4322 munitam
736 4258 933 4322 haberemus.
977 4257 1027 4321 80.
1061 4259 1123 4322 Sed
1150 4280 1221 4323 cum
1250 4279 1300 4322 me
1330 4268 1476 4342 expetat,
1506 4260 1626 4344 diligat,

305 4350 391 4416 omri
413 4350 506 4415 laude
528 4348 656 4432 dignum
677 4359 784 4435 putet,
813 4360 847 4415 tu
869 4373 919 4416 me
941 4373 961 4416 a
982 4353 1044 4417 tuis
1067 4354 1238 4417 inimicitiis
1260 4353 1299 4416 ad
1323 4354 1513 4418 simultatem
1535 4374 1626 4419 reso·

370 4670 394 4720 4.
411 4683 442 4720 oe
462 4683 516 4720 om.
535 4670 673 4722 EFGlll’
697 4669 739 4730 (44
761 4671 859 4732 quidem
881 4671 1025 4721 sententiam
1040 4685 1122 4721 meam
1138 4671 1257 4735 beneflciis
1273 4674 1298 4734 S)
1318 4698 1344 4708 -
1370 4674 1394 4722 2.
1413 4673 1543 4724 trodissem
1558 4674 1579 4723 l·
1597 4699 1624 4712 -

303 4745 327 4796 3.
341 4759 376 4794 aa
392 4758 446 4794 om.
460 4747 478 4793 G
498 4770 524 4780 -
544 4745 569 4794 s.
582 4758 647 4806 quoe
662 4747 697 4796 T:
716 4759 747 4795 co
763 4746 884 4806 4444410
898 4772 924 4781 -
943 4747 1017 4808 gessit
1034 4747 1051 4796 Ρ
1067 4772 1093 4780 -
1112 4759 1159 4794 cur
1174 4759 1218 4808 ego
1236 4747 1255 4795 T
1273 4747 1299 4795 et
1316 4759 1385 4796 unus
1397 4748 1496 4798 oxon:
1514 4762 1559 4812 ego
1571 4762 1626 4800 om.

303 4819 382 4874 codd.
400 4818 456 4871 rell.
478 4845 505 4854 —
524 4820 548 4869 6.
565 4820 636 4869 miue
652 4821 686 4869 T:
705 4820 790 4869 omino
806 4821 826 4870 C
846 4846 872 4856 -
893 4821 917 4869 7,
935 4821 1022 4870 studiis
1038 4823 1088 4869 ruis
1104 4823 1138 4871 T:
1157 4824 1207 4870 sais
1223 4822 1309 4871 stodiis
1326 4823 1374 4872 CO
1395 4848 1421 4858 -·
1440 4824 1464 4872 3.
1483 4823 1593 4874 44444444
1608 4825 1628 4874 Τ

304 4923 331 4934 -
349 4901 449 4948 mos
464 4895 496 4946 T:
515 4896 612 4945 4444444
629 4895 694 4953 Οὓς
724 4895 758 4945 cl.
777 4895 898 4959 Madvigii
915 4897 1010 4959 opusc.
1029 4899 1053 4955 l,
1073 4910 1099 4961 p.
1119 4898 1161 4946 tbi
1183 4898 1237 4947 not.
1258 4924 1284 4933 -
1305 4898 1344 4947 43.
1364 4898 1390 4948 C.
1409 4897 1540 4948 Caesarem
1556 4896 1628 4961 glos-

302 4983 377 5021 sema
394 4968 499 5020 videtur
515 4969 594 5019 Balsio
612 4983 638 5034 p.
652 4969 710 5020 299.
731 4997 758 5006 -
776 4971 860 5021 iamne
876 4971 991 5021 vides--
1003 4971 1107 5021 debere?
1124 4972 1232 5031 Lamb.;
1251 4975 1279 5022 44
1295 4973 1328 5023 ci.
1348 4973 1362 5036 S
1380 4973 1420 5022 63.
1440 4998 1466 5008 -
1486 4970 1525 5022 u.
1544 4977 1568 5022 et
1583 4973 1628 5022 bo·

301 5049 361 5095 dem
372 5044 393 5094 Ε
406 5069 433 5080 -
453 5043 493 5092 43.
505 5045 638 5095 meminero
652 5057 756 5106 4444444,
774 5057 851 5107 oeque
862 5044 939 5105 edd.;
958 5046 1102 5096 verborum
1114 5047 1309 5098 distinctionem
1322 5047 1436 5097 correxit
1447 5047 1516 5097 Bake
1532 5060 1558 5111 p.
1569 5047 1626 5098 340.

303 5144 331 5156 -
349 5119 390 5168 46,
407 5118 503 5168 oreimis
517 5118 566 5180 [444
581 5119 700 5171 TEFG:
718 5119 781 5182 [4444
799 5121 828 5174 S:
846 5121 894 5182 [444
910 5122 951 5176 lif;
969 5122 1016 5184 [444
1033 5122 1162 5171 44444440
1182 5150 1208 5159 -
1228 5122 1274 5172 sibi
1289 5122 1425 5184 ciiqscodo
1442 5121 1473 5169 T:
1492 5121 1628 5182 aliquando

301 5205 355 5244 om.
373 5193 404 5250 F;
423 5192 559 5254 4444444444
575 5192 621 5242 ribi
636 5193 683 5244 Es
700 5197 727 5242 et
744 5195 772 5253 0,
792 5197 837 5256 qui
854 5208 960 5245 comma
977 5198 1038 5246 ante
1055 5198 1101 5247 sibi
1118 5198 1240 5248 habet·
1262 5199 1300 5247 48.
1319 5199 1429 5248 44444444
1445 5199 1504 5248 0-
1525 5198 1565 5248 40.
1583 5197 1628 5247 de-

298 5273 395 5332 poseat
410 5269 444 5318 T:
464 5272 560 5329 posset
577 5268 628 5318 CO
646 5294 673 5303 -
693 5282 771 5331 aeque
786 5270 851 5320 TE:
873 5275 948 5331 ctqoe
965 5272 1006 5321 FS
1024 5298 1051 5307 -
1075 5276 1155 5334 porse
1171 5286 1291 5334 umquam
1307 5274 1339 5323 T:
1358 5286 1479 5334 umquam
1493 5278 1544 5334 pot.
1564 5273 1625 5323 EO:

300 5356 438 5404 esenqoom
452 5347 504 5405 pot.
517 5343 563 5393 FS
574 5368 601 5378 -
620 5343 661 5392 20.
680 5343 725 5393 boc
740 5343 812 5394 tobei
829 5345 849 5394 E
865 5345 946 5398 solus.
963 5374 989 5383 -
1009 5349 1049 5398 22.
1063 5350 1173 5410 deposito
1190 5350 1248 5398 F-
1268 5346 1310 5399 44.
1327 5348 1412 5411 [444444
1427 5347 1449 5396 si
1465 5347 1526 5397 TE:
1543 5346 1629 5409 [444444

300 5419 342 5468 sed
358 5419 398 5468 FS
411 5441 438 5453 -·
456 5417 522 5467 44444
537 5428 631 5479 sensper
647 5431 746 5481 sepem.
760 5421 793 5470 T:
812 5433 907 5481 suaper
923 5435 975 5473 om.
989 5423 1075 5472 CO—
1094 5424 1210 5484 seqoeT:
1228 5423 1421 5484 seseqoeCO—
1441 5421 1482 5471 27.
1495 5421 1629 5482 4444444444

300 5495 321 5543 'l’
337 5494 364 5543 et
380 5493 462 5542 Oxou.
476 5492 512 5553 ii,
530 5494 559 5542 ut
576 5493 628 5542 iam
647 5494 738 5545 lamb.
750 5491 846 5544 voluit:
864 5497 970 5558 imperio
986 5498 1006 5547 ‘l
1023 5510 1092 5547 corr.
1106 5498 1171 5555 CO,
1190 5510 1215 5546 v.
1229 5497 1298 5547 Bake
1315 5509 1341 5560 p.
1356 5496 1399 5545 344
1416 5499 1445 5546 et
1460 5496 1493 5546 ci.
1507 5498 1627 5548 Eumeuii
1647 5523 1652 5537 ι

300 5570 396 5629 Paneg.
415 5566 505 5616 Consi.
524 5567 590 5630 Aug.
609 5579 633 5618 c.
646 5570 687 5629 44,
705 5570 720 5633 5
738 5571 767 5618 t:
785 5583 865 5631 neque
879 5574 946 5622 enim
962 5573 1106 5622 fidentiam
1121 5571 1277 5635 perpitiboa,
1295 5572 1338 5620 sed
1353 5569 1461 5619 44444444
1478 5572 1516 5620 tsi
1531 5577 1627 5622 imore

300 5642 436 5692 4444444444.
457 5663 484 5676 -
502 5641 544 5692 33.
562 5653 690 5692 exeam
706 5644 754 5693 TC
773 5668 801 5678 -
820 5644 860 5694 39.
879 5649 934 5698 reni
950 5648 971 5697 E
986 5675 1012 5685 -
1030 5646 1071 5698 30.
1090 5647 1233 5696 resedissent
1249 5647 1333 5697 Tus:
1352 5647 1493 5696 recidissent
1508 5647 1572 5706 EG;
1592 5646 1626 5698 ei.

299 5715 467 5780 Wesenberg
483 5717 519 5768 ad
529 5717 676 5768 Sestianem
692 5731 718 5782 p.
733 5717 773 5767 63.
789 5743 815 5754 -
834 5718 875 5769 34.
890 5721 984 5785 omnes]
1000 5726 1075 5784 sique
1091 5734 1174 5771 omnes
1190 5723 1246 5770 S-
1266 5721 1305 5771 32.
1318 5725 1420 5782 aopstot
1437 5722 1496 5771 GS:
1513 5726 1628 5784 44444444

301 5794 384 5846 Etsi
407 5817 433 5830 -
458 5794 500 5847 33.
517 5808 590 5846 omos
606 5796 626 5846 E
645 5823 673 5833 -
695 5797 729 5845 od
748 5796 898 5848 4444444444
915 5798 941 5848 G.
960 5796 1075 5848 0444444
1095 5797 1164 5848 coni.
1182 5794 1290 5854 Lamb.;
1314 5808 1393 5861 aegre
1415 5808 1479 5846 saue
1502 5793 1624 5856 adiectio,

301 5870 331 5918 ut
346 5869 412 5921 illisi
427 5868 470 5924 rel
485 5884 543 5923 esus
558 5869 615 5934 iilo,
632 5869 808 5922 desideratur.
