3800 7350
713 1185 787 1249 Car.
809 1183 961 1249 ΙΙΙ-Ν.
987 1182 1034 1268 §3
1055 1180 1159 1247 t-a.
1512 1172 1594 1242 l279

275 1354 435 1418 interitum
458 1352 593 1416 civitatis
614 1353 745 1417 videret.
780 1355 884 1436 Atque
907 1372 945 1415 ea
967 1352 1050 1436 legio
1072 1351 1216 1415 consedit
1231 1348 1337 1413 Albae.
1371 1348 1472 1425 Quam
1493 1350 1597 1433 potuit

275 1447 384 1510 urbem
405 1446 522 1528 eligere
543 1455 597 1509 ant
618 1448 874 1532 opportuniorem
896 1446 936 1510 ad
959 1466 1009 1509 res
1031 1445 1188 1528 gerundus
1210 1452 1264 1508 aut
1277 1441 1451 1507 fideliorem
1465 1443 1596 1508 autfer-

275 1542 389 1605 tiorum
412 1543 552 1605 virorum
581 1549 636 1605 aut
664 1544 848 1606 amiciorum
869 1541 915 1604 rei
940 1539 1084 1623 publicae
1106 1540 1244 1603 civium?
1286 1536 1316 1599 7.
1339 1537 1442 1601 Huius
1463 1536 1596 1621 legionis

274 1637 424 1700 virtutem
446 1637 564 1700 imitata
587 1645 698 1720 quarta
719 1637 802 1720 legio
826 1634 905 1699 duce
926 1636 962 1697 L.
976 1633 1163 1717 Egnatuleio
1186 1639 1369 1718 quaestore,
1391 1631 1453 1696 ciri
1475 1632 1596 1715 optimu

276 1736 308 1791 et
335 1729 522 1804 fortissimo,
556 1730 590 1794 C.
613 1730 754 1795 Caesaris
780 1730 999 1795 auctoritatem
1027 1734 1124 1811 atque
1153 1726 1325 1790 exercitum
1352 1732 1518 1807 persecuta
1538 1731 1620 1791 estu

275 1822 469 1885 Faciundum
491 1831 539 1887 est
566 1826 662 1907 igitur
682 1824 792 1899 nobis,
820 1830 923 1907 patres
946 1820 1132 1903 conscripti,
1160 1827 1196 1884 ut
1217 1839 1271 1894 ea,
1301 1837 1383 1901 quae
1405 1840 1464 1883 sua
1486 1828 1597 1902 sponte

277 1915 468 1980 clarissimus
489 1916 672 1981 adolescens
688 1923 783 2001 atque
798 1918 939 1980 omnium
955 1915 1240 2001 praestantissimus
1256 1914 1353 1997 gessit
1366 1919 1398 1976 et
1411 1913 1499 1995 gerit,
1519 1912 1599 1976 baec

277 2008 462 2072 auctoritate
476 2019 585 2074 nostra
600 2011 859 2093 comprobentur,
879 2018 1174 2092 veteranorumque,
1191 2007 1434 2073 fortissimorum
1448 2005 1598 2079 virorum,

278 2109 342 2164 tum
371 2101 507 2184 legionis
535 2104 667 2167 Martiae
696 2110 890 2188 quartaeque
918 2103 1069 2167 mirabilis
1091 2121 1265 2166 consensus
1286 2100 1328 2165 ad
1355 2121 1422 2164 rem
1442 2098 1599 2183 publioam

277 2195 513 2277 reciperandam
529 2197 622 2261 laude
638 2204 670 2261 et
683 2197 863 2261 testimonio
877 2205 984 2260 nostro
1000 2196 1214 2271 confirmetur,
1238 2215 1410 2279 eorumque
1424 2191 1637 2267 commodare

277 2289 431 2363 bonores,
458 2292 614 2373 praemia,
642 2311 712 2355 cum
740 2292 886 2355 consules
914 2291 1070 2374 designati
1099 2293 1313 2375 magistratum
1336 2289 1480 2363 inierint,
1508 2307 1600 2352 curae

278 2384 370 2447 nobis
391 2383 460 2447 iure
481 2383 634 2449 hodierno
656 2384 708 2447 die
730 2384 952 2467 spondeamus.

362 2477 414 2539 lv.
437 2475 466 2539 8.
489 2479 593 2562 Atque
615 2497 652 2542 ea
673 2477 821 2563 quidem,
844 2499 926 2562 quae
948 2480 1014 2544 dixi
1036 2481 1076 2543 de
1099 2480 1231 2543 Caesare
1245 2479 1349 2562 deque
1364 2478 1433 2542 eius
1448 2476 1600 2551 exercitu,

276 2571 339 2635 iam
362 2571 417 2635 diu
440 2578 516 2635 nuta
538 2581 612 2636 sunt
631 2572 734 2635 nubis.
771 2573 893 2636 Virtute
915 2575 998 2637 enim
1013 2572 1187 2638 admirabili
1203 2573 1343 2637 Caesaris
1359 2572 1600 2656 constantiaque

278 2664 415 2728 militum
436 2675 657 2730 veteranorum
680 2666 903 2750 legionumque
926 2686 1054 2742 earum,
1076 2687 1159 2751 quae
1181 2667 1301 2749 optimo
1324 2665 1442 2729 iudicio
1464 2664 1638 2728 auctori-ra

278 2764 374 2821 tatem
393 2767 545 2834 vestram,
568 2759 742 2823 libertatem
761 2760 869 2844 populi
885 2761 1035 2836 Romani,
1057 2762 1204 2826 virtutem
1222 2760 1363 2824 Caesaris
1377 2765 1502 2823 secutae
1518 2766 1600 2832 sunt,

278 2871 297 2914 a
312 2853 485 2917 cervicibus
506 2854 624 2916 nostris
643 2860 691 2916 est
705 2852 856 2936 depulsus
870 2855 1038 2917 Antonius.
1072 2854 1134 2918 Sed
1149 2855 1244 2929 baec,
1265 2861 1302 2917 ut
1316 2854 1399 2927 dixi,
1422 2852 1601 2934 superiora:

277 2943 339 3008 boc
361 2966 437 3009 vero
458 2966 568 3010 recens
590 2945 725 3010 edictum
742 2946 780 3008 D.
795 2948 898 3022 Bruti,
921 2947 1006 3032 quod
1021 2948 1117 3032 paulo
1132 2955 1206 3012 ante
1220 2946 1416 3031 propositum
1431 2953 1495 3019 est,
1516 2953 1602 3010 certe

280 3037 408 3102 silentio
436 3059 500 3102 non
528 3047 634 3124 potest
659 3040 833 3124 praeteriri.
876 3040 1048 3104 Pollicetur
1075 3042 1159 3105 enim
1188 3061 1223 3105 se
1247 3042 1441 3126 provinciam
1469 3038 1601 3102 Galliam

279 3141 476 3196 retenturum
498 3134 531 3196 in
554 3140 682 3198 senatus
703 3134 878 3217 populique
900 3135 1032 3198 Romani
1054 3141 1222 3217 potestate.
1258 3134 1284 3197 0
1307 3135 1407 3198 civem
1429 3141 1536 3197 nutum
1554 3133 1639 3198 reiro

278 3225 440 3308 publicae,
470 3247 641 3290 memorem
663 3228 713 3290 sui
743 3227 880 3291 nominis
902 3228 1155 3312 imitatoremque
1177 3228 1351 3293 maioruml
1384 3230 1494 3312 Neque
1517 3227 1601 3290 enim

278 3319 451 3402 Tarquinio
481 3321 615 3403 expulso
644 3320 816 3384 maioribus
837 3321 955 3384 nostris
976 3327 1039 3384 tam
1061 3321 1121 3384 ruit
1143 3328 1249 3405 optata
1270 3321 1416 3395 libertas,
1439 3340 1534 3404 quam
1554 3327 1602 3383 est

279 3411 414 3494 depulso
437 3413 499 3477 iam
521 3416 660 3477 Antonio
682 3415 847 3478 retinenda
866 3415 969 3478 nubis.
1005 3412 1035 3476 9.
1057 3414 1107 3477 llli
1131 3414 1257 3497 regibus
1278 3433 1390 3497 parere
1412 3414 1474 3477 iam
1491 3434 1510 3478 a
1527 3432 1602 3478 con·

279 3504 344 3571 dita
371 3507 449 3570 urbe
476 3507 665 3572 didicerant:
694 3527 753 3571 nos
781 3515 853 3592 pust
881 3527 971 3592 reges
994 3514 1122 3572 exactos
1143 3508 1304 3572 servitutis
1326 3507 1443 3571 oblivio
1465 3514 1601 3589 ceperat.

280 3600 384 3684 Atque
406 3600 459 3664 ille
479 3601 685 3686 Tarquinius,
709 3622 803 3686 quem
825 3603 960 3666 maiores
981 3603 1081 3666 nostri
1103 3622 1167 3666 non
1189 3601 1346 3677 tulerunt,
1368 3619 1433 3664 non
1455 3599 1639 3675 crudeliora

279 3714 345 3757 non
374 3697 507 3779 impius,
536 3695 591 3759 sed
622 3696 777 3780 superbus
807 3703 856 3760 est
882 3696 1008 3760 babitus
1037 3703 1069 3760 et
1097 3696 1218 3761 dictus:
1247 3696 1333 3782 quod
1355 3715 1413 3759 nos
1435 3693 1545 3758 vitium
1568 3694 1601 3756 in

279 3790 410 3873 privatis
433 3810 528 3874 saepe
550 3789 698 3866 tulimus,
719 3790 753 3854 id
776 3791 909 3855 maiores
930 3791 1030 3854 nostri
1050 3810 1091 3853 ne
1112 3792 1145 3854 in
1160 3810 1234 3873 rege
1249 3790 1379 3875 quidem
1393 3789 1475 3853 terre
1490 3795 1602 3873 potue·

279 3892 362 3948 runt.
402 3885 438 3947 L.
459 3885 574 3947 Brutus
601 3904 707 3967 regem
736 3885 905 3969 superbum
926 3903 992 3946 non
1013 3883 1105 3948 tulit:
1136 3885 1174 3947 D.
1199 3886 1314 3948 brutus
1344 3883 1530 3947 sceleratum
1555 3889 1602 3946 at-

281 3995 344 4059 que
373 3975 506 4059 impium
535 3996 667 4060 regnare
688 3976 825 4060 patietur
844 3978 1039 4041 Antonium?
1068 3975 1155 4052 Quid
1176 3977 1366 4061 Tarquinius
1387 3975 1468 4050 tale,
1495 3974 1602 4059 qualia

282 4069 520 4134 innumerabilia
542 4070 670 4135 etfacit
690 4078 722 4133 et
741 4069 817 4134 iecit
829 4071 1010 4135 Antonius?
1032 4070 1181 4135 Senatum
1204 4071 1299 4134 etiam
1318 4089 1409 4152 reges
1428 4069 1640 4134 habebanttao

281 4170 490 4259 nectamen,
519 4170 554 4227 nt
573 4163 713 4227 Antonio
735 4171 879 4228 senatum
899 4164 1051 4240 babente,
1081 4163 1115 4227 in
1137 4163 1272 4228 consilio
1292 4162 1377 4246 regis
1398 4162 1602 4227 versabantur

347 4451 597 4510 t.ecD:01u.V;
621 4452 978 4517 tortutquebaecleptc-
1002 4450 1263 4513 iubempotulta-
1287 4451 1599 4514 noporsoesomau-

280 4525 665 4592 qeruodurvzgereadasno
684 4524 1291 4593 -sortiorumu.autumlctorasned.1unl.:
1310 4525 1602 4587 [memonasteriu-

280 4600 1603 4665 corumvfforaoremaaatcmaommn-3.reipabtrccV;popatta.g;p.r.t-aeas

283 4674 845 4730 VzbuiaaceDO-i.immttctcit-
871 4677 959 4741 respa
979 4671 1057 4726 Ψ-
1083 4676 1309 4740 epsattoagt-
1332 4674 1435 4726 ciuili:
1460 4672 1599 4728 ment-

282 4750 1601 4816 CCV:om.D-6.{ucundcanbt;fucieadrunag-mtaobistgttarms'ptturestaobtsffi

282 4824 1599 4893 squammeus-poenitentiamacce-actaeonem-praesumamur-

282 4905 344 4954 baec
359 4904 478 4955 Ernestio
495 4902 542 4952 aut
557 4900 700 4953 delendum
717 4904 764 4953 aut
779 4904 836 4954 eins
852 4901 911 4953 loco
927 4915 959 4953 ec
974 4900 1146 4952 scribendum
1162 4900 1316 4961 videbatur,
1335 4902 1363 4951 at
1378 4913 1404 4952 v.
1417 4914 1456 4953 or.
1469 4902 1534 4954 Phil.
1549 4904 1602 4966 Vll,

284 4977 799 5042 §reextr.-8.cucton·satanv-
822 4976 1148 5039 ueurcnnonmquev-
1172 4975 1319 5028 CMD:
1341 4975 1605 5028 lav-mirabili&

283 5053 307 5102 V
325 5078 351 5088 -
368 5051 676 5115 pabttccmctpercodaau
692 5054 724 5100 V¹
743 5079 770 5091 ··
790 5055 829 5104 tu.
848 5054 922 5104 laude
937 5051 1000 5102 Vb:
1019 5052 1135 5102 leodem
1156 5054 1216 5114 agt
1234 5077 1262 5088 -
1278 5056 1362 5102 aestro
1378 5063 1395 5115 g
1414 5079 1441 5089 -
1458 5054 1604 5113 commodae

282 5126 465 5176 bmomav-
490 5124 979 5180 tt.camom.V¹-comalev-
1004 5125 1600 5193 mannent-tdqutdeus1dentquet-

284 5203 324 5252 tb.
342 5206 535 5252 commuuimus
550 5203 586 5265 V,
610 5206 637 5253 et
652 5204 691 5254 sic
707 5205 828 5269 saepius,
851 5202 923 5268 quud
943 5215 997 5252 nun
1016 5202 1068 5253 lam
1085 5200 1245 5251 notabimus.
1264 5227 1292 5237 -
1314 5215 1380 5264 quae
1400 5204 1492 5265 optlrrso
1512 5204 1604 5255 eatae

283 5278 320 5328 V:
339 5277 684 5342 optimoiudtctoquaeDO
703 5305 731 5316 -
754 5277 1025 5331 lduestramvbt:
1047 5276 1245 5340 nostramago
1264 5303 1291 5313 -
1315 5277 1479 5329 eammv:
1504 5279 1531 5330 c.
1549 5279 1604 5344 (G.)

284 5354 1038 5406 caesareo-⁴7.beccacutctv:usctssuaocu-
1058 5350 1601 5416 mammaea-raucescant-

284 5429 327 5494 D.]
345 5443 363 5479 a
378 5428 414 5490 V,
433 5427 503 5478 unde
520 5427 638 5479 Muretus
654 5441 818 5494 praenomen
834 5430 930 5480 omisit.
950 5454 978 5464 -
996 5427 1038 5479 20.
1055 5431 1214 5478 recortanam
1230 5429 1255 5487 t;
1271 5427 1491 5490 rsdmspturumb
1510 5455 1538 5465 -
1553 5443 1603 5494 po-

281 5502 421 5565 pattv-
445 5503 617 5566 pomacuV:
640 5508 787 5567 potestatem
807 5505 906 5556 DO—
932 5501 1213 5555 temnerent-
1239 5495 1602 5566 numemculatoris.-

283 5576 1602 5642 2³.depluso(luinras.)mctortbusaestrtstumcatostov;reputsodatoctcb-seutav-

285 5666 373 5704 com.
391 5653 428 5714 D,
451 5651 499 5705 sed
516 5650 598 5704 babet
614 5666 630 5716 g
646 5667 705 5719 sup.
722 5652 768 5705 lln.
788 5681 816 5694 -
838 5653 1212 5719 supererogationem
1231 5657 1288 5703 aas
1304 5666 1364 5718 pers
1381 5679 1410 5691 ·-
1433 5654 1602 5719 mapercsssl

287 5723 939 5789 -au.ccsmalorav¹-re.soaom.n-
962 5726 1473 5793 usmetumvaulaeuususbg-
1494 5730 1604 5794 sapa-

283 5801 968 5868 tieturdatoatumv:patiatau·ll;patiatur0-
993 5801 1371 5868 aueamsstecsviah:
1393 5805 1604 5871 ettoeitetsactt

285 5875 920 5945 gt-ar.taoesuv:tauesub-reaest.
