3800 7350
325 1167 389 1238 8l6
748 1171 902 1240 ORATIO
923 1173 1008 1239 1)Ηο
1024 1173 1061 1238 L.
1082 1171 1240 1240 FLACCO

325 1344 483 1427 potuisse,
511 1350 548 1407 ut
575 1342 746 1408 amicitiam
767 1344 880 1428 populi
901 1344 1050 1420 Romani,
1078 1342 1174 1408 fidem
1203 1361 1311 1419 mam,
1338 1344 1409 1408 iura
1430 1345 1536 1409 omnia
1557 1345 1656 1412 officii

325 1436 595 1523 humanitatisque
623 1438 794 1514 violarent,
829 1459 924 1522 quam
955 1445 991 1501 ut
1018 1435 1118 1502 lilium
1147 1437 1329 1502 testimonio
1351 1437 1531 1516 laederent,
1565 1444 1656 1506 cuius

325 1537 447 1612 patrem
469 1532 563 1595 nmis
585 1532 768 1616 pellendum
791 1552 810 1596 a
831 1533 898 1597 suis
920 1533 1087 1597 moenibus
1109 1532 1316 1595 censuissent.
1352 1528 1404 1594 58.
1427 1533 1534 1608 Quare
1554 1536 1655 1599 nolite

325 1622 403 1685 mihi
433 1624 495 1688 ista
515 1627 646 1689 nomina
667 1626 829 1691 civitatum
851 1626 1005 1690 nobilium
1029 1644 1208 1710 opponere:
1238 1644 1319 1707 quos
1341 1624 1425 1689 enim
1446 1626 1555 1692 hostes
1575 1628 1655 1693 hacc

301 1713 444 1781 llamilia
473 1721 677 1803 contempsit,
705 1741 878 1806 numquam
906 1721 1037 1785 cosdem
1059 1725 1156 1783 testes
1176 1720 1388 1801 pertimescet
1429 1721 1528 1786 Vobis
1549 1730 1655 1787 autem

325 1817 375 1873 est
395 1811 626 1890 confitendum,
654 1814 683 1877 si
712 1815 853 1879 consiliis
877 1815 1059 1898 principum
1080 1819 1204 1877 vestrae
1227 1813 1369 1876 civitates
1391 1821 1559 1897 reguntur,
1587 1836 1655 1880 non

325 1903 535 1969 multitudinis
558 1907 752 1982 temeritate,
783 1905 838 1970 sed
862 1908 1050 1992 optimatum
1072 1906 1207 1970 consilio
1227 1904 1347 1969 bellum
1367 1905 1497 1971 abistis
1519 1908 1655 1973 civitati·

323 1997 384 2062 hus
407 2019 480 2063 cum
500 1998 620 2083 populo
642 2000 785 2063 Romano
810 2019 881 2064 esse
903 2007 1102 2084 susceptum:
1125 2000 1176 2063 sin
1197 1999 1251 2063 ille
1273 2006 1342 2062 tum
1360 2006 1465 2064 motus
1487 2009 1536 2066 est
1556 2009 1655 2066 teme-

324 2094 415 2158 ritate
436 2092 655 2178 imperitorum
677 2094 849 2170 excitatus,
878 2095 1023 2179 patimini
1046 2114 1096 2157 me
1119 2092 1236 2158 delicta
1255 2093 1341 2178 vulgi
1363 2113 1384 2158 a
1410 2094 1537 2179 publica
1558 2116 1656 2161 causa

253 2210 257 2219 ·
286 2191 314 2238 ⁴⁰
324 2205 481 2267 separare.
524 2188 624 2251 XXV.
646 2185 698 2250 59.
727 2190 769 2251 ht
797 2191 881 2253 enim
911 2190 1004 2253 istam
1031 2188 1198 2273 pecuniam
1227 2187 1302 2251 huic
1333 2208 1446 2273 capere
1466 2210 1532 2254 non
1554 2191 1654 2255 licuit.

323 2280 433 2345 Utrum
455 2282 549 2345 vultis
572 2283 655 2366 patri
676 2282 789 2346 Flacco
811 2282 940 2348 licuisse
955 2286 1078 2347 necne?
1100 2283 1135 2346 Si
1155 2283 1260 2359 licuit,
1282 2283 1375 2346 sicuti
1391 2290 1476 2347 certe
1490 2284 1592 2360 licuit,
1613 2284 1654 2347 ad

323 2374 392 2437 eius
421 2375 560 2438 honores
589 2375 751 2451 collatam,
782 2398 823 2440 ex
846 2377 963 2460 quibus
985 2376 1065 2440 nihil
1087 2377 1156 2461 ipse
1178 2376 1337 2460 capiebat,
1366 2376 1463 2459 patris
1484 2378 1654 2460 pecuniam

284 2509 288 2519 -
320 2475 406 2531 recte
433 2469 563 2533 abstulit
590 2467 692 2533 filius:
721 2471 747 2534 si
774 2491 840 2534 non
861 2471 967 2546 licuit,
1000 2478 1107 2535 temen
1127 2469 1185 2534 illo
1208 2478 1332 2534 mortuo
1354 2490 1419 2534 non
1441 2470 1536 2534 modo
1558 2467 1653 2545 lilius,

321 2561 377 2624 sed
405 2563 511 2646 quivis
538 2563 631 2628 heres
658 2564 835 2629 rectissime
867 2565 972 2650 potuit
999 2563 1135 2629 auferre.
1177 2565 1223 2627 hc
1245 2570 1313 2627 tum
1335 2562 1465 2647 quidem
1486 2563 1653 2639 Tralliani,

192 2728 196 2737 ¹
283 2663 393 2720 ticum
424 2656 486 2740 ipsi
518 2659 605 2741 gravi
634 2658 744 2723 fenore
774 2659 866 2723 istem
893 2658 1063 2742 pecuniam
1087 2659 1201 2723 multos
1224 2678 1326 2722 annos
1349 2657 1607 2740 occupavissent,
1634 2678 1654 2722 a

319 2749 431 2814 Flacco
451 2758 557 2815 tamen
579 2753 702 2829 omnia,
724 2773 807 2836 quae
824 2753 1012 2829 voluerunt,
1033 2753 1301 2837 impetraverunt,
1323 2771 1430 2835 neque
1445 2758 1508 2816 tam
1523 2752 1654 2817 luerunt

318 2843 537 2928 impudentes,
558 2852 595 2909 ut
616 2846 665 2921 id,
687 2846 774 2930 quod
795 2847 923 2910 Laelius
945 2846 1045 2923 dixit,
1068 2845 1178 2908 dicere
1200 2844 1372 2921 auderent,
1394 2845 1477 2910 hanc
1491 2845 1531 2909 ab
1545 2866 1581 2910 se
1597 2866 1654 2932 pe·

319 2938 445 3002 cuniam
476 2939 645 3004 abstulisse
673 2940 895 3004 Mithridatem.
939 2941 1020 3016 Quis
1043 2940 1129 3004 enim
1152 2946 1234 3014 erat,
1265 2939 1408 3023 quinon
1428 2940 1525 3005 sciret
1544 2942 1654 3005 invor-

319 3032 433 3096 n'andis
460 3031 683 3097 studiosiorem
711 3033 924 3099 Mithridatem
957 3054 1052 3119 wem
1084 3034 1117 3097 in
1139 3032 1318 3117 spoliandis
1340 3033 1507 3099 Trallianis
1527 3034 1652 3100 luisset

280 3124 370 3191 noo.
393 3128 483 3203 Quae
506 3126 638 3211 quidem
657 3147 678 3191 a
699 3128 814 3204 mesi,
836 3135 873 3192 ut
894 3126 1031 3193 dicenda
1045 3134 1134 3203 sunt,
1156 3126 1349 3202 dicerentur,
1371 3127 1498 3210 gravius
1513 3149 1653 3213 agerem,

318 3221 456 3296 iudices,
484 3240 578 3303 quam
608 3220 712 3284 adhuc
743 3222 811 3305 egi,
841 3229 995 3304 quaan
1016 3221 1165 3285 Asiaticis
1187 3220 1320 3284 testibus
1342 3217 1436 3284 fidem
1456 3221 1573 3287 habere
1594 3242 1652 3286 vos

318 3313 519 3378 conveniret:
551 3333 731 3378 revocarem
759 3316 885 3379 animos
911 3323 1034 3379 vestros
1063 3314 1104 3378 ad
1133 3314 1337 3380 Mithridatici
1358 3313 1434 3377 belli
1456 3315 1652 3391 memoriam,

318 3409 360 3473 ad
381 3408 468 3472 illam
490 3409 710 3474 universorum
733 3410 849 3474 civium
871 3410 1086 3473 Romanorum
1109 3428 1167 3492 per
1188 3415 1236 3473 tot
1249 3408 1345 3472 urbes
1359 3428 1424 3472 uno
1439 3417 1557 3493 puncto
1572 3417 1652 3474 tem·

318 3503 405 3588 poris
427 3503 575 3567 miseram
597 3502 822 3588 crudelemque
844 3504 991 3570 caedem:
1020 3510 1183 3587 praetores
1209 3510 1335 3567 nostros
1358 3502 1497 3578 deditos,
1527 3504 1651 3587 legatos

279 3598 353 3662 sein
375 3597 503 3663 vincula
524 3598 704 3674 coniectos,
726 3600 865 3663 nominis
886 3621 986 3688 prope
1008 3600 1142 3665 Romani
1158 3600 1343 3664 memoriam
1357 3619 1429 3663 cum
1442 3597 1578 3682 vestigio
1592 3600 1652 3662 im·

317 3695 399 3780 perii
419 3713 485 3758 non
507 3692 602 3757 modo
625 3713 665 3758 ex
686 3693 815 3759 sedibus
837 3696 1048 3772 Graecorum,
1070 3714 1180 3759 verum
1203 3693 1298 3758 etiam
1322 3714 1364 3758 ex
1381 3693 1494 3757 litteris
1509 3712 1580 3757 esse
1595 3692 1651 3755 de·

317 3790 422 3853 letam.
465 3785 681 3851 Mithridatem
710 3788 822 3866 deum,
852 3790 942 3854 illum
969 3799 1110 3874 patrem,
1139 3789 1229 3852 illum
1260 3794 1515 3853 conservatorem
1543 3785 1650 3860 Asiae,

316 3884 408 3948 illum
429 3881 583 3957 Euhium,
605 3881 755 3965 Nysium,
777 3883 948 3960 Bacchum,
971 3884 1119 3947 Liberum
1142 3883 1357 3948 nominabant.
1403 3876 1454 3946 bl.
1477 3881 1581 3946 Unum
1602 3890 1650 3946 at·

317 3998 381 4062 que
402 3977 486 4042 idem
510 3983 578 4042 orat
598 3982 739 4059 tempus,
761 3996 832 4040 cum
854 3978 890 4042 L.
905 3979 1017 4043 Flacco
1039 3978 1163 4043 consuli
1177 3986 1286 4063 portas
1300 3985 1367 4042 tota
1380 3977 1456 4041 Asia
1469 3977 1649 4051 claudebat,

280 4083 309 4133 oo
319 4071 539 4156 Cappadocem
561 4078 668 4135 autem
690 4070 781 4134 illum
795 4092 861 4135 non
876 4071 973 4136 modo
987 4073 1162 4157 recipiebat
1175 4072 1243 4137 suis
1257 4072 1408 4147 urbibus,
1431 4091 1540 4136 verum
1554 4070 1649 4134 ctiam

317 4167 400 4232 ultro
421 4165 566 4232 vocabat.
599 4164 710 4229 Liceat
730 4165 808 4229 haec
828 4167 937 4243 nobis,
964 4168 991 4231 si
1014 4167 1157 4233 oblivisci
1178 4187 1244 4230 non
1266 4186 1452 4251 possumus,
1473 4173 1507 4230 at
1526 4171 1649 4229 taceres

317 4261 413 4326 liceat
434 4260 511 4324 mihi
532 4259 646 4344 potius·
661 4258 701 4322 de
724 4258 852 4324 levitate
874 4261 1068 4325 Graecorum
1090 4262 1180 4346 queri
1197 4280 1293 4345 mam
1307 4261 1348 4325 do
1366 4261 1563 4326 crudelitate.
1585 4259 1649 4321 llu-

317 4357 495 4421 ctoritatem
523 4353 576 4418 isti
605 4354 742 4417 habeant
770 4352 853 4438 apud
886 4374 957 4429 eos,
991 4375 1071 4438 quos
1094 4375 1164 4419 csso
1187 4355 1316 4419 omnino
1337 4354 1536 4418 noluerunt?
1568 4353 1647 4417 Nam

248 4514 251 4520 ,
317 4466 538 4533 quoscumque
553 4452 730 4530 potuerunt
745 4453 871 4530 togatos
886 4449 1134 4513 interemerunt:
1157 4468 1274 4513 nomen
1289 4449 1406 4513 civium
1422 4449 1648 4521 Romanorum,

279 4549 470 4627 acquantum
492 4543 527 4605 in
547 4540 626 4625 ipsis
647 4540 726 4616 luit,
749 4542 956 4605 sustulerunt
999 4543 1115 4605 XXVI.
1137 4543 1173 4605 ln
1188 4543 1247 4606 hac
1266 4541 1365 4626 igitur
1378 4541 1456 4606 urhe
1471 4561 1506 4605 se
1520 4542 1648 4614 iactant,

316 4656 412 4721 quam
435 4635 594 4698 oderunt?
616 4636 702 4718 apud
724 4654 796 4710 eos,
819 4656 900 4719 quos
918 4636 1011 4699 inviti
1025 4635 1156 4700 videntt
1178 4637 1212 4699 io
1227 4656 1266 4701 ea
1279 4656 1313 4699 re
1331 4635 1473 4721 publica,
1494 4633 1647 4718 adquam
1683 4668 1686 4673 ·

317 4728 558 4814 opprimendam
580 4748 645 4792 non
667 4730 792 4793 animus
814 4730 877 4804 eis,
899 4728 956 4792 sed
978 4729 1060 4792 vires
1079 4726 1270 4793 defuerunt?
1291 4727 1575 4814 Adspicianthonc
1589 4727 1647 4789 bo·

316 4841 382 4885 rem
405 4822 581 4906 legatorum
603 4823 869 4909 laudatorumque
883 4823 987 4887 Flacci
1010 4843 1052 4887 ex
1071 4841 1147 4888 vera
1159 4830 1259 4908 atque
1272 4823 1396 4908 integra
1409 4822 1556 4887 Graecias
1578 4826 1646 4884 tum

383 5197 407 5246 t.
424 5195 506 5262 Men]
524 5197 604 5248 mem
620 5198 708 5248 SA-
729 5198 753 5250 l.
772 5198 916 5249 bouus—
935 5198 1066 5264 bootem]
1083 5199 1239 5249 tomm'l-
1257 5199 1283 5250 8.
1300 5197 1362 5264 tum]
1379 5198 1536 5249 tommT-
1553 5197 1578 5248 9.
1594 5206 1646 5259 po·

316 5272 452 5322 &amath
472 5300 500 5311 -
517 5273 587 5337 uolpt
603 5273 620 5323 S
638 5299 667 5310 -
690 5274 731 5324 ll.
748 5274 822 5338 flocci
838 5287 879 5339 pr.
897 5276 915 5324 S
934 5301 962 5311 -
983 5275 1023 5325 42.
1042 5274 1135 5324 collato
1151 5275 1196 5324 ST
1213 5277 1241 5324 et
1257 5287 1304 5325 sex
1321 5272 1399 5324 codd.
1418 5273 1519 5324 Oxonn.
1539 5298 1567 5308 —
1584 5271 1648 5321 cibit

315 5349 367 5411 ipsc
382 5348 442 5398 ST:
460 5348 512 5410 lpse
526 5347 590 5398 nibil
604 5349 685 5399 Ano
705 5376 732 5386 -
754 5349 795 5399 ⁴7.
815 5363 833 5399 o
848 5361 874 5399 ce
890 5349 907 5398 S
926 5376 955 5387 -
977 5349 1019 5400 25.
1037 5349 1123 5399 cincto
1139 5350 1156 5399 S
1174 5376 1202 5387 -
1223 5362 1294 5399 «cen
1309 5348 1412 5413 ucsttpto
1427 5344 1587 5397 mendosum
1604 5347 1647 5395 vi-

315 5423 401 5474 detur.
430 5420 550 5474 Placeret
569 5437 626 5474 meo
648 5424 756 5488 oostlptt's
772 5422 815 5475 vel
832 5437 890 5474 com
906 5424 974 5474 comt
988 5424 1116 5489 octuplo.-
1135 5427 1227 5475 Gabar.
1245 5426 1276 5476 11.
1297 5450 1325 5462 -
1343 5424 1384 5475 26.
1402 5436 1436 5475 ac
1450 5421 1546 5472 couno
1562 5422 1645 5473 llenr.

314 5498 481 5563 Stephanus:
507 5511 541 5548 ec
561 5498 645 5549 edom
666 5498 727 5558 ST3
750 5512 784 5551 oo
802 5499 904 5551 mocon
922 5500 999 5550 ΑΗ.
1023 5521 1050 5535 -
1079 5500 1120 5550 27.
1138 5499 1219 5565 mom]
1236 5499 1336 5550 donum
1351 5498 1413 5560 AF;
1432 5499 1560 5549 mosen
1576 5498 1596 5548 l.
1615 5523 1643 5536 -

313 5573 354 5624 28.
373 5573 466 5622 Baetem
481 5572 587 5635 Nysiam
601 5574 631 5623 s:
653 5572 746 5623 sutem
762 5573 859 5635 Notum
873 5575 906 5633 '1⁸3
924 5573 1060 5634 Eucbttun,
1077 5574 1226 5637 Diocustom
1243 5575 1274 5636 Ἐς
1292 5575 1397 5634 mecm.
1415 5575 1555 5636 nimbum
1565 5575 1646 5624 Grae·

312 5650 384 5710 viua3
402 5649 495 5698 llrctwn
511 5647 636 5710 (datm
646 5648 687 5711 Δ),
703 5648 846 5710 Brcmtcen,
864 5648 970 5710 Nysiam
985 5648 1050 5706 Δις
1069 5649 1197 5711 lllot'cen,
1216 5648 1322 5711 Nuoon
1338 5648 1368 5698 0.
1386 5648 1425 5697 De
1441 5648 1572 5713 scriptura
1589 5647 1645 5698 lle-

311 5721 368 5772 btos
382 5721 436 5773 vid.
454 5721 655 5773 lachmannum
671 5720 706 5772 ad
723 5723 827 5773 Lucret.
840 5723 872 5785 V,
884 5721 941 5774 743.
956 5747 984 5759 -
1002 5721 1136 5787 Bocchus]
1153 5723 1269 5774 loccluen
1279 5720 1399 5773 Orelliua.
1413 5746 1442 5758 -
1460 5721 1577 5772 biom
1587 5732 1642 5772 om.

313 5796 374 5846 1.-
393 5795 435 5847 3⁰.
452 5796 512 5859 autc]
528 5796 556 5846 tc
572 5796 694 5847 misi*-
713 5795 994 5849 SbtoctoctSTAF:
1012 5797 1105 5848 tactem
1121 5798 1211 5848 to-
1230 5797 1368 5858 37.btss;
1386 5796 1494 5848 sos-
1512 5797 1645 5862 &mouet

312 5871 459 5935 Naugerius
473 5871 502 5923 ln
518 5869 561 5923 ed.
579 5871 741 5924 Victoriana:
760 5871 901 5936 desuem
916 5876 940 5924 et
956 5871 1087 5938 deptcmmt
1102 5873 1161 5933 sT;
1179 5873 1297 5939 dapem
1310 5877 1336 5926 ot
1350 5871 1481 5937 mm
1496 5875 1527 5925 Α.
