3800 7350
339 1201 425 1271 libb
678 1204 830 1271 ORATIO
852 1205 931 1270 PRO
954 1206 990 1268 T.
1011 1204 1136 1268 sunto
1158 1204 1313 1270 MILONE

339 1376 495 1461 publicam
519 1394 589 1437 esse
610 1373 734 1437 laetam.
767 1375 855 1439 lllam
877 1395 953 1438 vero
975 1383 1103 1438 senatus
1125 1394 1187 1438 uon
1208 1373 1373 1437 sententiis
1388 1373 1454 1436 suis
1469 1371 1584 1447 solum,
1607 1368 1668 1434 sed

340 1472 434 1534 etiam
455 1467 568 1532 studiis
590 1469 816 1550 comprobavit.
850 1468 1005 1544 Quotiens
1028 1469 1111 1532 euim
1133 1475 1182 1530 est
1202 1468 1257 1529 illa
1278 1486 1372 1529 causa
1393 1487 1411 1529 a
1433 1468 1526 1531 nobis
1543 1475 1617 1531 acta
1633 1466 1670 1530 iu

337 1563 467 1627 senatui
491 1562 604 1645 quibus
625 1564 862 1626 assensionibus
885 1562 1022 1625 universi
1046 1561 1182 1635 ordinis,
1206 1582 1300 1643 quam
1323 1581 1382 1623 nec
1403 1562 1507 1626 tacitis
1528 1582 1588 1625 nec
1612 1580 1669 1623 oc-

338 1656 448 1719 cultisl
478 1656 605 1738 quaudo
627 1657 712 1718 enim
732 1656 985 1738 frequentissimo
1008 1662 1120 1718 senatu
1143 1661 1294 1739 quattuor
1315 1662 1369 1717 aut
1390 1674 1546 1717 summum
1570 1654 1668 1737 quin·

315 1769 400 1833 oque
431 1756 503 1810 sunt
525 1749 661 1822 inventi,
690 1752 744 1833 qui
771 1750 898 1812 Milonis
920 1768 1047 1811 eausam
1070 1769 1135 1811 non
1156 1748 1347 1832 probarent?
1376 1748 1544 1811 Declarant
1565 1748 1667 1811 buius

336 1844 472 1906 ambusti
495 1843 611 1906 tribuni
641 1845 684 1925 pl.
707 1843 780 1906 illae
801 1844 1024 1906 intermortuae
1046 1843 1227 1915 contiones,
1258 1842 1373 1925 quibus
1396 1844 1538 1925 quotidie
1559 1862 1666 1906 meam

335 1942 509 2021 potentiam
530 1936 686 2000 invidiose
709 1937 943 2010 criminabatur,
972 1957 1044 1999 cum
1066 1937 1185 2000 diceret
1208 1942 1349 1998 senatum
1371 1956 1435 1999 non
1458 1937 1544 2017 quod
1566 1935 1668 2000 senti-

336 2038 401 2104 ret,
431 2030 486 2093 sed
516 2030 602 2114 quod
631 2050 691 2113 ego
710 2030 824 2092 vellem
846 2031 1026 2094 decernere.
1061 2030 1152 2105 Quae
1174 2030 1303 2112 quidem
1327 2031 1354 2092 si
1376 2030 1515 2111 potentia
1537 2038 1587 2092 est
1608 2048 1668 2111 ap·

336 2124 482 2208 pellenda
503 2125 607 2207 potius
630 2144 724 2208 quem
747 2132 800 2186 arrt
821 2132 950 2208 propter
973 2145 1086 2208 magna
1108 2125 1140 2187 in
1156 2144 1224 2188 rem
1238 2123 1396 2206 publicam
1413 2122 1525 2185 merita
1540 2119 1668 2183 medio-

299 2220 397 2283 coeris
426 2220 459 2281 in
487 2217 579 2280 bonis
607 2219 710 2281 causis
736 2219 905 2281 auctoritas
934 2226 989 2281 aut
1010 2227 1138 2302 propter
1168 2217 1227 2280 bos
1250 2214 1406 2281 officiosos
1429 2216 1553 2280 labores
1575 2235 1668 2279 meos

335 2333 400 2375 non
430 2312 516 2375 nulla
543 2312 628 2394 apud
657 2312 759 2375 bonos
786 2312 903 2393 qratia,
931 2312 1108 2394 appelletur
1136 2313 1180 2375 ita
1207 2332 1299 2386 saue,
1327 2310 1402 2374 dum
1425 2309 1519 2373 modo
1542 2329 1580 2372 ea
1604 2329 1667 2371 nos

335 2414 462 2469 utamur
482 2426 540 2490 pro
563 2405 663 2468 salute
686 2405 840 2468 bonorum
864 2413 973 2467 contra
986 2406 1154 2468 amentiam
1169 2406 1375 2487 perditorum.
1412 2401 1463 2467 t3.
1484 2406 1573 2468 Hane
1587 2423 1666 2467 vero

336 2498 570 2583 quaestionem,
600 2500 659 2562 etsi
681 2518 747 2561 uon
770 2505 818 2561 est
839 2498 965 2580 iniqua,
995 2517 1166 2582 numquam
1189 2507 1292 2561 tamen
1316 2506 1445 2561 senatus
1466 2499 1668 2562 constituen-

336 2592 408 2657 dam
434 2594 573 2675 putavit;
601 2601 691 2655 erunt
719 2592 802 2655 enim
832 2591 935 2674 leges,
964 2600 1052 2655 erant
1072 2594 1275 2675 quaestiones
1297 2594 1347 2654 vel
1370 2592 1409 2654 de
1431 2593 1526 2656 caede
1548 2591 1599 2655 vel
1622 2591 1667 2653 de

299 2689 384 2761 mvi,
407 2706 465 2749 neo
488 2693 607 2750 tantum
630 2706 803 2749 maerorem
828 2706 864 2748 ac
887 2686 1004 2748 luctum
1027 2686 1149 2747 senatui
1173 2707 1257 2748 mors
1279 2687 1312 2748 P.
1328 2685 1429 2749 Clodii
1444 2687 1605 2761 afferebat,
1627 2694 1668 2748 ut

335 2801 418 2845 nova
439 2781 583 2863 quaestio
606 2781 859 2844 constitueretur.
894 2780 992 2842 Cuius
1014 2782 1097 2842 enim
1112 2780 1151 2841 de
1174 2779 1228 2842 illo
1248 2780 1369 2842 incesto
1384 2787 1493 2862 stupro
1508 2779 1665 2843 iudicium

335 2872 527 2937 decernendi
556 2875 678 2937 senatui
708 2882 847 2957 potestas
877 2881 962 2937 esset
990 2881 1114 2956 erepta,
1146 2874 1185 2935 de
1214 2874 1282 2935 eius
1313 2874 1443 2935 interitu
1465 2874 1537 2956 quis
1558 2880 1668 2958 potest

335 2970 466 3032 credere
488 2976 632 3031 senatum
654 2968 806 3031 iudicium
828 2987 944 3030 novum
968 2966 1223 3029 constituendum
1245 2970 1397 3048 putasset
1422 2965 1484 3028 Cur
1503 2967 1601 3049 igitur
1614 2971 1666 3031 in·

336 3060 483 3126 cendium
505 3063 629 3135 curiae,
652 3062 920 3145 oppugnationem
941 3062 1067 3123 sedium
1090 3062 1132 3122 bl.
1153 3058 1281 3142 Lepidi,
1307 3060 1435 3123 caedem
1456 3060 1539 3125 hanc
1560 3062 1666 3145 ipsam

297 3165 444 3219 socontra
470 3175 536 3222 rem
562 3155 720 3240 publicam
743 3164 871 3219 senatus
892 3155 1007 3218 factam
1030 3174 1099 3217 esse
1120 3154 1280 3217 decrevit?
1309 3154 1391 3229 Quia
1413 3156 1501 3218 nullu
1522 3157 1571 3220 vis
1593 3177 1667 3218 um·

335 3271 432 3335 quam
454 3258 502 3315 est
524 3252 557 3313 in
580 3250 679 3314 libera
700 3250 826 3314 civitate
848 3258 995 3335 suscepta
1014 3250 1097 3312 inter
1110 3251 1194 3312 cives
1208 3269 1272 3311 uon
1287 3258 1395 3312 contra
1410 3270 1475 3312 rem
1490 3249 1665 3332 publicam.

336 3341 387 3407 ti.
409 3347 478 3409 Non
510 3345 594 3407 enim
618 3350 667 3407 est
687 3344 742 3405 illa
764 3341 907 3406 defensio
929 3351 1040 3406 contra
1061 3344 1124 3406 vim
1146 3362 1294 3425 umquam
1324 3343 1479 3425 optanda,
1509 3343 1563 3405 sed
1594 3362 1663 3406 non

337 3457 507 3521 numquam
532 3449 580 3501 est
601 3436 796 3501 necessaria:
825 3439 885 3501 nisi
908 3458 984 3502 vero
1006 3446 1060 3501 aut
1085 3438 1139 3500 ille
1162 3435 1245 3510 dies,
1275 3457 1339 3519 quo
1362 3438 1410 3499 Ti.
1432 3436 1592 3499 Gracchus
1614 3446 1665 3499 est

336 3552 464 3606 caesus,
486 3541 541 3596 aut
561 3531 633 3607 ille,
656 3553 719 3616 quo
743 3531 855 3606 Gaius,
878 3541 933 3595 aut
954 3551 1040 3595 arma
1057 3531 1216 3594 Saturnini
1240 3550 1317 3603 non,
1341 3529 1435 3593 etism
1458 3532 1486 3592 si
1507 3549 1525 3592 e
1547 3549 1581 3592 re
1602 3551 1665 3613 pu·

299 3626 419 3690 sublicu
441 3645 592 3711 oppressa
615 3633 705 3700 sunt,
736 3645 801 3689 rem
831 3625 990 3710 publicam
1013 3634 1117 3689 tamen
1141 3625 1352 3688 vulnerarunt.
1398 3626 1449 3689 Vl.
1471 3625 1580 3708 ltaque
1602 3644 1665 3707 ego

337 3721 406 3804 ipse
428 3721 570 3797 decrevi,
593 3741 664 3783 cum
687 3718 814 3783 caedem
838 3721 870 3782 in
886 3722 987 3804 Appia
1009 3719 1121 3782 iactam
1137 3739 1207 3782 esse
1222 3727 1397 3794 constaret,
1420 3739 1484 3783 non
1500 3740 1583 3794 eum,
1605 3720 1663 3803 qui

338 3834 372 3876 se
395 3813 606 3888 defendisset,
629 3820 737 3877 contra
759 3834 825 3876 rem
846 3814 1004 3897 publicam
1025 3813 1153 3888 fecisse,
1176 3813 1250 3888 sed,
1272 3833 1343 3877 cum
1365 3814 1486 3878 inesset
1506 3812 1538 3876 in
1560 3833 1595 3877 re
1615 3814 1664 3877 vis

338 3915 370 3970 et
391 3908 542 3983 insidiae,
565 3908 685 3971 crimen
706 3907 823 3972 iudicio
846 3909 1017 3982 reservavi,
1040 3928 1106 3970 rem
1121 3909 1238 3972 notavi.
1272 3907 1414 3983 Quodsi
1437 3927 1495 3991 per
1507 3907 1664 3972 furiosum

338 4001 427 4064 illurn
448 4002 608 4065 tribunum
640 4003 760 4064 senatui
784 4000 868 4085 quod
892 4002 1048 4064 sentiebat
1068 4002 1220 4084 perlicere
1241 4002 1397 4078 licuisset,
1424 4022 1539 4066 novam
1566 4021 1665 4083 quae·

300 4096 475 4163 ustionem
496 4096 615 4159 nullam
637 4095 837 4159 haberemus.
869 4096 1065 4158 Decernebat
1087 4097 1189 4170 enim,
1211 4103 1246 4157 ut
1260 4096 1417 4158 veteribus
1436 4097 1571 4179 legibus,
1593 4105 1665 4158 tan·

339 4199 404 4252 tum
431 4190 525 4254 modo
555 4197 645 4252 extra
670 4190 830 4263 ordinem,
858 4199 1072 4273 quaereretur.
1107 4192 1214 4253 Divisa
1236 4192 1391 4252 sententia
1412 4198 1461 4253 est
1482 4189 1664 4272 postulante

338 4284 446 4347 neseio
479 4302 563 4367 quo;
596 4281 677 4345 nibil
705 4284 790 4345 euim
823 4303 952 4347 necesse
981 4292 1030 4346 est
1058 4285 1198 4347 omnium
1228 4303 1277 4345 me
1300 4283 1415 4365 flagitia
1437 4281 1589 4365 proferre.
1612 4282 1665 4344 Sic

338 4379 462 4460 reliqua
483 4378 651 4441 auctoritas
674 4386 801 4441 senatus
824 4384 929 4458 emptu
950 4378 1175 4440 intercessione
1197 4377 1320 4440 sublata
1342 4385 1399 4439 est.

406 4632 431 4679 Β.
451 4631 567 4692 Quotiens
582 4629 646 4679 TE:
667 4630 796 4691 QuotiesO
814 4655 839 4666 -
860 4630 884 4682 i.
898 4628 1067 4692 quatuorve:
1081 4653 1107 4662 -
1126 4633 1172 4678 out
1188 4628 1225 4678 E:
1244 4629 1316 4677 ch.
1335 4628 1373 4679 Cl.
1388 4641 1414 4693 p.
1428 4628 1468 4689 ΒΞ,
1481 4629 1505 4679 Β.
1519 4629 1591 4690 4460,
1606 4630 1662 4679 4.-

342 4706 367 4755 e.
385 4705 523 4755 nutarent
534 4730 571 4741 --
583 4703 766 4752 criminabatur
782 4701 863 4753 hebet
880 4706 915 4764 Α,
936 4704 1119 4754 Dectcrcnin
1131 4703 1224 4753 musii
1237 4703 1273 4765 pt.
1292 4704 1311 4752 Β
1330 4728 1356 4739 -—
1376 4704 1400 4755 6.
1418 4704 1506 4754 cotidie
1521 4705 1541 4754 Τ
1558 4707 1586 4754 et
1602 4704 1664 4754 cod.

341 4784 437 4829 Ancon.
456 4777 596 4836 Ambros.;
614 4777 712 4827 cottidie
727 4777 747 4826 Β
764 4804 789 4812 -
808 4777 832 4827 8.
852 4791 916 4839 quoe
927 4805 940 4814 -
950 4804 964 4814 -
975 4777 1126 4840 appetisses
1142 4776 1223 4827 hebet
1239 4779 1303 4828 Β-
1320 4777 1344 4827 9.
1363 4778 1389 4826 in
1404 4793 1445 4841 rp.
1458 4779 1492 4838 T;
1510 4779 1537 4828 in
1552 4792 1582 4829 rs
1597 4779 1666 4841 ‚pti

345 4880 370 4890 -
392 4855 431 4903 io.
451 4853 502 4915 lios]
519 4855 564 4903 boc
580 4854 600 4903 T
618 4879 644 4888 -
666 4854 705 4903 it.
723 4845 793 4902 iccio
809 4854 857 4903 ΤΒ
877 4880 903 4889 -
923 4853 1272 4916 appelletur-”perditurum
1287 4852 1405 4903 habetli
1424 4880 1451 4888 -
1470 4867 1530 4905 scire
1542 4855 1666 4917 potentio,

342 4929 400 4978 dum
416 4941 446 4978 sa
463 4929 482 4977 B
503 4956 529 4965 -
549 4929 589 4979 ta.
606 4942 654 4991 pro
671 4928 751 4978 salute
762 4929 963 4989 --perditorum
979 4929 1060 4978 hebet
1077 4927 1219 4977 Diomedes
1236 4942 1261 4991 p.
1281 4927 1338 4989 iet,
1357 4928 1396 4978 46.
1412 4954 1439 4964 -
1458 4929 1668 4978 conuomestiom

342 5004 376 5063 B;
395 5005 547 5054 contratavit
565 5005 679 5067 (omissis
696 5004 831 5053 amentium
843 5031 858 5040 -
867 5031 880 5040 -
891 5004 1087 5054 constituendum
1099 5005 1144 5064 pu)
1162 5003 1182 5052 Τ
1194 5028 1222 5039 -
1243 5001 1282 5052 li.
1301 5003 1330 5051 ds
1344 5002 1379 5064 os]
1396 5003 1466 5053 meus·
1482 5004 1541 5053 Τ-
1561 5003 1601 5054 46.
1616 5004 1669 5054 Cs-

342 5079 381 5128 ius
397 5080 570 5129 euim--oon
586 5083 675 5129 contre
690 5091 744 5128 reru
758 5090 784 5140 ρ.
805 5080 838 5139 lv.
858 5078 910 5140 tt.)
927 5076 1010 5128 hebet
1026 5079 1045 5128 Β
1063 5104 1090 5112 -
1109 5078 1153 5126 illo
1169 5090 1222 5127 om.
1241 5077 1261 5127 B
1281 5103 1308 5115 —-
1326 5079 1418 5127 incestu
1433 5078 1467 5139 B,
1489 5076 1560 5141 quod
1577 5075 1667 5127 deleto
1717 5132 1723 5141 ,

342 5157 428 5215 stupro
445 5153 539 5217 probet
556 5153 650 5204 llavius
671 5155 729 5204 i'cr.
748 5155 823 5204 Lecti.
837 5155 860 5213 l,
879 5167 905 5218 p.
920 5154 977 5203 tua.
994 5180 1020 5189 -
1040 5154 1080 5204 tr.
1098 5157 1197 5215 ereptae
1212 5151 1265 5201 eius
1280 5152 1299 5202 Β
1314 5179 1340 5189 -
1360 5153 1400 5203 te.
1413 5152 1465 5203 Cur
1479 5153 1669 5216 ipitor--ssss

344 5227 450 5276 decrerit
467 5227 585 5296 hebeti
606 5257 631 5266 -
652 5229 691 5280 te.
710 5229 946 5292 obpupuctioueml'
965 5257 991 5265 -
1011 5229 1075 5278 icoc
1089 5230 1169 5291 ipsum
1186 5227 1271 5276 omli
1292 5252 1318 5262 —
1337 5227 1377 5276 ΒΟ.
1396 5233 1494 5278 motus
1509 5231 1598 5276 contro
1613 5239 1668 5275 rem

341 5317 368 5366 p.
382 5302 402 5351 Β
421 5328 447 5336 -
466 5304 574 5369 conotus]
591 5310 690 5356 seuctsu
704 5304 842 5355 consultum
860 5303 879 5354 E
898 5331 925 5340 -
942 5303 1013 5366 socia
1029 5305 1048 5355 Β
1064 5331 1089 5339 -
1109 5304 1150 5353 st.
1168 5301 1230 5350 uuo
1245 5301 1334 5351 BT·
1354 5301 1394 5351 ΒΒ.
1409 5307 1443 5352 esi
1459 5314 1539 5366 supra
1555 5313 1667 5352 versum

344 5379 371 5427 iu
387 5377 406 5426 E
422 5403 447 5413 -
466 5379 529 5437 dios,
548 5378 764 5441 quolambiuus:
784 5380 834 5429 dies
850 5379 876 5428 iu
888 5393 937 5441 quo
948 5380 1015 5429 TES
1029 5406 1054 5414 -
1077 5385 1104 5430 .i.
1116 5379 1150 5436 Ti
1169 5376 1299 5427 tiberiusli
1314 5403 1341 5412 -
1358 5377 1503 5439 qaiurTE:
1523 5375 1665 5426 σάκεο-

345 5448 388 5500 ti,
405 5457 450 5500 cot
466 5465 587 5502 croton
599 5459 682 5506 tomen
697 5457 862 5506 commorunt
877 5454 1022 5519 Madvigius
1040 5455 1137 5516 (Opscsc.
1156 5452 1228 5501 cccd.
1247 5452 1272 5513 1,
1290 5464 1315 5514 p.
1335 5452 1382 5501 453
1399 5452 1463 5515 sq.):
1482 5455 1527 5500 aut
1542 5463 1668 5500 musa·-

344 5531 427 5575 tomeo
442 5528 672 5581 convolaverunt
689 5532 725 5592 C,
748 5535 793 5580 out
810 5542 858 5592 quo
875 5535 1091 5580 conc--tamen
1107 5541 1157 5577 nou
1172 5526 1573 5589 consecutusneque
1589 5538 1668 5575 umus

343 5601 476 5652 Saturnini
497 5615 614 5666 oppresso
633 5611 703 5665 suut,
730 5607 807 5657 eiiam
827 5606 847 5655 si
867 5618 925 5656 ers
944 5604 1059 5666 publico,
1085 5616 1139 5653 reu
1152 5616 1179 5664 p.
1198 5607 1281 5652 torreo
1295 5614 1345 5651 nou
1360 5601 1525 5652 mouerunt
1541 5613 1603 5652 cum
1620 5599 1665 5651 ed.

344 5672 438 5726 Aldina
449 5677 469 5725 0
482 5702 507 5712 -
527 5678 568 5729 rt.
587 5681 673 5744 licque
684 5708 721 5719 --
732 5681 829 5732 decrevi
845 5679 926 5731 habet
942 5681 1003 5731 Β-
1022 5679 1063 5732 27.
1079 5679 1120 5730 sed
1136 5678 1223 5730 omi·
1237 5703 1263 5712 -
1281 5678 1368 5727 merset
1384 5677 1415 5726 S:
1434 5682 1494 5728 erret
1509 5678 1543 5738 T;
1561 5677 1667 5727 iocum

344 5748 411 5798 Β-
430 5749 470 5801 28.
490 5752 560 5814 Quod
576 5755 753 5807 si--aublotc
769 5760 803 5806 est
821 5753 942 5806 hebeti
961 5782 987 5791 —
1013 5755 1053 5805 ΞΒ.
1072 5751 1199 5804 tribunum
1216 5753 1253 5816 pt.
1271 5753 1367 5802 sordui
1384 5755 1405 5802 Α
1424 5779 1451 5790 -
1476 5752 1517 5803 30.
1533 5749 1667 5800 oulloert'l'

345 5823 410 5874 EA:
428 5838 495 5876 usuc
510 5827 660 5881 nuliomso
674 5858 700 5868 -
718 5828 1070 5892 neemias--ueseioquo
1087 5827 1199 5879 bubetlt
1213 5853 1239 5865 -·
1253 5826 1411 5890 leuibusom.
1424 5827 1444 5878 B
1458 5835 1485 5864 '—
1504 5825 1544 5876 at.
1557 5825 1666 5876 eiiii--

341 5902 526 5967 proferrem.
545 5907 565 5956 Α
587 5930 613 5942 -
631 5903 713 5959 llicbii
728 5904 776 5968 (sic
792 5903 900 5970 ubique)
918 5904 946 5955 Τ.
