3800 7350
306 1187 390 1255 iObO
619 1194 770 1262 ORATIO
790 1197 872 1262 PllO
891 1198 927 1262 L.
949 1196 1153 1264 CORNELIO
1173 1196 1305 1262 nmo

306 1358 345 1423 de
366 1364 573 1438 testammtis,
594 1363 665 1428 tulit
686 1364 725 1440 Q.
745 1367 908 1430 Voconius
929 1367 969 1430 de
990 1366 1157 1430 mulierum
1175 1363 1418 1441 hereditatibus3
1439 1363 1625 1428 innumera·

305 1454 384 1518 biles
405 1454 484 1519 aliae
504 1457 592 1540 leges
614 1458 653 1520 dc
676 1458 761 1523 civili
781 1459 848 1523 iure
871 1468 944 1521 sunt
965 1459 1063 1522 latae:
1087 1478 1164 1542 quas
1186 1457 1291 1522 Latini
1312 1458 1496 1533 voluerunt,
1518 1456 1623 1521 adsci-

304 1555 431 1610 verunt:
460 1549 529 1632 ipsa
557 1551 694 1635 denique
722 1551 817 1626 iulia,
845 1571 908 1634 qua
933 1552 1003 1635 lege
1031 1552 1139 1615 civitas
1161 1559 1209 1616 est
1230 1552 1323 1615 sociis
1345 1557 1377 1615 et
1397 1550 1517 1614 Latinis
1539 1551 1623 1625 data.

306 1641 361 1723 qui
381 1641 473 1705 fundi
493 1643 602 1727 populi
623 1643 699 1709 iacti
720 1665 784 1708 non
800 1652 913 1721 essent,
935 1645 1092 1710 civitatem
1106 1665 1170 1708 non
1184 1645 1346 1709 haberent
1376 1645 1413 1706 ln
1429 1664 1494 1727 quo
1509 1663 1625 1728 magna

281 1734 465 1799 ccontentio
487 1736 737 1801 Heracliensium
759 1746 790 1801 et
809 1739 1089 1821 Neapolitanorum
1106 1737 1186 1812 luit,
1209 1758 1279 1801 cum
1300 1756 1412 1820 magna
1433 1756 1507 1820 pars
1528 1738 1562 1800 in
1583 1738 1623 1802 iis

305 1827 483 1892 civitatibus
505 1829 640 1895 foederis
663 1833 713 1896 sui
740 1832 915 1895 libertatem
937 1831 1056 1895 civitati
1079 1831 1257 1894 anteferret.
1292 1832 1452 1895 Postremo
1472 1831 1553 1895 haec
1573 1831 1624 1896 ris

304 1927 353 1983 est
373 1920 465 1986 istius
487 1931 518 1987 ct
537 1924 614 1988 iuris
637 1934 669 1989 et
688 1925 791 2000 verbi,
819 1932 855 1989 ut
882 1923 972 1987 iundi
1001 1924 1113 2007 populi
1141 1921 1293 1988 beneficio
1323 1933 1448 1999 nostro,
1478 1946 1543 1990 non
1565 1946 1623 1989 suo

303 2013 374 2077 inre
395 2010 480 2080 fiant
523 2012 573 2081 22.
597 2018 673 2082 Cum
695 2019 814 2103 aliquid
829 2018 967 2101 populus
984 2017 1143 2080 Romanus
1157 2018 1265 2091 iussit,
1288 2015 1321 2079 id
1336 2017 1363 2079 si
1378 2025 1426 2081 est
1440 2018 1509 2083 eius
1526 2018 1624 2094 modi,

303 2115 340 2170 ut
359 2109 550 2191 quibusdam
570 2111 698 2195 populis
719 2112 785 2175 sive
805 2110 976 2176 foederatis
998 2110 1065 2173 sive
1087 2110 1194 2173 liberis
1215 2110 1461 2193 permittendum
1484 2132 1555 2176 esse
1576 2112 1624 2175 ri·

183 2255 186 2261 .
268 2198 431 2277 sedeatur,
452 2211 487 2267 ut
508 2212 646 2269 statuant
667 2206 727 2292 ipsi
749 2225 813 2270 non
835 2204 875 2267 de
896 2203 1028 2277 nostris,
1051 2203 1106 2267 sed
1129 2204 1168 2267 de
1191 2204 1256 2268 suis
1278 2204 1383 2279 rebus,
1405 2225 1469 2288 quo
1492 2206 1562 2269 iure
1576 2205 1624 2270 uti

304 2294 417 2372 velint,
446 2303 526 2373 tum,
551 2304 656 2363 utrum
684 2298 773 2364 iundi
801 2297 875 2363 iacti
897 2297 961 2361 sint
981 2317 1022 2361 an
1045 2316 1126 2373 non,
1152 2298 1369 2382 quaerendum
1390 2318 1460 2364 esse
1481 2299 1623 2364 ridetur:

305 2389 345 2452 dc
365 2397 472 2455 nostra
492 2412 567 2456 vero
588 2414 623 2457 re
645 2394 786 2478 publica,
817 2393 857 2457 de
878 2399 988 2456 nostro
1011 2391 1160 2475 imperio,
1186 2392 1224 2454 de
1245 2391 1363 2456 nostris
1382 2389 1492 2469 bellis,
1515 2392 1555 2456 de
1577 2393 1624 2456 ri-

305 2484 419 2559 ctcria,
442 2485 481 2549 de
503 2486 604 2552 salute
625 2487 743 2551 fundos
763 2485 899 2572 populos
920 2483 989 2549 fieri
1011 2487 1190 2549 noluerunt.
1226 2485 1282 2547 lx.
1302 2485 1418 2569 Atqui,
1440 2486 1467 2550 si
1489 2489 1624 2571 impera·

305 2577 425 2642 toribus
455 2580 586 2655 ncstrb,
618 2581 646 2645 si
674 2582 813 2657 senatui,
844 2581 872 2644 si
900 2580 1021 2664 populo
1050 2580 1191 2644 llomano
1221 2598 1287 2641 non
1316 2577 1426 2642 licebit
1452 2578 1624 2664 propositis

268 2672 452 2755 ttpraemiis
483 2673 596 2738 elicere
627 2693 666 2738 ex
698 2673 877 2740 civitatibus
906 2674 1066 2737 sociorum
1093 2679 1190 2756 atque
1219 2672 1389 2736 amicorum
1417 2670 1625 2736 fortissimum

304 2772 398 2848 atque
419 2765 574 2847 optimum
596 2788 752 2852 quemque
774 2770 814 2833 ad
836 2768 1001 2832 subeunda
1018 2786 1077 2850 pro
1092 2767 1193 2831 salute
1208 2773 1317 2831 nostra
1330 2764 1482 2850 pericula,
1502 2784 1626 2829 summa

304 2858 440 2923 utilitate
461 2879 499 2922 ac
520 2862 657 2925 maximo
678 2882 771 2946 saepe
792 2862 948 2946 praesidio
970 2859 1155 2946 periculosis
1176 2868 1272 2945 atque
1294 2860 1415 2944 asperis
1432 2858 1626 2942 temporibus

305 2950 475 3015 carendum
497 2954 587 3017 nobis
609 2956 678 3019 erit.
721 2952 1287 3038 23.scu,perdeosimmorc1es1
1321 2971 1402 3038 quae
1424 2960 1473 3018 est
1492 2953 1553 3016 ista
1575 2972 1627 3016 sc-

304 3042 416 3118 cietas‚
445 3065 525 3129 quae
547 3047 701 3123 amicitia,
732 3046 818 3131 quod
839 3048 967 3123 foedus,
990 3055 1027 3111 ut
1046 3056 1101 3110 aut
1121 3054 1229 3110 nostra
1250 3046 1360 3110 civitas
1382 3053 1485 3109 careat
1505 3045 1538 3109 in
1560 3044 1626 3109 suis

267 3136 455 3221 sopericnlis
484 3140 673 3205 Massiliensi
700 3150 948 3226 propugnatore,
979 3148 1086 3205 careat
1114 3140 1285 3227 Gaditano,
1314 3147 1419 3204 careat
1440 3139 1626 3222 Saguntino,

305 3236 376 3305 aut,
399 3232 426 3295 si
447 3235 520 3317 quis
543 3255 584 3296 ex
604 3233 645 3309 iis
666 3235 793 3318 populis
815 3236 857 3298 sit
873 3241 1014 3308 exortus,
1038 3234 1092 3318 qui
1107 3239 1232 3296 nostros
1248 3231 1344 3295 duces
1362 3232 1482 3296 auxilio
1497 3231 1626 3307 laboris,

305 3336 496 3390 commeatus
518 3327 659 3411 periculo
681 3348 739 3391 suc
762 3328 892 3402 iuverit,
915 3329 970 3412 qui
992 3348 1064 3391 cum
1086 3327 1176 3392 hoste
1198 3332 1306 3390 nostro
1321 3324 1494 3390 comminus
1508 3324 1543 3387 in
1557 3324 1626 3388 acie

306 3438 401 3503 saepe
423 3422 587 3504 pugnarit,
610 3422 666 3506 qui
688 3443 723 3485 se
746 3443 840 3506 saepe
862 3422 935 3486 telis
956 3421 1111 3496 bostium,
1134 3420 1189 3504 qui
1211 3420 1406 3486 dimicationi
1420 3419 1548 3503 capitis,
1570 3420 1626 3504 qni

306 3514 400 3577 morti
429 3516 597 3590 obiecerit,
628 3517 716 3580 nulla
743 3515 924 3581 conditione
949 3515 1044 3579 buius
1066 3514 1199 3579 civitatis
1225 3513 1373 3596 praemiis
1394 3509 1477 3577 attici
1499 3511 1626 3596 possiti

267 3601 357 3669 2⁵24.
378 3607 503 3674 Etenim
525 3610 557 3672 in
578 3610 730 3695 populum
752 3612 927 3673 Romanum
949 3629 1042 3693 prave
1065 3616 1129 3683 est,
1160 3627 1226 3672 non
1255 3627 1349 3693 posse
1378 3607 1424 3670 uti
1453 3607 1549 3671 sociis
1570 3626 1626 3670 ex-

306 3703 431 3767 cellenti
453 3706 567 3769 rirtnte
589 3704 756 3789 praeditis,
778 3706 832 3789 qui
853 3704 954 3768 velint
975 3723 1048 3768 cum
1069 3702 1217 3787 periculis
1238 3702 1354 3766 nostris
1376 3720 1435 3765 sua
1453 3699 1626 3765 communi·

305 3814 395 3860 care:
417 3799 450 3862 in
472 3797 577 3862 socios
598 3819 673 3862 vero
695 3798 782 3881 ipsos
803 3805 836 3862 et
855 3799 889 3862 in
911 3817 986 3874 eos,
1008 3794 1048 3861 de
1070 3796 1186 3881 quibus
1207 3796 1346 3879 agimus,
1372 3794 1550 3859 foederatos
1578 3793 1626 3857 in·

305 3888 457 3953 iuricsum
487 3899 517 3955 et
546 3892 809 3956 contumeliosum
838 3899 902 3966 est,
930 3891 968 3955 iis
995 3890 1143 3974 praemiis
1164 3896 1197 3953 et
1223 3889 1262 3953 iis
1282 3887 1457 3952 honoribus
1479 3887 1625 3952 exclusos

306 4003 375 4046 esse
404 3983 603 4048 fidelissimos
632 3994 665 4049 et
693 3984 965 4049 coniunctissimos
995 3984 1115 4058 socios,
1143 4000 1226 4067 quae
1254 3989 1383 4065 pateant
1403 3978 1625 4064 stipendiariis,

267 4084 433 4158 topateant
457 4077 615 4154 hostibus,
649 4086 776 4162 pateant
807 4097 901 4162 saepe
930 4079 1041 4142 servis.
1084 4078 1163 4139 Nam
1189 4074 1413 4158 stipendiarios
1442 4094 1484 4138 er
1511 4073 1625 4149 Africa,

306 4171 430 4245 Sicilia,
452 4170 611 4249 Sardinia,
640 4172 752 4236 ceteris
774 4171 942 4255 provinciis
971 4170 1088 4235 multos
1116 4169 1241 4233 civitate
1264 4168 1398 4232 donatos
1420 4166 1564 4231 videmus
1585 4174 1625 4241 et,

307 4263 362 4348 qui
385 4263 491 4328 hostes
513 4266 552 4328 ad
574 4273 699 4330 nostros
720 4266 926 4348 imperatores
947 4262 1159 4350 perfugissent
1180 4270 1212 4326 et
1232 4281 1347 4344 magno
1363 4263 1435 4325 usui
1455 4263 1502 4325 rei
1522 4260 1626 4344 publi·

306 4378 362 4421 cae
383 4365 510 4422 nostrae
531 4358 682 4436 firissent,
704 4360 820 4423 scimus
843 4358 967 4422 civitate
990 4377 1059 4421 esse
1081 4357 1231 4431 donatos,
1254 4375 1361 4419 servos
1377 4354 1525 4439 deniqne,
1547 4373 1626 4438 quo-

305 4471 375 4513 rum
398 4450 464 4526 ius,
486 4450 630 4529 fortuna,
653 4454 794 4517 conditio
816 4451 925 4515 infima
947 4459 1009 4527 est,
1038 4451 1119 4514 bene
1140 4448 1181 4511 de
1202 4469 1236 4512 re
1257 4449 1386 4532 publica
1407 4448 1535 4514 meritos
1556 4467 1625 4531 per·

268 4559 400 4629 aasaepc
422 4543 583 4623 libertate,
604 4547 638 4611 id
660 4555 709 4612 est
730 4546 856 4610 civitate
878 4544 1005 4629 publice
1028 4542 1140 4609 donari
1163 4542 1357 4607 videbamus.

918 4713 1026 4721 ..-ὑ
1038 4714 1052 4719 .-
1071 4711 1251 4720 -..----

373 4826 396 4875 4.
414 4824 516 4886 tulitque
532 4824 633 4886 quintus
647 4822 766 4873 occocics
778 4823 814 4881 ῦς
833 4822 888 4872 tulit
905 4821 1040 4882 cosconius
1057 4820 1075 4868 E
1090 4846 1115 4854 -
1134 4820 1159 4869 2.
1178 4820 1320 4869 4444444444
1331 4821 1351 4868 G
1365 4842 1391 4854 -
1410 4819 1435 4868 o.
1450 4819 1626 4871 lcrccimdten

308 4901 343 4960 C;
362 4898 395 4950 44.
412 4913 438 4964 p.
457 4900 515 4961 483,
532 4899 572 4949 44.
589 4897 629 4949 at.
643 4899 683 4948 ²7.
704 4923 731 4933 -
750 4895 788 4960 iis]
805 4896 843 4947 444
859 4899 908 4948 PG
926 4923 953 4933 -
973 4899 997 4947 6.
1016 4897 1127 4947 libertate
1142 4900 1173 4949 1²²
1189 4924 1216 4932 -
1235 4898 1348 4951 44444444.
1366 4897 1399 4954 Ρ;
1425 4895 1528 4944 44440444
1549 4894 1579 4944 G¹
1598 4919 1624 4929 -

307 4974 330 5027 9.
347 4975 433 5037 popuii
449 4972 507 5025 G¹E
525 5000 553 5009 -
572 4976 612 5024 44.
629 4975 727 5024 44044444
747 4971 885 5035 numptius
908 4974 1006 5037 (Propr.
1025 4972 1087 5022 6444.
1106 4984 1130 5020 a.
1149 4969 1220 5032 4844)
1243 4973 1270 5021 44
1291 4984 1348 5021 var.
1366 4968 1426 5020 lect.
1445 4968 1624 5032 Naugerium:

305 5050 420 5099 cidcctor
436 5048 493 5098 CO.
521 5047 559 5099 Cl.
578 5061 632 5099 var.
651 5046 711 5098 lect.
731 5059 757 5111 p.
775 5045 849 5105 4038,
862 5046 903 5097 34.
920 5045 995 5108 tois,
1013 5048 1053 5097 48.
1073 5047 1145 5107 tons,
1164 5046 1203 5096 43.
1217 5071 1245 5081 -
1265 5046 1305 5096 43.
1324 5049 1352 5095 ct
1368 5045 1423 5107 coir
1438 5040 1628 5105 imperatoribus

307 5120 364 5173 P¹E
384 5149 410 5158 -
436 5121 475 5172 44.
492 5123 631 5185 populoque
649 5123 686 5172 ,4.
698 5135 749 5172 noo
765 5123 825 5172 P-
845 5123 885 5172 45.
900 5123 1019 5185 prccmiir
1036 5123 1055 5172 P
1073 5148 1099 5157 -
1119 5120 1158 5169 tr.
1175 5119 1320 5183 periculosis
1335 5117 1495 5180 Madvigius:
1511 5114 1628 5178 pascuiis

308 5198 342 5257 C;
360 5198 517 5260 inpericoiis
534 5198 594 5248 0-
614 5199 654 5250 48.
672 5195 956 5247 immissiones
974 5221 1003 5233 -
1021 5195 1062 5245 44.
1081 5196 1112 5244 444
1129 5207 1194 5245 nos:
1214 5194 1251 5242 444
1268 5196 1299 5250 Ρς
1317 5190 1366 5242 iltis
1382 5191 1502 5242 0440-
1520 5189 1626 5249 44444444,

306 5272 407 5334 labore,
431 5278 568 5323 conuocato
592 5271 745 5324 Lambinus.
771 5296 797 5305 -
828 5270 869 5320 22.
893 5270 1030 5320 comminus
1056 5271 1118 5319 PG:
1148 5268 1294 5319 4444444440
1314 5294 1341 5304 -
1368 5265 1410 5317 2³.
1425 5270 1552 5329 pomerei
1568 5264 1626 5315 (3¹8

308 5374 336 5383 -
354 5361 409 5410 seps
430 5360 455 5398 se
475 5348 526 5398 GE
545 5374 572 5384 -
596 5345 637 5397 st.
655 5351 735 5397 morto
753 5343 839 5395 PG'E
857 5371 885 5380 —
908 5345 983 5400 4444444
1000 5347 1019 5394 P
1038 5371 1065 5379 -
1083 5343 1125 5392 25.
1143 5342 1394 5405 breim-prcus
1415 5344 1451 5389 cst
1472 5338 1624 5402 (4440)(14

307 5424 565 5487 litteoim--prcoc
582 5423 602 5473 0
620 5449 647 5458 -
668 5423 710 5473 26.
728 5421 783 5486 soa]
804 5421 856 5470 4444
876 5419 896 5469 C
916 5445 943 5454 -
966 5419 1006 5469 27.
1025 5418 1176 5467 iacosicccn
1192 5416 1251 5467 G¹E
1269 5443 1296 5450 -
1320 5416 1361 5466 28.
1378 5415 1544 5476 ioprcmiis
1559 5413 1628 5464 44444

308 5499 370 5548 PG:
388 5498 425 5547 444
438 5498 558 5560 peccatis
573 5502 596 5547 ct
611 5497 649 5546 444
666 5497 713 5547 EO
731 5524 757 5532 -
782 5495 823 5545 29.
842 5493 978 5545 4444044444
994 5495 1028 5554 Ρ;
1050 5492 1192 5542 coniunctos
1208 5490 1258 5541 GE
1276 5517 1304 5527 -
1321 5488 1628 5552 eremmon-utipa-

307 5573 393 5623 dcricr
414 5573 463 5623 GE
486 5599 513 5608 ν
537 5571 577 5621 30.
601 5585 662 5621 nom
682 5572 715 5620 P:
738 5583 799 5620 nom
820 5575 843 5620 44
862 5568 940 5618 GEO
959 5594 986 5607 -
1010 5565 1505 5637 44144044-3444444444444441-
1523 5563 1565 5614 33.
1581 5576 1629 5614 etri

308 5645 395 5698 PG¹E
413 5672 441 5683 -
465 5646 506 5698 33.
524 5649 636 5698 ciuitates
652 5642 682 5696 P¹
699 5672 726 5682 -
750 5647 853 5695 dcoctcs
874 5656 925 5694 4444
945 5643 996 5695 GE
1013 5668 1041 5680 —
1065 5642 1106 5694 34.
1123 5643 1240 5704 {orum
1254 5641 1341 5691 P¹GE
1360 5666 1385 5675 -
1410 5641 1514 5704 44444444
1530 5638 1579 5690 GE
1598 5662 1625 5675 -

309 5722 349 5773 34.
367 5723 489 5778 libertate.
506 5724 538 5779 P;
562 5721 699 5772 libertatem
716 5721 774 5771 G¹E
796 5746 823 5756 -
847 5719 874 5768 id
890 5717 932 5783 444]
949 5718 1014 5768 idern
1031 5718 1088 5781 (per
1104 5714 1299 5781 compendium)
1317 5716 1351 5774 G;
1370 5714 1462 5765 4444444
1478 5716 1498 5766 E
1517 5742 1544 5752 -
1563 5715 1629 5765 44444-

308 5800 384 5847 totcm
400 5800 430 5847 G¹
448 5825 475 5832 -
499 5796 597 5860 publico
612 5796 704 5847 donari
723 5794 797 5847 1¹²3:
821 5793 935 5858 publicos
955 5793 1046 5842 donari
1066 5792 1108 5849 Ρ4;
1135 5792 1226 5841 dcccii
1243 5788 1339 5851 publice
1359 5789 1450 5838 dcccii
1472 5792 1515 5854 G¹;
1538 5787 1629 5843 miei

306 5871 404 5936 poteo
419 5869 450 5925 θ’
468 5899 495 5909 -
512 5871 657 5928 uideturne
672 5870 710 5921 c:
726 5870 837 5923 4444444444
854 5882 917 5924 cum
933 5867 1038 5923 dccbcs
1055 5867 1135 5920 codd.
1152 5867 1252 5921 Oxccn.
1271 5867 1299 5916 et
1314 5864 1429 5917 uenum
1445 5864 1475 5916 0.
