3800 7350
316 1181 400 1252 tito
623 1192 775 1260 ORATIO
796 1193 875 1260 PRO
898 1194 932 1261 C.
954 1194 1119 1260 RABIRIO
1140 1193 1329 1262 vestolio

317 1360 521 1427 mentiuntur.
563 1363 596 1428 Si
626 1371 703 1428 tuuc
730 1365 854 1429 mentiti
882 1373 973 1441 sunt,
1002 1366 1137 1429 doceant
1156 1385 1231 1440 uos,
1259 1385 1368 1429 verum
1390 1384 1453 1448 quo
1475 1364 1564 1429 vultu
1586 1384 1640 1429 so-

317 1452 404 1518 leant
425 1454 539 1520 dicere.
570 1457 783 1523 Audiebamus
805 1459 1040 1534 Alexandriam,
1062 1479 1147 1522 nuuc
1167 1459 1395 1541 cognoscimus.
1427 1458 1509 1521 lllim
1527 1477 1640 1522 omncs

316 1549 519 1631 praestigiae:
547 1551 642 1627 illim,
669 1552 817 1636 inquam,
840 1573 948 1617 omnes
969 1552 1130 1628 fallaciae:
1157 1553 1263 1615 omnia
1288 1551 1426 1636 deniquo
1451 1551 1490 1615 ab
1516 1552 1556 1616 iis
1583 1554 1642 1617 mi·

316 1661 439 1705 morum
470 1653 652 1727 argumenta
674 1653 747 1709 nata
768 1654 852 1709 suut
888 1648 953 1710 Nec
975 1646 1053 1709 mibi
1075 1645 1200 1728 longius
1222 1645 1395 1729 quidquam
1418 1652 1483 1720 est,
1504 1646 1640 1721 iudices,

292 1748 410 1816 squam
439 1736 547 1801 videre
574 1738 739 1802 homiuum
766 1740 881 1803 vultus.
923 1740 1011 1803 xlii.
1033 1736 1084 1802 36.
1104 1741 1261 1803 Dixerunt
1281 1739 1334 1801 hic
1356 1738 1451 1802 modo
1473 1735 1641 1803 nobiscum

314 1826 354 1888 ad
383 1827 461 1893 baec
489 1832 640 1896 subsellia
665 1834 781 1917 quibus
810 1834 987 1916 superciliis
1016 1841 1184 1897 renuentes
1205 1833 1281 1896 huic
1302 1832 1412 1895 decom
1434 1832 1557 1896 milium
1579 1833 1642 1896 cri·

315 1920 408 1985 minii
430 1923 496 1987 lam
516 1926 617 1990 nostis
636 1927 846 1991 insulsitatem
863 1927 1073 1990 Graecorum:
1094 1926 1235 1989 humeris
1250 1933 1373 2009 gestum
1387 1926 1523 2008 egebant
1546 1922 1639 2011 [tum]

314 2016 484 2097 temporis,
512 2018 624 2095 credo,
653 2040 764 2084 causa:
793 2040 878 2084 nunc
908 2020 1031 2084 scilicet
1059 2027 1184 2103 tempus
1213 2011 1335 2083 nultum
1357 2026 1414 2083 est.
1458 2020 1517 2082 Ubi
1539 2020 1640 2084 semel

315 2108 386 2191 quis
414 2112 615 2194 peiersverit,
644 2115 675 2177 ei
704 2114 790 2178 credi
819 2122 944 2197 postes,
973 2116 1067 2179 etiam
1095 2116 1122 2177 si
1144 2133 1200 2196 por
1221 2113 1328 2197 plures
1350 2113 1428 2176 deos
1449 2112 1547 2188 iuret,
1573 2132 1641 2177 non

223 2253 225 2269 .
275 2216 306 2265 to
315 2210 459 2284 oportet,
481 2207 685 2289 praesertim,
706 2208 844 2283 iudices,
870 2229 938 2272 cum
961 2209 993 2271 in
1015 2208 1065 2272 bis
1087 2208 1210 2271 iudiciis
1232 2227 1272 2269 ne
1293 2206 1382 2271 locus
1405 2204 1535 2289 quidem
1555 2227 1640 2271 novo

313 2297 387 2360 testi
408 2297 509 2363 soleat
530 2319 618 2375 esse,
640 2301 679 2364 ob
702 2320 837 2385 eamque
859 2321 986 2365 causam
1008 2301 1091 2364 idem
1114 2301 1235 2364 iudices
1257 2301 1471 2373 retineantur,
1493 2302 1550 2385 qui
1569 2300 1641 2365 fue·

312 2386 377 2452 rint
398 2389 439 2454 de
460 2411 533 2471 reo,
552 2400 590 2457 ut
610 2393 650 2460 iis
672 2401 747 2457 nota
769 2395 833 2458 sint
853 2396 959 2459 omnia
980 2415 1088 2479 neque
1110 2395 1188 2479 quid
1211 2392 1286 2477 fingi
1308 2394 1384 2457 novi
1405 2395 1517 2475 possit.

318 2516 322 2523 ν
396 2481 447 2549 37.
476 2486 526 2522 *²*
549 2507 610 2562 avo
636 2508 677 2552 ea
698 2507 831 2553 rrcvsra
854 2506 1053 2551 vsurnssnrr
1074 2508 1138 2553 uon
1160 2488 1225 2552 suis
1249 2487 1389 2571 propriis
1411 2487 1539 2551 iudiciis
1561 2488 1583 2569 †
1607 2490 1640 2552 in

312 2597 379 2643 rem
406 2579 479 2645 iacti
507 2582 708 2646 condemnari
738 2583 853 2647 solent.
896 2582 1008 2666 ltaque
1037 2584 1064 2646 si
1094 2590 1150 2645 aut
1169 2580 1302 2665 praedes
1325 2579 1465 2643 dedisset
1486 2581 1641 2646 Gabinius

273 2685 303 2733 tt
312 2679 367 2737 aut
387 2679 507 2739 tantum
530 2696 571 2738 ex
593 2677 661 2740 eius
681 2677 792 2752 bonis,
821 2684 941 2761 quauta
962 2696 1084 2741 summa
1106 2676 1208 2739 litium
1230 2674 1363 2748 luisset,
1392 2673 1531 2757 populus
1553 2667 1657 2739 rece-'

311 2767 425 2851 pisset,
455 2768 601 2853 quamvis
628 2788 740 2853 magna
768 2769 808 2835 ad
837 2773 1019 2835 Postumum
1051 2770 1090 2833 ab
1113 2790 1151 2833 eo
1173 2769 1309 2852 pecunia
1329 2768 1543 2851 pervenisset,
1573 2789 1641 2833 non

311 2861 524 2946 redigeretur,
551 2869 587 2928 ut
607 2863 739 2946 intelligi
760 2862 855 2928 facile
876 2865 995 2948 possit,
1025 2864 1109 2948 quod
1133 2883 1173 2925 ex
1195 2883 1233 2927 ea
1254 2862 1405 2947 pecunia,
1428 2883 1492 2946 qua
1513 2884 1642 2928 reorum

312 2954 384 3039 quis
407 2955 573 3019 damnatus
595 2956 653 3031 sit,
686 2958 868 3039 pervenisse
890 2958 930 3021 ad
952 2958 1092 3042 aliquem
1115 2957 1147 3020 iu
1169 2957 1225 3020 illo
1247 2955 1349 3039 primo
1371 2955 1489 3019 iudicio
1511 2956 1641 3039 planum

310 3046 428 3111 iactum
450 3046 506 3124 sit,
528 3048 562 3112 id
583 3048 645 3114 boc
665 3069 781 3133 genere
802 3051 913 3115 iudicii
934 3050 1037 3134 redigi
1059 3050 1173 3115 sole‘re.
1208 3052 1299 3114 Nunc
1319 3069 1395 3113 vero
1418 3050 1495 3133 quid
1514 3050 1642 3132 agitur?

273 3139 366 3205 nubi
388 3147 542 3205 terrarum
564 3146 694 3206 sumus?
719 3144 796 3227 quid
817 3151 880 3209 tam
903 3153 1140 3230 praeposterum
1158 3144 1220 3208 dici
1242 3151 1297 3207 aut
1317 3143 1490 3225 excogitari
1513 3146 1642 3226 potasti

312 3230 364 3297 38.
385 3234 559 3298 Accusatur
578 3236 623 3312 is,
653 3238 708 3320 qui
730 3257 794 3302 non
815 3239 946 3303 abstulit
967 3259 986 3302 a
1007 3259 1095 3322 rego,
1124 3240 1204 3302 sicut
1225 3237 1377 3301 Gabinius
1403 3236 1560 3300 iudicatus
1581 3245 1641 3312 est,

312 3325 369 3389 sod
391 3329 446 3412 qui
475 3329 642 3393 maximam
672 3331 738 3414 regi
766 3334 936 3415 pecuniam
959 3333 1103 3396 credidit.
1139 3334 1223 3416 Ergo
1245 3331 1272 3394 is
1295 3330 1430 3393 Gabinio
1453 3327 1555 3404 dedit,
1583 3332 1641 3414 qui

311 3421 386 3486 buic
414 3443 480 3487 non
508 3425 656 3490 reddidit
700 3427 767 3490 lam
788 3428 885 3503 cedo,
914 3427 1053 3502 cumis,
1083 3428 1139 3512 qui
1161 3425 1327 3510 pecuniam
1349 3425 1499 3487 Postumo
1522 3423 1642 3498 debuit,

362 3716 387 3765 4.
398 3721 452 3766 mm
462 3716 526 3766 lisv
536 3742 564 3752 -
576 3718 681 3768 44444444
695 3730 750 3780 aas,
766 3729 854 3767 oerum
865 3731 914 3780 quo
929 3717 1000 3767 uultu
1010 3717 1105 3766 soleant
1115 3717 1196 3766 4444444
1206 3714 1363 3778 Madvigius:
1382 3715 1486 3764 doceant
1496 3728 1541 3763 nos
1550 3728 1642 3766 uerum

314 3791 374 3853 quid
383 3791 458 3840 44444444
469 3791 598 3854 (uuttiGSl
610 3793 699 3842 4444444
710 3793 790 3843 dicere
800 3793 889 3852 codd:
908 3806 975 3842 auito
985 3794 1088 3842 doceant
1104 3805 1148 3840 nos
1157 3805 1253 3840 oerum.
1272 3791 1336 3852 Quid
1348 3788 1447 3838 multa?
1463 3790 1568 3839 Siieaut.
1582 3791 1642 3853 [4)4-

312 3864 376 3926 csrs]
388 3865 550 3916 audiebamus
564 3871 616 3918 cet.
635 3869 654 3919 0
671 3868 785 3933 (44444444
800 3883 867 3919 auae
882 3883 969 3919 uerum
985 3881 1034 3918 esse
1051 3868 1116 3929 quod
1131 3866 1205 3914 cattis
1222 3871 1266 3915 aut
1282 3865 1370 3914 4444444
1388 3865 1503 3925 llotom.)
1518 3891 1542 3902 -
1563 3867 1588 3915 2.
1607 3867 1642 3914 il-

313 3939 483 3992 iim--illum
499 3945 532 4000 G:
550 3943 747 3993 illutn-·illinc
763 3945 813 3994 liv
823 3958 855 4003 χ;
874 3944 941 3992 iltiac
952 3969 990 3982 -·
1002 3943 1070 3991 illino
1086 3941 1169 3993 SUO.
1190 3940 1228 3990 Cl.
1249 3940 1341 3988 blandii
1359 3937 1468 3988 Tursell.
1483 3940 1530 3999 lll,
1550 3953 1575 4002 p.
1590 3940 1639 3990 tit

314 4019 341 4066 et
354 4017 538 4081 Wesenbergii
555 4019 702 4070 Emendett.
723 4020 777 4070 Cic.
791 4021 867 4083 epist.
888 4033 913 4082 p.
927 4021 983 4069 tes.
1003 4019 1078 4069 Locis
1096 4017 1129 4065 ab
1148 4017 1178 4065 iis
1195 4029 1228 4066 ex
1245 4015 1350 4077 scriptis
1367 4013 1491 4064 Tullianis
1508 4018 1641 4076 congestis

313 4090 356 4141 bic
377 4091 516 4143 addendus
533 4096 574 4144 est
590 4095 617 4144 et
633 4093 667 4144 de
685 4095 745 4144 liar.
765 4097 842 4158 Resp.
861 4093 877 4158 ξ
894 4092 934 4145 tt.
956 4121 982 4130 -
1002 4092 1026 4143 3.
1045 4091 1077 4142 ab
1093 4093 1125 4142 iis
1140 4093 1173 4143 U:
1192 4090 1224 4139 ab
1240 4089 1277 4138 itis
1296 4088 1403 4138 ESVO
1416 4116 1442 4125 —
1461 4090 1595 4139 mimorum
1611 4104 1638 4152 v,

312 4165 392 4217 codd.
410 4168 561 4218 Memmisni
578 4171 606 4219 et
621 4169 643 4217 V
660 4181 719 4234 sup.
736 4167 795 4219 lin:
812 4171 939 4219 minorum
956 4170 1019 4230 EG,
1037 4169 1143 4225 30xx.;
1161 4178 1320 4216 aumctontm
1336 4164 1426 4220 stit:
1444 4165 1571 4214 maiorum
1588 4165 1638 4217 Ox.

243 4296 245 4301 ,
312 4241 432 4305 4444444
448 4244 574 4294 malm
595 4245 621 4295 in
643 4244 702 4294 cod.
721 4243 877 4310 interpolato
894 4245 1009 4305 Hotom.)
1029 4270 1056 4280 -
1080 4242 1103 4293 4.
1122 4241 1220 4292 cctaE
1243 4267 1270 4276 -
1296 4240 1321 4288 t.
1339 4240 1392 4288 iam
1415 4240 1479 4287 uotis
1496 4240 1516 4288 G
1536 4264 1563 4275 -
1586 4244 1641 4289 tum

313 4314 428 4380 glossam
446 4330 506 4369 esse
522 4318 587 4368 vidit
604 4318 747 4382 Madvigius
767 4345 793 4390 ·.
812 4319 836 4369 8.
855 4332 934 4368 causa
950 4319 999 4370 Gli
1016 4320 1043 4367 et
1059 4318 1081 4366 V
1098 4331 1157 4381 sup.
1176 4316 1236 4366 lin:
1254 4327 1345 4364 444444
1362 4314 1440 4364 ESV
1457 4316 1485 4364 et
1501 4316 1516 4363 o
1531 4314 1594 4365 Orx.
1610 4342 1638 4353 -

305 4391 344 4440 ’.44
358 4390 401 4439 ali
416 4393 490 4441 sentsl
506 4393 565 4444 cod.
585 4395 690 4445 Motom.
711 4419 736 4432 -
757 4394 781 4443 9.
800 4395 856 4455 quis
872 4395 961 4446 usti:
980 4394 1022 4456 qut
1038 4394 1059 4441 si
1077 4392 1127 4441 EV
1144 4393 1171 4441 et
1186 4390 1202 4442 4
1219 4392 1283 4440 Oxx.
1304 4416 1331 4425 -
1356 4389 1507 4451 peieraoerit
1524 4402 1553 4438 a:
1571 4391 1640 4440 daie-

312 4466 408 4515 rauevit
423 4465 501 4516 codd.
521 4467 578 4528 (sed
595 4468 641 4519 Ox.
660 4470 680 4519 T
696 4471 827 4531 errauerit)
849 4497 875 4506 -
894 4470 917 4520 ei
933 4469 984 4522 UV
1001 4470 1028 4518 et
1044 4470 1061 4517 S
1078 4479 1161 4516 corr:
1181 4472 1204 4515 ot
1220 4464 1298 4516 codd.
1317 4463 1373 4515 rell.
1386 4491 1419 4501 —
1434 4465 1515 4527 pluris
1531 4467 1642 4517 EGUV

315 4565 344 4574 -
363 4541 403 4589 44.
421 4542 464 4602 qui
479 4543 585 4591 sederint
601 4543 631 4592 de
646 4557 690 4593 reo
707 4543 766 4594 cod.
786 4545 891 4595 liotom.
916 4548 950 4596 at
968 4544 1038 4594 bene
1055 4543 1179 4594 refutavit
1195 4543 1331 4602 Garatoni,
1353 4553 1465 4591 monens
1483 4542 1640 4592 Ciceronem

313 4613 329 4677 9
347 4614 377 4663 40
395 4617 422 4663 44
438 4627 464 4678 p.
484 4614 586 4667 Clueut.
606 4617 621 4680 5
640 4619 687 4668 405
704 4619 730 4667 in
746 4632 818 4668 44444
840 4622 904 4679 (non
923 4621 953 4670 de
968 4620 1022 4680 rec)
1040 4619 1132 4667 iudices
1147 4618 1241 4667 sedistis
1258 4617 1364 4667 dixisse.
1384 4641 1411 4652 -
1435 4618 1475 4667 te.
1493 4618 1524 4666 iis
1545 4618 1594 4668 EG
1605 4620 1639 4671 ll:

312 4688 462 4746 dissito:
485 4694 545 4754 post
565 4695 640 4754 possit
661 4693 783 4743 videntur
805 4693 943 4758 complura
960 4693 1133 4744 intercidisse.
1154 4719 1181 4728 -
1207 4693 1247 4743 43.
1267 4706 1315 4754 quo
1333 4691 1452 4742 codices:
1475 4692 1540 4741 Lites
1555 4692 1641 4753 quoO

314 4777 376 4815 cum
393 4765 535 4828 Naugerio;
560 4769 625 4818 Lites
640 4771 706 4819 enim
722 4784 770 4831 quo
788 4771 891 4820 llotom.
911 4783 943 4820 ex
961 4783 1024 4830 suo,
1048 4772 1077 4818 ut
1093 4771 1141 4829 ait,
1163 4768 1270 4827 codice;
1295 4768 1354 4817 tort.
1374 4768 1422 4828 oui
1437 4779 1541 4815 cossam
1557 4767 1643 4816 dicunt

313 4853 375 4900 ovo:
397 4839 431 4890 cl.
450 4854 476 4904 p.
496 4841 575 4902 4439,
594 4845 618 4892 o.
636 4870 670 4880 -
688 4844 802 4893 vindiciis
824 4845 920 4895 ltavlus
937 4845 974 4904 ll,
993 4857 1019 4908 p.
1038 4845 1079 4895 ttt.
1105 4872 1131 4881 -
1159 4846 1186 4893 in
1201 4857 1255 4894 4444
1272 4843 1343 4904 (BV,
1360 4840 1377 4892 4
1395 4844 1473 4899 Ore:
1498 4855 1570 4891 reum
1586 4844 1640 4904 stit

312 4914 375 4978 lacti
391 4915 510 4966 codices:
528 4918 570 4967 sed
586 4919 613 4968 in
629 4932 699 4968 reum
714 4919 788 4981 sactis
804 4919 824 4969 0
842 4931 903 4969 cum
922 4919 983 4968 edd.
1002 4922 1081 4977 vett:
1105 4920 1142 4967 rei
1163 4919 1224 4980 tacti
1246 4917 1402 4980 Madvigius;
1428 4917 1454 4965 ia
1474 4930 1527 4964 rem
1550 4918 1641 4967 conde·

313 4990 398 5039 macri
414 4991 490 5041 444444
507 4994 568 5054 (om.
586 4994 655 5057 iacti)
673 4995 863 5044 Mommseuius
882 5021 910 5031 -
929 4995 970 5044 td.
989 5000 1034 5044 aut
1045 4995 1175 5057 --suisset
1192 5005 1245 5042 om.
1260 4994 1280 5042 E
1294 5019 1320 5027 -
1340 4993 1470 5055 redegisset
1486 4990 1528 5041 vel
1544 4993 1643 5054 recipc-

313 5071 392 5116 castet
408 5065 524 5118 molebat
540 5069 632 5120 bamb.
653 5096 680 5105 -
705 5070 745 5119 l‘l.
762 5070 880 5132 pecunia,
904 5084 956 5132 qud
977 5084 1078 5120 reorum
1101 5071 1156 5130 quis
1172 5070 1305 5117 damnatus
1321 5070 1364 5128 sit,
1386 5068 1525 5128 peruenisse
1541 5068 1575 5117 od
1591 5069 1642 5118 aii-

314 5154 387 5204 quem
403 5143 430 5192 ia
445 5144 487 5192 illo
504 5142 664 5206 Madvigius:
684 5146 792 5207 pecunia
809 5158 875 5205 quae
890 5147 925 5194 ad
941 5159 1014 5205 quem
1030 5159 1116 5194 eorum
1133 5145 1176 5206 qui
1193 5146 1326 5193 4444444444
1341 5149 1376 5193 444
1390 5144 1528 5204 pervenisse
1545 5145 1642 5205 (44444-

313 5218 387 5267 aisset
403 5217 425 5266 t
443 5231 508 5267 corr.
531 5221 557 5267 44
573 5220 598 5279 S)
616 5220 650 5267 od
666 5220 774 5279 aliquem
790 5221 817 5268 ia
833 5220 875 5270 illo
893 5219 988 5278 codd:
1010 5220 1117 5281 pecunia
1134 5231 1212 5279 quom
1228 5220 1318 5280 coperit
1335 5219 1368 5277 44,
1387 5218 1429 5278 qui
1446 5218 1580 5266 damnatus
1595 5224 1640 5278 est,

311 5293 450 5354 pemenisss
473 5294 507 5342 cd
530 5293 639 5355 aliquem
660 5296 687 5344 in
703 5295 745 5344 iilo
763 5294 900 5356 Cujacius;
919 5294 1026 5356 pecunia
1042 5299 1060 5357 †
1076 5295 1110 5342 ad
1128 5308 1199 5355 quam
1218 5307 1304 5344 aarum
1320 5306 1344 5354 q.
1363 5293 1388 5341 d.
1407 5297 1441 5341 cst
1459 5292 1598 5352 pervenisse
1614 5295 1642 5343 ia

313 5366 356 5416 illo
373 5367 392 5415 0
413 5394 439 5403 -
463 5367 502 5417 tt.
522 5368 547 5416 id
563 5368 608 5418 boc
625 5382 640 5416 v
659 5372 685 5418 et
707 5371 724 5419 S
741 5383 801 5433 sup.
819 5368 878 5419 lin:
902 5370 944 5419 sed
963 5370 1008 5419 boc
1030 5370 1049 5420 U
1073 5368 1112 5430 (oi.
1132 5382 1187 5417 var.
1207 5367 1268 5417 lect.
1287 5366 1320 5418 ad
1340 5381 1364 5430 p.
1385 5366 1457 5427 4437,
1476 5367 1532 5427 tsi:
1553 5367 1580 5416 ia
1595 5367 1641 5417 ltoc

314 5443 331 5491 S
349 5454 390 5504 pr.
409 5454 445 5492 m.
464 5445 491 5491 et
507 5443 529 5491 V
545 5456 604 5507 sup.
623 5443 681 5502 lin:
705 5446 739 5495 ad
754 5445 799 5494 boc
816 5445 867 5494 EV
886 5471 912 5481 -
931 5446 1010 5494 sotere
1026 5442 1058 5492 b:
1082 5442 1169 5492 soleret
1185 5443 1205 5494 C
1224 5444 1251 5494 et
1267 5445 1282 5493 5
1300 5444 1363 5492 Oxx.
1381 5465 1414 5477 -
1436 5441 1476 5492 40.
1496 5447 1548 5491 tam
1561 5456 1641 5504 prae-

310 5520 438 5578 posterum
454 5516 561 5580 scripsi:
579 5523 632 5567 4444
646 5532 790 5580 pervemat
807 5520 961 5581 (4444444444
972 5521 1001 5578 G)
1015 5523 1206 5581 praeposterum
1223 5519 1242 5568 C
1254 5519 1286 5575 G,
1305 5517 1410 5574 bOra:
1430 5521 1483 5565 tam
1496 5531 1642 5578 perversum

310 5596 530 5655 praeposterumos
545 5592 578 5653 b:
597 5599 649 5643 4444
665 5595 783 5656 insolens,
801 5601 854 5645 4444
867 5607 1013 5657 perversum
1026 5599 1217 5655 praeposterum
1231 5608 1248 5643 v
1266 5595 1293 5642 44
1310 5592 1389 5652 4440,
1408 5591 1456 5641 444
1473 5591 1516 5641 hic
1529 5605 1642 5654 praepo-

313 5673 444 5718 mnaseas.
468 5668 494 5717 Si
514 5680 658 5730 pmcn
678 5682 693 5718 a
715 5670 842 5721 Cicerone
864 5669 1015 5734 proiectum
1037 5670 1084 5728 444,
1106 5670 1152 5717 444
1171 5673 1225 5717 tom
1243 5679 1401 5729 4444444444,
1425 5671 1478 5716 tam
1495 5672 1643 5728 praeposte-

314 5755 386 5803 tuat,
405 5744 434 5792 ut
450 5745 491 5794 est
507 5745 533 5794 44
550 5756 580 5804 4,
599 5743 769 5796 scribendum
788 5749 834 5796 aut
850 5743 977 5809 particula
995 5741 1141 5807 copulative
1159 5742 1281 5792 addenda
1293 5744 1334 5791 est
1349 5741 1389 5800 ici.
1403 5755 1429 5805 p.
1444 5740 1546 5790 Cluent.
1560 5740 1575 5804 ς
1587 5741 1641 5803 444;

316 5818 344 5868 44
358 5816 527 5870 verisimilius
543 5820 585 5869 est
598 5832 743 5881 4444444444
759 5820 890 5883 glossema
903 5831 973 5869 esso.
988 5843 1015 5854 -
1035 5818 1075 5867 22.
1088 5830 1148 5880 ergo
1159 5842 1196 5854 ·-
1206 5817 1314 5867 reddidit
1324 5830 1378 5867 om.
1392 5819 1412 5869 E
1425 5843 1452 5853 -
1471 5817 1512 5867 43.
1525 5818 1582 5866 iuis
1593 5830 1644 5867 aas

316 5890 473 5946 Lambinus:
497 5906 548 5946 soa
568 5893 626 5947 iuis
645 5892 724 5952 mod.
743 5896 772 5950 44
786 5895 816 5949 0.
839 5894 986 5961 Corruptus
1007 5892 1050 5942 est
1069 5889 1214 5942 verborum
1231 5888 1297 5941 ordo
1315 5903 1348 5942 ex
1364 5903 1445 5943 versu
1461 5890 1592 5955 sequenti.
1613 5917 1641 5930 -
