3800 7350
722 1210 796 1276 cn.
817 1212 951 1276 v-vr.
979 1209 1025 1296 §s
1046 1207 1174 1275 o-ta.
1549 1204 1612 1271 aaa

285 1386 351 1444 tem
372 1387 406 1444 et
425 1380 586 1444 luxuriem
608 1379 783 1444 domestico
806 1380 966 1446 lenocinio
989 1384 1193 1458 sustentavit3
1225 1383 1281 1466 qui
1309 1382 1371 1446 nisi
1393 1381 1427 1445 in
1448 1401 1536 1447 aram
1558 1382 1613 1445 tri·

285 1473 426 1538 bunatus
446 1472 656 1557 mutugisset,
688 1492 796 1557 neque
824 1475 889 1537 vim
910 1478 1064 1558 praetoris
1085 1496 1144 1540 nec
1164 1475 1399 1540 multitudinem
1421 1476 1613 1541 creditorum

285 1589 349 1633 nec
366 1569 525 1634 bonorum
545 1569 810 1651 proscriptionem
831 1570 970 1651 elingere
992 1570 1163 1653 potuisset,
1190 1590 1256 1654 quo
1285 1571 1318 1634 in
1345 1571 1530 1653 magistratu
1550 1572 1613 1633 nisi

284 1664 482 1747 rogationem
509 1662 550 1727 de
580 1661 715 1744 piratico
742 1662 826 1726 bello
856 1662 996 1739 tulisset,
1030 1663 1172 1747 profecto
1202 1671 1339 1748 egestate
1361 1673 1393 1729 et
1414 1665 1613 1749 improbitate

286 1765 418 1821 coactus
439 1757 603 1840 piraticam
625 1757 693 1839 ipse
714 1755 852 1833 fecisset,
874 1776 911 1819 ac
933 1758 1055 1820 minore
1077 1758 1206 1841 quidem
1228 1778 1300 1822 cum
1320 1761 1368 1821 rei
1389 1758 1536 1841 publicae
1558 1757 1637 1821 des

285 1851 453 1927 trimanto,
482 1870 578 1935 quam
608 1850 696 1933 quod
725 1852 808 1915 intra
835 1851 958 1914 moenia
978 1849 1117 1915 nefarius
1139 1852 1241 1915 hostis
1262 1853 1447 1937 praedoque
1468 1861 1613 1918 versatus

285 1954 345 2010 est
382 1945 455 2022 Quo
484 1947 680 2029 inspectante
709 1964 745 2007 ac
768 1945 899 2009 sedente
921 1945 1024 2029 legem
1045 1946 1191 2009 uibunus
1213 1943 1256 2030 pl.
1278 1945 1371 2022 tulit,
1397 1966 1439 2010 ne
1460 1947 1612 2030 auspiciis

286 2039 575 2122 obtemperaretur,
597 2058 638 2102 ne
661 2039 849 2102 obnuntiare
871 2040 1006 2103 concilio
1025 2045 1079 2102 aut
1092 2038 1248 2113 comitiis,
1269 2060 1310 2103 ne
1332 2040 1395 2122 legi
1416 2041 1613 2106 intercedere

286 2133 414 2209 liceret,
434 2140 471 2197 ut
492 2133 546 2196 lex
565 2133 657 2196 Aelia
679 2140 711 2197 et
732 2129 819 2196 Fufia
840 2153 881 2196 ne
900 2133 1035 2208 valeret,
1057 2152 1140 2216 quae
1160 2132 1262 2196 nostri
1283 2135 1419 2198 maiores
1440 2135 1613 2198 certissima

286 2227 430 2292 subsidia
450 2227 497 2290 rei
513 2226 660 2312 publicae
679 2235 789 2290 eontra
803 2226 989 2292 tribunicios
1004 2226 1128 2292 imeres
1143 2246 1213 2291 esse
1228 2228 1408 2291 voluerunt.
1437 2221 1489 2289 42.
1510 2228 1652 2292 laem-n

286 2342 348 2407 que
370 2329 498 2406 postea,
519 2343 590 2386 cum
612 2320 852 2385 innumerabilis
873 2322 1044 2385 multitudo
1064 2319 1220 2385 bonorum
1241 2322 1282 2384 de
1301 2322 1456 2406 Capitolio
1478 2324 1614 2407 supplex

285 2418 327 2482 ad
357 2435 430 2481 eum
459 2415 620 2481 sordidata
646 2416 802 2489 venisset,
831 2435 968 2499 cumque
990 2414 1211 2479 adolescentes
1232 2415 1421 2480 nobilissimi
1444 2417 1613 2501 cunctique

285 2512 412 2596 equites
432 2511 567 2574 Romani
589 2530 624 2573 ae
645 2509 686 2571 ad
707 2509 832 2572 lenonis
853 2508 1094 2593 impudicissimi
1110 2510 1210 2592 pedes
1225 2510 1423 2586 abiecissent,
1445 2531 1508 2595 quo
1523 2511 1614 2575 sulm

285 2604 487 2670 cincinnatus
509 2624 610 2688 ganeo
632 2623 697 2667 non
719 2603 821 2666 solum
844 2602 961 2665 civium
984 2602 1146 2678 lacrimas,
1168 2606 1386 2667 verumetiam
1408 2607 1528 2688 patriae
1543 2624 1615 2688 pre-

287 2719 340 2764 ces
361 2698 557 2783 repudiavitl
590 2700 702 2780 Neque
725 2715 763 2759 eo
785 2702 953 2759 contentus
974 2696 1050 2770 tuit,
1072 2695 1239 2761 sedetiam
1260 2698 1294 2761 in
1308 2700 1489 2763 contionem
1504 2715 1652 2763 escen-ca

287 2793 334 2857 dit
361 2812 464 2879 eaque
492 2792 589 2866 dixit,
618 2811 716 2874 quae,
739 2791 765 2853 si
789 2791 857 2854 eius
879 2791 927 2853 vir
949 2789 1086 2853 Catilina
1105 2791 1293 2865 revixisset,
1314 2792 1421 2855 dicere
1442 2813 1509 2856 non
1531 2800 1616 2857 esset

286 2906 402 2952 ausus:
425 2906 461 2951 se
481 2888 642 2949 Nonarum
664 2886 902 2959 Decembrium,
924 2904 1006 2967 quae
1022 2903 1073 2946 me
1088 2885 1219 2948 consule
1233 2885 1381 2961 tuissent,
1403 2886 1541 2973 clivique
1557 2887 1615 2951 Ca·

286 2982 415 3068 pitolini
437 2999 559 3065 poenae
580 2980 621 3044 ab
642 2980 806 3064 equitibus
827 2980 978 3043 Romanis
1001 2999 1072 3042 esse
1093 2980 1321 3062 repetiturum:
1342 2999 1448 3063 neque
1462 2982 1566 3045 solum
1581 2981 1615 3044 id

287 3078 385 3155 dixit,
407 3076 466 3141 sed
488 3094 569 3159 quos
590 3074 622 3138 ei
644 3074 845 3138 commodum
866 3073 943 3149 tuit,
966 3073 1183 3155 compellavit:
1212 3074 1344 3137 Lucium
1365 3094 1442 3138 vero
1463 3076 1615 3151 Lamiam,

287 3172 429 3257 equitem
450 3171 646 3245 Romanum,
666 3169 840 3251 praestanti
864 3168 1017 3251 dignitate
1038 3167 1200 3231 bominem
1221 3177 1253 3232 et
1273 3169 1370 3256 saluti
1392 3189 1482 3233 meac
1496 3190 1555 3255 pro
1570 3169 1653 3234 ten

288 3265 489 3340 miliaritate,
511 3266 557 3328 rei
577 3264 724 3347 publicae
745 3283 803 3348 pro
823 3261 962 3327 fortunis
984 3262 1051 3325 suis
1073 3262 1310 3337 amicissimum,
1335 3265 1447 3328 consul
1468 3266 1616 3350 imperio·

286 3379 342 3426 aus
370 3360 459 3424 exire
489 3378 531 3421 ex
557 3359 636 3421 urbe
663 3358 769 3422 iussit:
800 3366 833 3421 et
861 3378 933 3421 curn
964 3377 1022 3421 vos
1051 3364 1171 3421 vestem
1201 3357 1384 3420 mutandam
1413 3361 1616 3424 censuissetis

287 3455 459 3537 cunctique
486 3454 686 3527 mutassetis,
714 3458 811 3536 atque
841 3452 925 3514 idem
957 3471 1068 3515 omnes
1089 3450 1166 3514 boni
1187 3451 1252 3514 iam
1272 3457 1347 3514 ante
1370 3450 1535 3529 fecissent,
1562 3454 1616 3517 ille

288 3549 461 3632 unguentis
484 3547 611 3622 oblitus,
633 3567 704 3610 cum
727 3555 801 3629 toga
824 3553 996 3628 praetexta,
1019 3564 1114 3629 quam
1127 3566 1236 3608 omnes
1253 3553 1414 3628 praetores
1428 3547 1616 3633 aedilesque

288 3652 355 3709 tum
376 3643 575 3717 abiecerunt,
598 3640 696 3705 irrisit
716 3639 896 3725 squalorem
918 3647 1058 3703 vestrum
1074 3646 1106 3703 et
1125 3640 1245 3704 luctum
1260 3640 1456 3723 gratissimae
1471 3642 1654 3718 civitatium

288 3737 445 3824 iecitque,
468 3736 556 3822 quod
578 3755 671 3800 nemo
693 3754 847 3819 umquam
868 3742 1038 3818 tyrannus,
1059 3742 1110 3808 ut,
1133 3754 1198 3819 quc
1219 3735 1324 3798 minus
1338 3735 1462 3799 occulte
1476 3743 1616 3799 vestrum

289 3834 407 3899 malum
437 3829 617 3917 gemeretis,
640 3827 723 3892 nihil
745 3828 883 3903 diceret,
905 3847 945 3891 ne
968 3835 1078 3910 aperte
1100 3829 1301 3892 incommoda
1322 3829 1443 3913 patriae
1465 3831 1615 3914 lugeretis

290 3928 438 3993 ediceret
480 3926 533 3988 Vl.
556 3920 570 3985 l
577 3919 607 3985 3.
631 3922 708 3987 Cum
731 3942 806 3986 vcro
829 3923 863 3985 in
885 3923 970 3986 circo
993 3922 1148 3986 Flaminio
1169 3943 1235 3987 non
1257 3943 1276 3986 a
1298 3924 1424 3987 tribuno
1445 3925 1490 4007 pl.
1504 3925 1616 3989 consul

288 4023 321 4085 in
350 4023 549 4095 contionem,
579 4017 635 4082 sed
663 4037 682 4082 a
702 4018 824 4080 latrone
846 4017 1039 4100 archipirata
1059 4017 1233 4100 productus
1255 4026 1355 4093 esset,
1384 4019 1521 4100 primum
1542 4039 1616 4103 pro-

288 4117 401 4195 cessit,
432 4136 496 4203 qua
517 4112 704 4179 auctoritate
723 4110 788 4175 virl
818 4112 901 4186 vini,
935 4113 1054 4186 somni,
1078 4113 1177 4196 stupri
1198 4112 1331 4194 plenus,
1352 4113 1493 4177 madenti
1514 4131 1652 4189 coma,ac

287 4210 464 4294 composito
487 4207 620 4292 capillo,
642 4205 789 4291 gravibus
812 4205 930 4282 oculis,
952 4205 1123 4271 fluentibus
1143 4205 1273 4283 buccis,
1293 4225 1404 4290 pressa
1417 4228 1495 4272 voce
1516 4214 1549 4273 et
1568 4215 1615 4272 te-

351 4493 375 4543 t.
393 4489 522 4542 luxuriare
538 4490 601 4549 PG,
626 4488 688 4552 Lag.
707 4489 746 4538 40.
765 4489 815 4538 St:
840 4488 972 4538 lemanem
992 4489 1067 4539 Eso
1085 4490 1112 4538 et
1128 4487 1207 4540 codd.
1226 4486 1360 4553 plerique3
1384 4490 1418 4541 ct.
1437 4489 1471 4541 ad
1487 4489 1564 4540 verr.
1581 4489 1613 4552 V,

286 4566 359 4633 8⁸⁰·
380 4593 408 4604 -
427 4567 453 4618 2.
470 4563 662 4616 nemaltll—
681 4562 1162 4628 murmanebcrrorraaPpr.m.—
1181 4562 1613 4629 3.peoa‚rrl.1x=qctrcs

285 4642 364 4708 lagg.
377 4652 481 4693 omnes.
496 4665 524 4676 -
543 4640 568 4689 5.
586 4651 644 4689 cam
660 4651 713 4689 om.
731 4641 749 4690 S
766 4641 794 4690 44
809 4641 887 4704 Lagg.
899 4641 1008 4704 praeter
1023 4639 1136 4703 septem.
1151 4664 1179 4673 -
1198 4640 1222 4689 6.
1241 4653 1318 4702 quoae
1334 4653 1384 4703 quc
1400 4639 1470 4690 cont.
1483 4640 1571 4689 Garat.
1582 4641 1614 4703 (2)

285 4717 452 4779 etweiste;
476 4714 648 4779 9444444448
667 4720 891 4766 -υοηαιωοεις
912 4714 1045 4776 qaoo-
1070 4712 1408 4777 8.optempercretar1²-
1427 4714 1615 4766 obnundcrel’

285 4793 335 4845 (lo
354 4791 601 4847 -comtttisl’-
621 4789 645 4840 9.
664 4789 814 4854 FafloPG:
839 4790 1024 4840 huicES-
1047 4789 1239 4850 neloan-
1260 4789 1614 4854 ccloeameiettllagg.:

282 4867 397 4921 enlm
416 4865 474 4920 rell.
493 4867 584 4929 lagg,
602 4865 631 4915 0.
655 4863 694 4915 Cl.
713 4865 846 4916 Baiterum
863 4866 890 4916 in
906 4863 964 4915 lnd.
982 4863 1071 4927 legum
1087 4876 1113 4928 p.
1133 4864 1189 4915 4344.
1210 4892 1238 4903 -
1261 4867 1301 4915 tr.
1319 4865 1450 4915 sordidato
1470 4865 1505 4914 cd
1520 4878 1577 4916 eam
1593 4864 1615 4916 E

284 4968 312 4980 -
330 4941 500 4995 adalmot
515 4942 545 5002 P,
562 4941 593 4990 ut
608 4937 665 4989 tere
682 4951 799 5003 semper.
819 4965 846 4975 -
867 4938 906 4989 43.
924 4938 1113 5001 maduerint
1128 4940 1181 4989 mei
1199 4941 1228 4989 et
1244 4938 1322 4990 codd.
1340 4938 1475 5005 plerique:
1494 4939 1615 5002 impretr-

281 5019 376 5070 rtesttnt
392 5018 409 5070 3
425 5019 505 5082 Lagg.
525 5015 589 5066 dett.
609 5012 642 5077 (l.
661 5013 701 5064 49.
720 5015 786 5077 db),
805 5016 866 5076 LO,
884 5017 915 5065 ut
931 5016 1015 5066 estin
1032 5026 1071 5064 or.
1090 5027 1117 5078 p.
1135 5015 1203 5065 Sest.
1222 5015 1237 5079 5
1254 5016 1295 5066 26.
1316 5041 1344 5052 -
1363 5013 1404 5067 tl.
1422 5016 1579 5066 4444444444
1594 5017 1614 5065 Ρ

282 5095 310 5146 44
325 5095 344 5146 S
360 5105 447 5146 corn:
465 5091 619 5143 cecanum
634 5091 668 5151 Ες
687 5091 870 5141 mamaccas
885 5093 905 5141 G
923 5093 950 5141 et
966 5092 983 5140 S
1000 5103 1041 5155 pr.
1054 5101 1091 5139 m.
1108 5114 1136 5125 -
1152 5103 1256 5152 praeces
1271 5092 1291 5141 Ρ
1304 5116 1331 5127 -
1352 5092 1393 5141 lb.
1410 5095 1538 5143 contentas
1554 5089 1614 5141 ecl}

283 5196 312 5208 -
329 5170 438 5222 44444444
453 5171 488 5231 P,
511 5169 542 5219 ut
562 5163 716 5218 Gulielmtus
740 5167 869 5218 coniecit:
896 5166 1018 5218 (4444444444
1035 5164 1097 5215 cod.
1115 5165 1140 5215 S·
1159 5166 1242 5226 Vict.;
1269 5167 1379 5218 44444444
1395 5167 1514 5228 GESO,
1533 5165 1612 5216 codd.

281 5244 413 5312 plarlque.
432 5272 461 5284 -
480 5243 522 5295 46.
540 5255 645 5306 ewnqae
662 5243 681 5293 E
700 5270 727 5279 -
747 5243 788 5292 tr.
806 5242 864 5292 cllot
879 5243 897 5293 S
915 5268 942 5278 -
968 5242 1008 5293 48.
1027 5241 1146 5291 Romanis
1161 5242 1193 5291 S:
1211 5241 1240 5290 a.
1259 5243 1291 5300 1>;
1308 5254 1336 5304 p.
1355 5244 1388 5302 G;
1409 5255 1444 5304 .p.
1462 5242 1492 5292 a.
1509 5241 1562 5292 Ert.
1584 5263 1611 5276 -

280 5320 322 5372 49.
340 5318 526 5386 mucosa
543 5342 571 5354 -
594 5318 699 5368 budam
716 5318 808 5369 PGE:
834 5318 863 5368 1..
882 5318 928 5368 SO
947 5342 975 5353 -
997 5315 1114 5366 lenm
1130 5315 1189 5368 ES:
1208 5315 1262 5366 turn
1277 5317 1342 5376 1³03
1360 5316 1387 5366 in
1403 5318 1482 5381 Lagg.
1501 5319 1547 5367 aut
1562 5316 1615 5366 icen

281 5399 324 5450 444
339 5397 387 5449 ant
401 5409 462 5449 voc.
479 5392 559 5461 plane
576 5391 719 5444 abiectum.
740 5419 768 5430 -
794 5394 835 5445 20.
854 5393 976 5458 4449444444
990 5397 1014 5443 et
1029 5391 1153 5442 emacem
1168 5393 1189 5442 Ρ
1207 5418 1235 5429 -
1254 5392 1296 5443 tt.
1313 5392 1352 5442 ret
1364 5392 1405 5455 p]
1421 5396 1444 5443 et
1459 5405 1483 5441 r.
1498 5404 1527 5453 p,
1545 5391 1566 5442 E
1584 5417 1611 5428 -

279 5473 320 5524 aret
335 5473 358 5525 P
375 5497 404 5511 ·-
421 5471 464 5524 St.
482 5470 554 5522 aetra
570 5480 603 5520 ee
618 5467 680 5520 urbe
695 5468 716 5520 E
733 5470 762 5519 et
776 5480 833 5520 var.
851 5466 913 5519 lect.
931 5469 957 5519 la
974 5480 1028 5532 mg.
1047 5467 1156 5519 bamb:
1174 5480 1209 5519 ec
1224 5480 1279 5520 om.
1298 5467 1378 5519 codd.
1395 5465 1454 5519 rell.
1472 5469 1500 5518 et
1516 5468 1545 5517 0.
1573 5466 1613 5519 ct.

280 5543 565 5614 capsesuosao.
585 5541 1616 5608 -28.ctqeebcoldaaE-2tt.tsrtettP-sqacttoremE-26.fectt

188 5679 192 5687 ι
280 5623 382 5687 cacas
405 5649 433 5659 -
458 5619 573 5686 easta
595 5642 624 5657 ···
649 5617 772 5672 annuet
790 5618 949 5670 indicenti}
974 5645 1002 5656 -
1024 5615 1514 5684 umen--ectcerecesuprrlln
1532 5615 1615 5668 babet

280 5707 318 5749 m.
336 5697 355 5750 2
370 5696 523 5750 recentiora
539 5695 645 5756 addita;
662 5699 705 5757 et,
723 5708 773 5757 qao
788 5695 872 5761 mapa
887 5695 981 5745 occulte
994 5699 1104 5745 casm
1113 5693 1210 5745 metas
1224 5696 1361 5760 ponerem,
1379 5706 1411 5743 ee
1420 5696 1506 5755 aperte
1521 5693 1615 5743 lacona-

280 5772 358 5824 mcdc
369 5773 476 5837 pstrtce
491 5770 608 5836 morde
623 5770 736 5822 44444444.
764 5770 888 5821 Garatoni
899 5769 933 5834 (tl
952 5770 1021 5820 coni.
1048 5769 1146 5821 Contra
1156 5769 1268 5822 Wolflus
1284 5769 1347 5820 444444
1362 5769 1453 5819 met
1469 5766 1542 5818 idem
1553 5781 1614 5819 esse

280 5845 614 5915 putatqacdpreltlberet.
637 5843 676 5898 cl.
695 5857 736 5896 or.
754 5844 945 5911 menses.
965 5872 994 5882 -
1012 5843 1615 5912 immmeaemmceonentnaao

279 5920 858 5990 amma-aequamentum.
