3800 7350
318 1121 401 1190 ltro
733 1124 884 1189 ORATIO
906 1124 1131 1190 PHILIPPICA
1152 1126 1236 1190 x1v.

318 1302 479 1370 senatum,
508 1312 590 1377 quae
612 1291 653 1355 sit
673 1301 766 1357 antea
787 1293 949 1377 pollicitus
971 1293 1150 1377 legionibus
1173 1295 1428 1381 exercitibusque
1450 1294 1600 1369 nostris,
1626 1311 1666 1355 ea

318 1410 441 1454 summo
470 1386 576 1452 studio
605 1406 638 1449 re
667 1387 796 1470 publica
822 1396 1008 1471 recuperata
1029 1389 1223 1453 soluturum:
1253 1409 1389 1473 cumque
1420 1391 1511 1474 legio
1542 1387 1663 1453 Martia

316 1487 464 1567 princeps
487 1502 558 1545 cum
579 1479 724 1544 hostibus
746 1483 939 1558 eonllixerit,
962 1490 1057 1566 atque
1075 1485 1119 1546 ita
1134 1504 1206 1547 eum
1222 1484 1342 1547 maiore
1356 1505 1493 1549 numero
1509 1485 1661 1549 bostium

317 1575 529 1650 contenderit,
550 1582 600 1650 ut,
621 1595 692 1638 cum
714 1574 866 1658 plurimos
881 1577 1060 1651 caederent,
1082 1577 1233 1641 caderent
1245 1577 1402 1654 nonnulli,
1424 1599 1569 1664 cumque
1584 1578 1659 1641 sine

292 1671 381 1735 tulta
407 1669 629 1734 retractatione
657 1688 715 1751 pro
744 1670 845 1753 patria
873 1671 971 1734 vitam
999 1670 1215 1753 profuderint3
1247 1692 1382 1756 eumque
1409 1674 1510 1737 simili
1532 1673 1657 1735 virtute

314 1765 510 1849 reliquarum
531 1763 691 1844 legionum
711 1763 827 1826 milites
848 1783 905 1846 pro
928 1763 1031 1828 salute
1054 1771 1085 1828 et
1106 1765 1251 1829 libertate
1272 1767 1384 1849 populi
1404 1767 1543 1832 Romani
1568 1785 1656 1829 mor·

313 1866 377 1923 tem
400 1858 630 1943 appetiverint:
659 1857 782 1920 senatui
804 1857 930 1940 plaeere
952 1866 989 1921 ut
1012 1858 1045 1921 C.
1068 1860 1168 1922 Pansa
1189 1860 1226 1921 A.
1248 1860 1369 1923 Hirtius
1396 1861 1568 1936 consules,
1592 1861 1652 1924 im-

314 1961 492 2037 peratores,
524 1951 605 2015 alter
631 1952 777 2025 ambove,
806 1952 832 2013 si
863 1952 909 2014 eis
931 1952 1091 2027 rideatur,
1121 1954 1175 2027 iis,
1204 1955 1257 2035 qui
1280 1955 1466 2036 sangninem
1490 1976 1552 2039 pro
1576 1954 1651 2029 rita,

313 2047 473 2123 libertate,
502 2045 638 2110 fortunis
669 2045 777 2130 populi
799 2045 946 2120 Romani,
976 2066 1033 2130 pro
1055 2047 1149 2120 urbe,
1178 2047 1306 2129 templis
1329 2049 1460 2114 deomm
1484 2052 1652 2114 immorta-

277 2140 392 2205 ⁴⁰lium
424 2140 655 2225 profudissent,
686 2148 923 2203 monumentum
952 2159 1049 2223 quam
1077 2140 1300 2225 amplissimum
1330 2141 1499 2206 locandum
1527 2143 1652 2206 facien·

312 2235 454 2319 dumque
476 2242 588 2299 curent
608 2242 857 2319 quaestoresque
880 2233 1018 2297 urbanos
1040 2235 1079 2297 ad
1095 2253 1165 2297 eam
1179 2255 1245 2298 rem
1261 2237 1425 2319 pecuniam
1442 2239 1534 2313 dare,
1559 2238 1652 2301 attri-

311 2329 426 2405 buere,
449 2331 572 2395 solvere
593 2331 739 2405 iubeant,
765 2337 801 2392 ut
823 2335 926 2400 exstet
946 2329 986 2391 ad
1003 2330 1186 2393 memoriam
1205 2332 1396 2413 posteritatis
1417 2332 1650 2415 sempiternam

312 2425 417 2488 scelus
439 2423 728 2488 crudelissimorum
748 2423 888 2486 hostium
914 2422 1116 2508 militumque
1137 2422 1245 2487 divina
1265 2425 1386 2502 virtus3
1408 2426 1537 2509 utique,
1562 2442 1650 2508 quae

310 2518 450 2602 praemia
475 2526 604 2581 senatus
632 2517 785 2581 militibus
804 2523 876 2580 ante
896 2518 1074 2593 constituit,
1097 2539 1135 2582 ea
1161 2519 1325 2584 solvantur
1349 2541 1470 2597 eorum,
1493 2521 1551 2606 qui
1584 2518 1650 2582 hoe

275 2610 396 2674 ⁴libello
424 2630 481 2694 pro
510 2611 612 2694 patria
640 2610 839 2685 occiderunt,
868 2610 1071 2693 parentibus,
1100 2613 1227 2690 liberis,
1255 2616 1458 2698 coniugibus,
1479 2615 1649 2688 fratribus,

310 2704 417 2789 iisque
438 2704 626 2780 tribuantur,
648 2724 730 2786 quae
752 2702 904 2768 militibus
926 2705 1006 2788 ipsis
1028 2706 1125 2773 tribui
1147 2716 1324 2793 oporteret,
1346 2711 1372 2774 si
1393 2710 1458 2775 riri
1477 2710 1649 2784 risissent,

312 2798 368 2883 qui
393 2805 493 2863 morte
516 2800 668 2864 vicerunt.

438 3129 526 3197 boot
546 3135 605 3222 qai
626 3151 650 3195 a
671 3134 910 3217 prammattcts
932 3151 979 3198 eor
1000 3130 1210 3220 Philippicis
1231 3134 1428 3221 afferuntur
1448 3156 1514 3205 nec

834 3249 871 3311 tn
893 3249 938 3311 tts
960 3250 1116 3312 exstant.

273 3426 302 3475 2⁰
395 3399 425 3468 l.
446 3404 569 3468 Nonius
596 3423 628 3485 p.
649 3398 712 3463 373
741 3385 908 3465 ed.⁸ltlerc.
944 3403 1139 3479 Proiectum,
1169 3401 1364 3467 srsbtractam.
1395 3406 1439 3470 Μ.
1458 3389 1587 3470 ¹Tulliae
1609 3408 1645 3469 in

309 3498 487 3583 Philippicis
514 3499 565 3561 lib.
588 3498 664 3559 llll.
686 3497 785 3580 quidl
815 3495 877 3560 hoe
907 3505 1036 3561 senatus
1065 3497 1245 3561 consultum
1274 3498 1348 3563 fecit
1377 3506 1412 3561 ut
1439 3500 1521 3565 olam
1545 3509 1577 3566 te
1600 3522 1644 3565 ex

308 3594 386 3659 urbe
407 3593 590 3678 proiceresi

394 3686 425 3752 2.
446 3689 621 3755 Arusianus
642 3685 777 3750 Messius
798 3707 830 3769 p.
853 3683 915 3750 225
936 3687 1029 3749 Lind.
1065 3688 1203 3752 Detlexit
1223 3691 1263 3753 de
1284 3689 1457 3774 proposito.
1481 3691 1545 3755 Cic.
1566 3688 1643 3753 Phi-

308 3783 379 3866 lipp.
400 3784 481 3850 ΧΠ.
513 3782 693 3846 Laterensis
714 3801 755 3844 ne
777 3780 946 3864 vestigium
968 3780 1097 3865 quidem
1120 3783 1260 3848 dellexit.

267 3895 298 3946 rt
392 3875 423 3942 3.
444 3877 618 3941 Arusianus
639 3877 774 3940 Messius
799 3896 831 3958 p.
854 3872 915 3940 225
938 3875 1030 3939 Lind.
1066 3879 1247 3963 Disceptata
1267 3879 1307 3943 lis
1329 3890 1388 3945 est.
1413 3881 1476 3946 Cic.
1500 3880 1637 3961 Philipp.

306 3974 387 4039 XVI.
420 3973 492 4035 Non
514 3978 563 4035 est
583 3970 639 4034 illa
660 3969 818 4034 dissensio
841 3969 1016 4055 disceptata
1036 3969 1132 4034 bello.

390 4063 420 4130 l.
444 4065 549 4130 Schol.
579 4065 656 4129 Boh.
686 4065 726 4128 ad
757 4085 802 4127 or.
831 4086 862 4148 p.
886 4066 952 4129 llil.
982 4087 1008 4129 c.
1032 4061 1072 4128 IO
1102 4068 1172 4131 Vol.
1194 4069 1237 4143 ll,
1260 4090 1290 4153 p.
1313 4066 1376 4132 286
1398 4071 1449 4133 ed.
1473 4071 1527 4135 Or.
1554 4072 1640 4150 Quas

304 4183 384 4229 nana
403 4164 491 4245 culpo
513 4161 658 4224 muliones
677 4161 821 4232 alama,
852 4181 900 4223 eor
921 4161 1050 4236 scilicet,
1079 4163 1133 4245 qai
1160 4163 1292 4225 iumenta
1316 4164 1459 4226 vehiculis
1478 4165 1639 4228 sabianae

304 4260 501 4323 moderantur
522 4265 549 4319 et
570 4265 689 4337 repant,
718 4263 911 4329 caracteres,
933 4262 967 4315 at
989 4255 1215 4345 animadvertis,
1238 4257 1376 4319 redarios
1395 4259 1547 4332 (thebaea,
1568 4279 1638 4322 rna·

266 4354 397 4417 solhnes
418 4362 517 4416 antem
532 4351 659 4432 proprie
681 4370 744 4424 eas,
777 4350 828 4431 qai
855 4350 1084 4430 nepotiationem
1107 4351 1186 4413 lueri
1206 4352 1368 4415 sai-saasa
1388 4354 1422 4416 in
1442 4354 1533 4416 haias
1553 4355 1638 4417 modi

303 4448 445 4512 innnrtis
465 4445 658 4510 exercebant:
680 4446 816 4527 quamuis
836 4453 863 4507 et
885 4446 917 4507 in
935 4443 1114 4527 Philippicis
1134 4444 1308 4509 mulionem
1320 4446 1503 4512 Ventidium
1516 4447 1637 4511 dicerit

369 4712 394 4762 2.
412 4711 551 4762 salatansm
566 4705 600 4756 b:
619 4705 786 4756 resoluturum
802 4703 880 4756 codd.
894 4702 950 4756 rell.
964 4705 1018 4756 notl
1032 4708 1058 4755 et
1069 4705 1103 4763 0;
1118 4706 1305 4768 persoisaaraen
1321 4708 1466 4771 Manutius,
1485 4709 1558 4773 quod
1568 4725 1635 4763 ver-

303 4785 370 4838 bum
390 4788 482 4849 utique
503 4785 530 4833 iu
549 4783 601 4833 hac
620 4796 650 4832 re
673 4783 800 4832 usitatum
817 4784 871 4841 est,
896 4784 923 4830 at
939 4794 1001 4831 cum
1019 4781 1157 4844 scripserit
1173 4781 1227 4831 Cic.
1246 4782 1261 4846 ἕ
1279 4781 1632 4852 aspernamentum,

303 4862 376 4913 idem
396 4863 486 4910 tamen
509 4856 591 4907 habet
613 4856 628 4920 g
645 4856 676 4906 30
693 4856 785 4906 soluere
803 4858 927 4919 proemia.
947 4883 975 4892 -
997 4858 1143 4919 cumquei:
1166 4857 1233 4917 qaod
1249 4856 1318 4906 abv
1337 4884 1365 4893 -
1388 4858 1412 4908 3.
1430 4860 1522 4911 maiori
1539 4862 1582 4913 ub
1602 4891 1631 4901 —

301 4935 409 4988 hortibus
419 4947 457 4983 av
469 4958 496 4969 -
510 4931 535 4984 l.
547 4936 643 4981 meam
654 4931 760 4994 scripsi:
778 4944 836 4980 eam
847 4931 934 4991 codd.;
953 4935 981 4979 nt
992 4929 1012 4979 0
1025 4943 1086 4981 cum
1098 4930 1217 4982 ferrario
1231 4958 1258 4970 -
1271 4933 1387 4984 caderent
1396 4935 1509 4985 nonnum
1520 4940 1632 5004 scripsi:

302 5014 391 5063 eadm
405 5008 536 5059 nonnullas
552 5006 593 5056 ab
603 5019 633 5064 v,
650 5011 767 5069 caperent
777 5005 907 5056 nonnullos
924 5006 956 5055 io
966 5031 993 5041 -
1013 5006 1065 5055 sine
1081 5005 1197 5066 aliquov
1211 5032 1238 5042 -
1257 5007 1281 5056 5.
1295 5009 1473 5060 retractatione
1488 5010 1567 5062 abr:
1586 5027 1635 5065 ne-

301 5088 413 5138 cessitate
429 5085 477 5134 i-
497 5082 686 5144 7.optinaerint
702 5094 743 5130 av
757 5107 783 5115 -
802 5082 827 5132 8.
841 5082 861 5130 si
877 5081 908 5130 iis
925 5082 947 5139 l;
965 5080 987 5129 si
1002 5080 1040 5129 his
1055 5079 1114 5138 bv;
1132 5081 1170 5130 his
1186 5094 1216 5140 a;
1235 5081 1267 5132 cl.
1281 5095 1320 5132 or.
1333 5083 1364 5143 V,
1384 5084 1452 5148 353.
1466 5112 1495 5123 -
1512 5089 1634 5139 mara

286 5163 382 5217 ⁴--hir
398 5161 441 5224 qni
457 5159 499 5209 ab
514 5183 541 5195 -
561 5158 585 5207 9.
603 5157 710 5220 {mamis
726 5155 783 5206 ab:
800 5155 956 5218 fortunisque
972 5155 1034 5204 iv0
1047 5181 1074 5190 -
1093 5155 1189 5218 templis
1205 5155 1288 5205 abv:
1307 5158 1451 5220 templisque
1466 5160 1504 5211 io
1519 5187 1547 5197 -
1565 5164 1631 5214 tam.

302 5251 318 5287 a
337 5264 363 5276 -
384 5237 424 5286 tt.
442 5240 529 5286 carent
545 5239 733 5296 praetoresque
748 5232 857 5282 urbanos
869 5232 1003 5282 Ferrarius
1016 5229 1073 5293 (sed
1084 5230 1127 5279 hic
1138 5235 1292 5292 quaestores;
1311 5246 1358 5294 qae
1368 5233 1470 5284 addldlt
1480 5238 1632 5300 Garatonii:

300 5311 386 5365 raban
404 5310 494 5371 codd,
513 5307 584 5372 quod
600 5308 718 5357 Muretus
734 5307 761 5356 in
777 5311 864 5355 carent
880 5305 1006 5366 correrii,
1027 5302 1088 5354 nihil
1105 5307 1245 5369 praeterea
1262 5304 1379 5367 addeum
1402 5310 1422 5359 0
1445 5312 1475 5359 ut
1491 5324 1556 5374 nos,
1581 5312 1633 5363 sed

301 5393 443 5450 quassares
457 5384 608 5448 (faciendam
624 5396 649 5442 p.
669 5395 721 5432 ras.
739 5383 769 5432 A.
788 5382 956 5445 Augustinus)
975 5407 1002 5415 -
1026 5380 1206 5430 contribueret
1224 5407 1251 5417 -
1275 5381 1316 5431 ti.
1334 5385 1441 5433 eatentl
1461 5412 1489 5423 -
1516 5386 1556 5437 43.
1576 5400 1635 5438 see-

300 5464 340 5515 lue
354 5463 387 5513 b:
404 5464 439 5512 od
453 5461 531 5512 scelos
546 5459 632 5510 avio
648 5484 675 5493 -
694 5459 784 5507 diuina
799 5459 881 5508 uirtus
896 5457 927 5508 b:
945 5459 1065 5507 uirtutem
1082 5459 1195 5508 airinom
1211 5470 1241 5517 a;
1260 5457 1372 5509 divinam
1387 5461 1504 5511 sirim
1519 5462 1586 5512 tvo
1600 5487 1629 5501 -

299 5536 418 5600 adqueb
437 5539 465 5587 et
481 5536 625 5588 Manutius:
647 5538 722 5594 atque
743 5534 830 5584 alvo
849 5559 875 5568 -
903 5531 943 5583 tl.
962 5538 1020 5583 ante
1036 5546 1089 5583 om.
1109 5534 1117 5582 i
1134 5558 1162 5568 -
1188 5535 1227 5584 ⁴5.
1245 5533 1367 5595 frustm
1381 5535 1460 5596 itaque
1476 5537 1630 5588 Ferrarius:

299 5612 421 5677 {natabus
439 5612 517 5674 iisque
534 5610 626 5671 (hisque
641 5608 668 5671 v)
683 5607 805 5671 fratribus
822 5620 876 5661 av:
896 5609 1019 5670 fratribus
1034 5608 1084 5667 bl;
1107 5607 1244 5671 fratribrss,
1268 5609 1459 5672 tribuantwqrse
1475 5614 1629 5674 praeconi.

300 5687 420 5738 Balterus
434 5709 462 5722 -
482 5685 522 5736 t'l.
540 5685 562 5735 si
578 5684 629 5734 civi
643 5683 756 5733 eminent
772 5683 889 5733 Ernesti:
907 5683 929 5732 si
943 5684 981 5733 illi
995 5684 1110 5733 uideant
1126 5685 1193 5744 mei;
1212 5685 1233 5733 si
1249 5684 1286 5734 illi
1301 5686 1420 5737 merit
1436 5688 1457 5738 0
1474 5699 1536 5738 cum
1553 5689 1630 5738 Nau—

301 5762 374 5824 gerlo
392 5765 419 5811 et
435 5761 494 5812 cod.
507 5759 598 5812 Scalae
618 5786 645 5794 -
666 5772 715 5822 pao
732 5771 762 5819 a,
781 5759 826 5821 qul
843 5758 939 5809 deinde
956 5759 1069 5809 niem
1087 5760 1114 5809 in
1132 5773 1184 5810 ras.
1203 5759 1294 5811 babet.
1316 5787 1343 5795 —
1365 5762 1407 5811 it.
1425 5762 1470 5812 hoc
1485 5775 1505 5812 a.
1523 5774 1546 5811 c.
1564 5762 1631 5824 [uait

300 5836 367 5888 clam
377 5841 401 5888 te
410 5849 444 5889 aaa
453 5835 658 5901 nrbeproieaeris
668 5833 757 5893 codd.;
770 5835 885 5884 correxit
896 5835 924 5890 C.
936 5835 964 5884 L.
974 5835 1041 5885 Roth
1049 5862 1076 5874 -
1089 5834 1130 5888 al.
1142 5837 1199 5889 XVI
1209 5835 1268 5888 cod.
1279 5835 1356 5888 (iuda
1373 5836 1442 5890 ΧΠ]
1450 5835 1510 5889 oud.
1522 5837 1554 5888 A.
1565 5838 1628 5890 Mai.
