3800 7350
623 1222 698 1287 cn.
720 1221 1044 1287 xxxn-xxxnr.
1072 1219 1119 1304 §s
1140 1218 1288 1285 sa-oo.
1536 1215 1619 1282 aare

291 1392 418 1457 decreta
438 1388 647 1474 perfregerant,
670 1390 804 1473 pecunia
827 1411 861 1452 se
883 1409 902 1452 a
924 1382 1080 1453 iudicibus
1102 1389 1204 1472 palam
1219 1388 1412 1465 redemerat,
1435 1396 1565 1452 vexarat
1585 1389 1619 1450 in

291 1486 451 1549 tribunatu
481 1491 640 1558 senatum,
671 1484 811 1546 omnium
842 1483 990 1545 ordinum
1019 1501 1175 1544 consensu
1203 1502 1260 1565 pro
1282 1483 1384 1546 salute
1406 1484 1452 1547 rei
1473 1482 1619 1566 publicae

291 1587 380 1663 gesta
400 1576 587 1651 resciderat,
610 1597 660 1639 me
682 1577 784 1658 patria
806 1576 982 1658 expulerat,
1003 1576 1086 1638 bona
1108 1576 1295 1658 diripuerat,
1319 1575 1448 1639 domum
1470 1575 1620 1639 incende·

289 1679 353 1745 rat,
375 1668 507 1742 liberos,
530 1669 696 1750 coniugem
719 1688 820 1732 meam
843 1676 989 1743 vexarat,
1014 1668 1068 1730 Cn.
1084 1669 1234 1750 Pompeio
1255 1667 1409 1731 nefarium
1430 1668 1548 1732 bellum
1571 1667 1620 1729 in·

291 1764 424 1837 dixerat,
447 1762 686 1843 magistratuum
703 1764 964 1845 privatorumque
979 1762 1093 1825 caedes
1108 1762 1270 1834 eliecerat,
1293 1762 1421 1825 domum
1436 1764 1500 1825 mei
1513 1759 1643 1823 fratrist

288 1854 488 1929 incenderat,
515 1862 654 1918 vastarat
680 1856 856 1929 Etmriam,
884 1855 1000 1918 multos
1023 1855 1150 1917 sedibus
1172 1874 1209 1917 ac
1230 1853 1366 1917 fortunis
1388 1857 1541 1928 eiecerat;
1570 1854 1619 1914 in·

289 1949 405 2022 stabat,
427 1948 576 2031 urgebam
598 1967 711 2029 capere
734 1948 802 2010 cius
824 1950 994 2011 amentiam
1017 1948 1144 2020 civitas,
1173 1946 1279 2021 Italia,
1301 1948 1499 2030 provinciae,
1521 1963 1620 2028 regna

289 2060 354 2104 non
376 2046 539 2122 poterant3
562 2039 785 2103 incidebantur
806 2042 867 2104 iam
891 2041 977 2103 domi
1000 2042 1101 2122 leges,
1126 2059 1207 2122 quae
1230 2060 1288 2103 nos
1311 2041 1411 2103 servis
1432 2041 1549 2104 nostris
1563 2037 1619 2102 ad·

289 2135 449 2207 dicerent;
478 2132 558 2196 nihil
581 2142 647 2195 erat
669 2134 873 2217 cuiusquam,
897 2134 984 2215 quod
1007 2133 1135 2216 quidem
1155 2132 1209 2196 ille
1231 2132 1423 2207 adamasset,
1446 2133 1532 2217 quod
1555 2149 1619 2193 non

288 2228 349 2291 hoc
382 2247 466 2291 uno
498 2247 590 2289 suum
621 2226 688 2289 fore
717 2236 850 2308 putaret.
894 2225 945 2288 88.
977 2225 1131 2289 Obstabat
1159 2227 1228 2289 eius
1257 2226 1500 2307 cogitationibus
1525 2241 1619 2285 nemo
1629 2238 1656 2282 ao

289 2327 415 2406 practer
434 2321 596 2383 Milonem.
630 2320 722 2382 lllum
745 2322 865 2403 ipsum,
889 2319 943 2403 qui
966 2320 1090 2382 obstare
1112 2326 1249 2402 poterat,
1272 2338 1356 2382 novo
1378 2319 1481 2381 reditu
1497 2317 1530 2378 in
1551 2335 1620 2396 gra·

289 2416 365 2478 tiam
387 2415 479 2497 quasi
502 2412 683 2477 devinctum
713 2413 939 2489 arbitrabatur;
971 2412 1113 2475 Caesaris
1134 2413 1310 2495 potentiam
1331 2430 1421 2475 suam
1443 2428 1513 2473 esse
1535 2407 1620 2469 dice·

287 2509 360 2583 bata
389 2507 546 2571 bonorum
576 2507 699 2568 animos
731 2507 763 2568 in
793 2526 863 2569 meo
889 2526 964 2569 casu
986 2512 1237 2586 contempserat:
1269 2505 1346 2568 Milo
1373 2519 1457 2566 unus
1478 2499 1621 2582 urgebat.

288 2601 437 2665 XXXIII.
459 2600 519 2662 llic
548 2597 581 2661 di
610 2600 821 2673 immortales,
851 2608 886 2663 ut
907 2620 1005 2682 supra
1026 2599 1112 2673 dixi,
1140 2605 1277 2661 mentem
1299 2597 1346 2660 illi
1366 2598 1491 2680 perdito
1513 2614 1550 2657 ac
1570 2592 1621 2655 lu·

287 2698 374 2759 rioso
400 2692 575 2764 dederunt,
607 2700 641 2753 ut
670 2691 745 2755 buic
774 2692 892 2755 faceret
918 2692 1061 2756 insidias.
1098 2692 1196 2754 Aliter
1221 2691 1326 2774 perire
1352 2689 1451 2775 pestis
1478 2688 1534 2751 illa
1554 2703 1657 2748 nonta

287 2789 407 2873 potuit3
429 2805 602 2868 numquam
624 2785 714 2847 illum
736 2786 936 2869 respublica
958 2806 1015 2849 suo
1038 2786 1105 2849 iure
1127 2792 1212 2847 esset
1233 2784 1308 2846 ulta.
1346 2785 1492 2856 Senatus,
1512 2779 1619 2845 credo»

288 2886 468 2965 praetorem
491 2897 564 2941 eum
585 2879 895 2962 circumscripsisset.
937 2880 984 2941 Nc
1007 2899 1077 2941 cum
1099 2878 1220 2941 solebat
1241 2876 1372 2961 quidem
1393 2877 1427 2939 id
1448 2876 1562 2947 facere,
1585 2873 1617 2935 in

287 2975 409 3062 privato
442 2973 556 3036 codem
588 2973 649 3035 boc
686 2972 808 3054 aliquid
844 2971 1031 3053 proiecerat.
1079 2967 1131 3032 89.
1158 2971 1208 3032 An
1235 2970 1381 3034 consules
1408 2970 1441 3032 in
1474 2974 1618 3052 praetore

287 3067 466 3132 coercendo
489 3065 588 3129 sortes
603 3065 761 3128 fuissent?
783 3065 920 3129 Primum
935 3065 1054 3128 Milone
1070 3065 1175 3127 occiso
1189 3063 1353 3128 habuisset
1367 3084 1440 3127 suos
1455 3059 1617 3132 consules;

288 3160 404 3224 deinde
426 3159 499 3241 quis
521 3161 553 3221 in
576 3179 614 3221 eo
637 3166 781 3241 praetore
804 3158 915 3221 consul
937 3154 1026 3221 fortis
1048 3165 1149 3231 esset,
1180 3178 1237 3242 per
1258 3176 1353 3241 quem
1374 3155 1535 3219 tribunum
1556 3151 1656 3214 vir-ao

288 3262 386 3317 tutem
416 3252 615 3314 consularem
645 3251 863 3314 crudelissime
886 3258 1030 3315 vernum
1053 3271 1123 3314 esse
1145 3250 1366 3314 meminisset?
1400 3246 1620 3331 Oppressissel

287 3344 411 3417 omnia,
433 3345 630 3425 possideret,
652 3352 791 3418 teneret3
813 3345 883 3426 lege
906 3364 989 3408 nova
1013 3341 1108 3428 [quae
1130 3352 1178 3408 est
1199 3345 1326 3408 inventa
1349 3343 1433 3427 apud
1456 3361 1528 3404 eum
1547 3359 1618 3402 cum

288 3438 420 3522 reliquis
443 3436 566 3518 legibus
587 3430 758 3518 Clodianis]
780 3456 889 3501 servos
904 3446 1030 3501 nostros
1046 3437 1177 3500 libertos
1192 3456 1265 3500 suos
1279 3436 1425 3512 fecisset;
1446 3441 1619 3517 postremo,

287 3534 349 3595 nisi
370 3551 444 3594 eum
467 3528 500 3591 di
523 3529 717 3591 immortales
739 3530 771 3591 in
794 3548 863 3593 cam
887 3538 1025 3594 mentem
1048 3530 1260 3614 impulissent,
1285 3538 1319 3592 ut
1340 3530 1437 3592 homo
1459 3527 1619 3591 ellemina·

288 3635 339 3690 tus
366 3623 572 3688 fortissimum
604 3623 706 3685 virum
732 3630 899 3688 conaretur
921 3624 1083 3697 occidere,
1112 3622 1208 3686 bodie
1230 3643 1296 3687 rem
1319 3624 1478 3709 publicam
1499 3620 1657 3684 nullamss

286 3718 453 3782 baberetis.
497 3712 549 3776 90.
570 3717 620 3777 An
642 3715 698 3777 ille
720 3723 863 3797 praetor,
893 3718 948 3781 ille
970 3736 1045 3780 vcro
1069 3718 1198 3792 consul,
1232 3719 1259 3780 si
1283 3719 1377 3781 modo
1399 3716 1479 3780 baec
1500 3713 1618 3796 templa

286 3818 383 3895 atque
405 3811 475 3890 ipsa
498 3809 624 3871 moenia
646 3817 728 3872 stare
751 3829 789 3872 eo
811 3810 884 3872 viro
907 3816 972 3873 tam
995 3810 1049 3872 diu
1071 3818 1103 3872 et
1123 3810 1320 3875 consulatum
1343 3812 1411 3874 eius
1434 3815 1618 3891 exspectare

285 3903 479 3988 potuissent,
508 3902 563 3966 ille
593 3902 732 3985 denique
759 3902 850 3965 vivus
880 3904 954 3965 mali
976 3903 1056 3967 nibil
1078 3904 1220 3979 fecisset,
1249 3906 1304 3985 qui
1327 3913 1468 3968 mortuus
1488 3921 1554 3964 uno
1577 3921 1618 3963 ex

286 3997 350 4060 suis
373 3996 559 4059 satellitibus
591 3992 677 4078 [Sex.
701 3991 823 4078 Clodio]
846 3997 928 4059 duce
951 3996 1070 4058 curiam
1092 3997 1294 4059 incenderit?
1329 3998 1401 4072 Quo
1424 3995 1502 4079 quid
1524 3995 1619 4056 mise-

286 4094 371 4164 rius,
394 4089 471 4172 qnid
493 4088 656 4163 acerbius,
680 4089 758 4172 quid
781 4090 955 4152 luctuosius
976 4089 1135 4153 vidimus?
1165 4090 1317 4172 templum
1341 4089 1531 4163 sanctitatis,
1552 4103 1655 4152 am-to

286 4181 466 4266 plitudinis,
489 4182 617 4256 mentis,
639 4183 765 4246 consilii
787 4183 921 4267 publici,
944 4191 1041 4265 caput
1063 4184 1161 4258 urbis,
1184 4203 1271 4247 aram
1293 4185 1471 4258 sociorum,
1492 4189 1616 4265 portum

285 4277 425 4340 omnium
455 4276 613 4358 gentium,
642 4277 750 4340 sedem
782 4277 821 4339 ab
844 4279 993 4341 universo
1016 4277 1138 4360 populo
1162 4296 1343 4342 concessam
1366 4277 1422 4340 uni
1445 4276 1547 4341 ordini
1570 4277 1617 4338 in·

286 4369 457 4442 flammari,
491 4370 652 4444 exscindi,
686 4371 859 4444 funestari,
892 4391 999 4454 neque
1025 4372 1057 4433 id
1086 4367 1155 4434 lieri
1182 4391 1201 4434 a
1228 4372 1433 4436 multitudine
1460 4371 1617 4454 imperita,

286 4481 478 4545 quamquam
500 4472 585 4525 esset
606 4465 755 4526 miserum
778 4463 810 4525 id
833 4465 948 4548 ipsum,
972 4463 1029 4527 aad
1053 4464 1092 4527 ab
1109 4466 1192 4527 unol
1216 4465 1367 4540 Quicum
1384 4470 1506 4529 tantum
1521 4483 1616 4527 ausus

285 4555 326 4617 sit
347 4563 438 4617 ustor
458 4575 516 4637 pro
539 4563 681 4630 mortuo,
704 4556 783 4639 quid
805 4556 936 4639 signifer
958 4578 1016 4641 pro
1031 4558 1104 4619 vivo
1126 4577 1191 4620 non
1206 4567 1289 4621 essct
1305 4562 1425 4621 ausus?
1447 4561 1484 4621 ln
1499 4558 1654 4621 curiamas

284 4647 483 4731 potissimum
511 4648 641 4722 abiecit,
670 4658 704 4712 ut
735 4669 804 4712 eam
836 4658 978 4714 mortuus
1001 4650 1200 4726 incenderet,
1225 4671 1318 4735 quam
1338 4653 1430 4715 rivus
1452 4658 1616 4715 everterat.

350 4896 374 4946 l.
392 4909 410 4946 a
427 4896 458 4946 s:
476 4907 531 4945 om.
550 4896 598 4947 ΤΕ
623 4923 648 4932 -
672 4897 698 4947 3.
714 4899 828 4961 patriam
844 4901 864 4949 Ρ
881 4925 909 4936 -
928 4900 954 4951 i.
970 4905 1080 4950 aarum
1096 4901 1128 4950 P:
1148 4904 1289 4950 uecouem
1305 4900 1380 4951 TES
1398 4927 1425 4936 -
1444 4903 1581 4952 induceret
1598 4904 1616 4952 Ρ

284 4994 312 5007 -
326 4971 352 5020 b.
370 4969 557 5034 mspietrctium
573 4971 593 5019 T
607 4996 633 5005 -
653 4971 677 5020 7.
695 4984 785 5034 sapere
800 4974 820 5023 E
839 4999 866 5010 -
885 4974 910 5024 8.
928 4973 1303 5025 biddebautasrnoddtcererat
1323 4974 1405 5026 babet
1421 4980 1483 5027 A-
1501 4977 1554 5041 rios]
1571 4989 1617 5027 sos

282 5045 367 5096 uma
382 5070 407 5081 -
425 5045 506 5095 uraris
522 5046 614 5094 noum
631 5045 746 5096 PEAS:
764 5049 855 5098 metra
871 5050 949 5099 seruis
966 5049 1016 5098 ΤΟ
1030 5074 1057 5084 -
1078 5049 1203 5099 tiittaea
1217 5050 1429 5112 ipuenPTES:
1446 5051 1531 5112 iperius
1545 5051 1616 5100 ittam

283 5121 341 5170 0-
360 5117 457 5168 obstm
470 5123 571 5182 poterut
586 5120 620 5168 P:
637 5124 736 5181 poterat
752 5120 850 5172 obstare
865 5123 967 5172 TESO
980 5147 1007 5158 -
1028 5123 1068 5174 ta.
1081 5124 1205 5173 decim
1221 5125 1333 5175 TES-
1351 5136 1424 5173 marra
1439 5125 1525 5175 PCS:
1542 5137 1616 5173 suom

278 5194 416 5257 mecum
435 5194 484 5244 ΤΕ
502 5219 530 5229 ·-
550 5192 653 5243 smum
669 5195 774 5246 lintius.
795 5223 823 5232 -
842 5197 883 5247 43.
900 5197 928 5246 ia
945 5196 1063 5247 PTES:
1081 5198 1157 5247 amm
1173 5199 1201 5246 ie
1216 5199 1237 5248 0
1254 5225 1286 5235 —
1304 5197 1345 5249 ts,
1363 5198 1389 5246 di
1404 5201 1437 5249 P:
1460 5198 1496 5247 dii
1511 5198 1615 5248 TESO

284 5297 312 5306 -
331 5269 372 5318 to.
390 5268 468 5332 diuo]
489 5281 537 5330 per
556 5268 664 5319 illqu
685 5295 709 5306 -
730 5271 885 5321 Scuatar··
893 5272 1038 5334 profecerat
1061 5271 1180 5322 babetA
1200 5299 1227 5308 -
1252 5274 1292 5323 ts.
1310 5273 1566 5334 amnaeriprisreA
1586 5297 1615 5310 -

282 5355 327 5392 uec
344 5356 401 5393 cum
418 5343 453 5399 ns
479 5355 509 5392 rae
531 5347 585 5391 turn
605 5343 626 5391 A
649 5366 677 5378 —
703 5343 800 5394 conosi
816 5346 912 5398 Belius
930 5373 958 5383 -
979 5347 1018 5396 ts.
1033 5349 1176 5409 profecerat
1192 5359 1246 5397 om.
1265 5347 1291 5396 in
1308 5345 1403 5398 lacuna
1419 5348 1440 5396 A
1459 5372 1487 5381 -
1513 5347 1554 5396 ts.
1571 5360 1616 5397 co·

282 5416 401 5466 herrando
417 5416 466 5466 TE
480 5443 506 5452 -
526 5416 567 5465 at.
584 5417 739 5478 oppressisset
755 5430 809 5468 om.
827 5421 886 5469 Τ-
905 5421 947 5471 22.
967 5433 1032 5482 qaae
1048 5426 1083 5471 est
1093 5446 1131 5458 —-
1142 5419 1236 5484 kpibus
1252 5420 1377 5471 cucuso
1392 5419 1549 5472 scholiastae
1567 5422 1616 5471 tri·

282 5489 340 5540 butt
356 5490 460 5541 Belius.
476 5517 502 5526 -
521 5491 562 5540 2³.
580 5490 674 5552 fecisset
689 5504 747 5541 euos
763 5493 783 5541 Τ
801 5518 828 5528 -
847 5494 888 5545 tl.
908 5495 943 5543 dii
960 5495 1062 5545 Taso
1080 5520 1107 5530 -
1126 5495 1270 5557 inpedissent
1286 5496 1347 5544 T-
1365 5495 1407 5545 26.
1425 5495 1456 5545 At
1469 5495 1510 5545 itte
1526 5496 1571 5544 TS
1585 5521 1611 5531 -

281 5564 577 5615 armemur—28.
597 5565 799 5626 aristosi&
818 5565 1067 5618 edidisse.
1086 5569 1222 5619 ClodioS:
1241 5568 1613 5626 eccbdio'l';eccioelioli.

282 5639 422 5689 «Additum
439 5651 537 5688 nomen
555 5652 607 5689 non
625 5638 712 5690 solum
729 5640 896 5702 abundabat,
923 5642 973 5692 sed
991 5643 1043 5692 vim
1061 5643 1209 5692 sententiae
1226 5641 1429 5706 corrumpebat,
1449 5643 1570 5705 quesita
1588 5644 1614 5694 in

282 5712 479 5776 comparatione
497 5715 622 5778 principis
639 5713 798 5765 seditionum
816 5718 842 5765 et
859 5716 936 5765 unius
953 5715 1072 5766 satellitis
1088 5717 1174 5779 posita
1191 5718 1247 5776 cst,
1266 5718 1295 5767 ut
1314 5715 1430 5779 generali
1447 5716 1614 5782 appellationi

281 5787 390 5850 propria
408 5785 469 5836 addi
487 5784 557 5837 nullo
575 5786 656 5837 modo
674 5789 783 5851 possit.»
796 5791 906 5840 Maurae.
921 5815 947 5824 -
968 5790 1009 5840 31.
1028 5789 1094 5839 orbis
1106 5792 1126 5840 C
1140 5816 1167 5826 -
1187 5791 1227 5840 32.
1243 5791 1337 5855 popsto
1353 5791 1436 5842 TES:
1453 5791 1546 5856 populo
1563 5794 1613 5843 lto-

280 5861 709 5926 masoo-ae.qaansoas.
827 5915 831 5923 ,
