3800 7350
705 1188 777 1252 on.
800 1188 933 1252 xxxn.
962 1186 1008 1271 §s
1030 1185 1182 1250 77-80.
1525 1182 1607 1250 tuat

282 1357 392 1421 oculos
421 1357 516 1420 etiam
545 1356 642 1420 huius
669 1358 777 1422 miseri
805 1365 1017 1432 senectutem,
1047 1358 1102 1441 qui
1133 1356 1194 1419 hoc
1216 1355 1310 1418 unico
1332 1351 1397 1419 filio
1418 1356 1546 1430 nititur,
1575 1359 1608 1419 in

281 1452 376 1515 huius
398 1471 455 1533 spe
477 1450 666 1532 requiescit,
688 1451 783 1514 huius
806 1454 899 1515 unius
921 1471 1029 1515 casum
1051 1452 1261 1534 pertimescit:
1285 1470 1466 1535 quemme,
1488 1449 1609 1532 suppli-

282 1566 350 1610 cem
372 1553 495 1608 vestrae
515 1545 758 1619 misericordiae,
780 1566 903 1608 servum
920 1546 1094 1627 potestatis,
1116 1545 1272 1607 abiectum
1288 1564 1351 1608 non
1371 1554 1435 1606 tam
1450 1544 1489 1606 ad
1509 1544 1607 1627 pedes

283 1658 376 1722 quam
399 1638 564 1701 admoves
587 1658 763 1721 sensusque
783 1646 922 1713 vestros,
945 1640 996 1701 vel
1019 1638 1235 1701 recordatione
1250 1646 1417 1720 parentum
1430 1646 1607 1701 vestrorum

282 1731 332 1794 vel
354 1731 525 1795 liberorum
547 1732 741 1795 iucunditate
763 1740 954 1806 sustentate,
976 1741 1012 1794 ut
1033 1734 1066 1794 in
1087 1732 1216 1794 alterius
1239 1732 1347 1794 dolore
1362 1732 1413 1795 vel
1434 1734 1543 1815 pietati
1557 1731 1631 1796 vele

281 1825 499 1907 indulgentiae
521 1835 644 1889 vestrae
666 1827 819 1888 serviatis.
853 1825 977 1900 Nolite,
1000 1825 1139 1899 iudices,
1161 1833 1216 1888 aut
1236 1824 1322 1888 hunc
1337 1825 1399 1889 iam
1413 1834 1526 1890 natura
1539 1827 1608 1909 ipsa

281 1918 478 1982 occidentem
500 1919 582 1983 velle
604 1919 755 1982 maturius
784 1920 944 2001 exstingui
966 1920 1097 1982 vulnere
1118 1926 1223 1981 vestro
1247 1938 1341 2002 quam
1363 1939 1421 1983 suo
1443 1918 1524 1993 fato,
1554 1926 1608 1981 aut

280 2013 364 2077 hunc
396 2033 479 2076 nunc
501 2013 637 2096 primurn
662 2013 897 2086 florescentem,
927 2013 1049 2076 firmata
1070 2014 1133 2076 iam
1155 2012 1252 2094 stirpe
1274 2014 1416 2088 virtutis,
1448 2021 1607 2096 tamquam

281 2107 407 2169 turbine
429 2107 537 2189 aliquo
559 2114 613 2169 aut
634 2108 738 2170 subita
761 2114 943 2188 tempestate
967 2115 1156 2189 pervertere.
1199 2104 1250 2168 80.
1274 2107 1463 2171 Conservate
1486 2107 1607 2189 parenti

280 2196 398 2274 filium,
426 2208 591 2282 parentem
618 2199 703 2273 filio,
733 2220 773 2262 nc
802 2207 856 2262 aut
884 2209 1080 2264 senectutem
1107 2200 1171 2263 iam
1193 2221 1290 2283 prope
1313 2201 1511 2281 desperatam
1533 2220 1646 2265 con-vo

281 2294 462 2376 tempsisse,
485 2300 540 2358 aut
553 2294 800 2356 adolescentiam
820 2293 944 2375 plenam
961 2294 1028 2377 spei
1044 2294 1199 2356 maximae
1215 2313 1280 2355 non
1295 2292 1389 2356 modo
1404 2314 1467 2356 non
1481 2293 1608 2366 aluisse,

281 2385 338 2448 sed
362 2386 455 2449 etiam
477 2387 650 2469 perculisse
673 2396 766 2469 atque
789 2387 941 2451 afflixisse
964 2388 1145 2450 videamini.
1180 2386 1282 2462 Quem
1304 2388 1331 2449 si
1353 2387 1460 2460 nohis,
1482 2388 1508 2449 si
1531 2386 1608 2460 suis,

281 2480 310 2542 si
331 2480 378 2541 rei
401 2479 545 2562 publicae
568 2481 773 2556 conservatis,
791 2479 962 2554 addictum,
978 2480 1129 2554 deditum,
1144 2480 1328 2568 obstrictum
1344 2480 1434 2543 vobis
1448 2500 1484 2543 ac
1500 2480 1608 2543 liberis

282 2573 395 2635 vestris
416 2572 573 2637 habebitis
590 2576 797 2657 omniumque
819 2574 914 2636 huius
932 2594 1102 2636 nervorum
1116 2594 1152 2636 ac
1167 2571 1310 2636 laborum
1324 2592 1382 2635 vos
1399 2573 1608 2654 potissimum,

282 2667 420 2742 iudices,
443 2666 562 2731 fructus
584 2668 697 2731 uberes
720 2669 950 2752 diuturnosque
973 2668 1114 2751 capietis.
1618 2689 1646 2737 re

352 2974 377 3024 5.
394 2974 432 3024 uti
448 2974 583 3024 liberorum
599 2975 618 3023 P
637 2998 665 3009 -
684 2974 830 3023 demulctus
846 2975 914 3024 coni.
933 2973 1050 3023 Abramt.
1070 2998 1097 3008 -
1118 2974 1141 3022 7.
1159 2972 1273 3035 catinum
1289 2974 1308 3022 P
1324 2998 1358 3009 -
1373 2986 1450 3035 quom
1466 2974 1500 3023 s:
1518 2986 1610 3036 φωνη-
1676 3009 1679 3018 .

286 3060 363 3111 uuom
380 3049 461 3101 PEG
479 3076 505 3087 -
524 3051 578 3114 {oto
595 3050 655 3098 GS:
675 3049 742 3112 (octo
759 3050 794 3108 E;
816 3048 881 3112 [olto
898 3051 917 3098 P
935 3072 964 3085 -
989 3048 1012 3099 8.
1031 3053 1153 3110 mousom
1169 3048 1190 3097 G
1209 3073 1236 3082 -
1261 3047 1301 3096 lt.
1319 3047 1410 3097 dulae
1424 3047 1467 3097 sed
1482 3049 1558 3098 amm
1573 3050 1607 3099 S:

284 3124 490 3175 mouentem
506 3125 582 3175 ettam
599 3125 626 3183 P,
646 3124 697 3177 sed
713 3126 820 3188 praeter
837 3122 936 3174 litteras
953 3122 1097 3186 etreliqua
1115 3124 1202 3173 omnia
1219 3123 1246 3172 in
1262 3136 1314 3173 res.
1333 3125 1361 3173 et
1376 3124 1471 3187 partim
1489 3136 1548 3188 sup.
1563 3122 1607 3174 lin.

281 3210 320 3250 m.
337 3199 353 3250 2
372 3202 469 3265 scripte
487 3203 561 3259 sunt;
580 3199 646 3249 aluis
662 3212 746 3249 seruos
761 3200 803 3249 scd
820 3199 854 3257 E;
879 3199 899 3245 G
916 3200 946 3247 ut
962 3198 993 3253 S,
1016 3195 1064 3246 sed
1087 3195 1176 3247 addito
1192 3209 1238 3245 uos
1253 3210 1312 3261 sup.
1331 3196 1388 3256 lin.;
1412 3198 1485 3247 ulisse
1504 3209 1548 3247 ooo
1568 3197 1610 3246 sed

285 3274 361 3324 attam
377 3275 397 3323 0
414 3302 447 3311 -
464 3275 504 3324 ⁴2.
520 3273 655 3335 perculisse
671 3273 690 3322 P
707 3285 775 3322 corr.
795 3286 827 3322 ex
841 3271 982 3335 perimus..
998 3298 1025 3308 -
1042 3272 1113 3321 nobis
1130 3271 1164 3321 C:
1182 3272 1250 3321 volis
1265 3272 1285 3321 0
1299 3299 1321 3307 -
1344 3273 1395 3322 suis
1411 3275 1430 3323 P
1447 3275 1472 3323 in
1490 3285 1541 3323 ros.
1560 3273 1609 3322 ho-

284 3347 339 3398 bel.
357 3375 384 3385 -
404 3350 444 3401 ts.
463 3350 541 3399 Caelii
557 3350 584 3397 iu
601 3349 668 3397 omni
684 3350 737 3396 otta
754 3348 881 3398 comitium
897 3348 1040 3398 obstrictum
1055 3349 1124 3399 codis
1137 3362 1168 3397 oc
1183 3348 1267 3397 liberis
1281 3350 1368 3398 vestris
1382 3348 1500 3399 debebitis
1511 3363 1542 3398 er
1554 3361 1610 3399 me-

283 3422 368 3473 moria
390 3422 467 3474 allent
490 3424 631 3474 Martianus
656 3421 761 3486 Capella
779 3422 813 3483 V,
833 3422 848 3485 ἓ
866 3422 914 3471 505
936 3435 963 3485 p.
982 3421 1030 3473 ldl
1047 3423 1089 3474 ed.
1108 3425 1203 3488 kopp,
1227 3437 1329 3487 exque
1351 3423 1409 3476 loco
1426 3426 1567 3474 Garatonio
1583 3426 1610 3473 in

282 3498 349 3547 ems·
364 3498 418 3547 otto
434 3501 495 3563 post
511 3497 653 3547 encastum
671 3494 843 3547 inserendum
861 3495 975 3547 videtur.
989 3523 1015 3531 -
1034 3499 1071 3549 u.
1089 3498 1162 3549 Totis
1178 3497 1312 3551 Ciceronis
1328 3511 1375 3550 eso
1390 3511 1479 3549 castro
1494 3510 1610 3549 mercis

282 3571 315 3630 P;
334 3582 452 3623 sxrsrcrr
467 3585 514 3623 ero
530 3583 603 3624 ostro
621 3573 650 3622 G.
