3800 7350
302 1198 365 1265 *lot
741 1203 899 1270 onlslo.
915 1204 994 1271 PRO
1016 1205 1051 1270 P.
1072 1206 1201 1273 SVLLA

303 1380 337 1437 tu
357 1373 488 1450 horum,
510 1375 566 1460 qui
588 1374 718 1451 adsunt,
740 1376 855 1459 quibus
876 1381 909 1438 te
930 1382 1038 1440 contra
1060 1376 1200 1459 ipsorum
1221 1374 1414 1441 voluntatem
1429 1376 1625 1453 venditabas,

302 1474 358 1531 aut
379 1475 442 1531 tam
463 1468 650 1533 sceleratum
672 1470 784 1533 statuis
804 1468 919 1544 fuisse,
949 1476 986 1532 ut
1014 1469 1093 1533 haec
1122 1470 1230 1533 omnia
1256 1470 1360 1553 perire
1388 1470 1538 1547 volucrit,
1572 1479 1627 1536 ant

303 1568 367 1625 4444
389 1562 557 1636 miserum,
589 1569 625 1626 ut
646 1569 678 1627 et
699 1584 733 1627 se
755 1563 859 1646 perire
889 1570 1021 1646 cuperet
1049 1570 1081 1627 et
1106 1562 1186 1627 nihil
1214 1563 1360 1641 haberet,
1390 1563 1476 1648 quod
1504 1565 1626 1630 salmm

303 1674 373 1719 esse
395 1656 512 1719 vellct‘l
547 1659 597 1722 An
619 1677 695 1722 vcro
718 1657 927 1722 clarissimum
948 1658 1052 1721 virum
1074 1658 1201 1739 generis
1215 1657 1312 1723 vestrl
1326 1657 1517 1725 eonominis
1530 1677 1625 1722 nemo

279 1748 521 1833 areprehendit,
549 1751 606 1835 qui
635 1749 734 1815 lilium
764 1772 855 1816 suum
883 1751 949 1816 vita
976 1752 1127 1835 privavit,
1158 1758 1195 1818 ut
1213 1750 1249 1817 in
1270 1759 1390 1817 4444444
1410 1749 1548 1816 firmaret
1568 1752 1627 1814 im·

301 1845 447 1929 periums
478 1851 513 1908 tu
534 1865 600 1909 rem
625 1846 783 1930 publicam
805 1846 1028 1929 reprehendis,
1055 1865 1138 1930 quae
1159 1844 1348 1912 domesticos
1367 1846 1494 1919 hostes,
1523 1864 1564 1908 ne
1585 1845 1626 1908 ab

200 1991 203 1999 .
302 1938 342 2001 iis
363 1938 435 2021 ipsa
455 1947 639 2014 necaretur,
666 1940 809 2004 necarit?
853 1937 905 2003 33.
933 1942 1044 2023 ltaque
1065 1941 1209 2015 attende,
1237 1941 1412 2025 Torquate,
1440 1959 1536 2024 quam
1564 1958 1625 2023 epo

303 2030 461 2115 defugiam
484 2034 703 2100 auctoritatem
726 2033 906 2099 consulatus
928 2034 1002 2098 mei.
1031 2034 1169 2099 Maxima
1183 2054 1277 2110 voce,
1298 2041 1336 2097 ut
1350 2053 1460 2098 omnes
1474 2033 1626 2097 exaudire

302 2126 438 2208 possint,
460 2126 531 2190 dico
545 2147 733 2213 semperque
749 2128 872 2192 dicam:
893 2128 1003 2193 adeste
1019 2147 1128 2192 omnes
1143 2128 1256 2192 animis
1270 2128 1327 2212 qui
1341 2128 1470 2202 adestis,
1491 2147 1626 2211 quorum

266 2232 362 2302 laege
389 2218 572 2303 frequentia
600 2242 714 2306 magno
743 2242 840 2306 opere
868 2223 985 2299 laetor;
1021 2222 1133 2306 erigite
1165 2229 1289 2286 mentes
1320 2242 1477 2306 auresque
1504 2229 1627 2285 vestras

304 2321 336 2378 et
357 2333 407 2377 me
429 2312 469 2378 de
490 2315 655 2381 invidiosis
676 2316 789 2393 rebus,
811 2324 848 2380 ut
868 2317 922 2382 ille
943 2324 1049 2400 putat,
1072 2317 1230 2381 dicentem
1250 2316 1419 2381 attendite!
1462 2318 1530 2401 Ego
1551 2336 1627 2381 con·

303 2406 370 2481 sul,
392 2427 464 2473 cum
486 2409 643 2475 exercitus
665 2411 858 2493 perditorum
880 2411 995 2475 civium
1018 2410 1214 2475 clandestino
1238 2411 1357 2474 scelere
1380 2414 1533 2476 conflatus
1554 2430 1627 2476 cru·

303 2500 500 2565 deiissimum
522 2509 553 2566 et
574 2503 844 2569 luctuosissimum
864 2506 994 2591 exitium
1018 2505 1137 2588 patriae
1159 2512 1389 2588 comparasset,
1419 2504 1552 2570 eumad
1574 2525 1628 2569 oc·

303 2612 412 2658 cesum
434 2594 658 2683 interitumque
678 2599 726 2662 rei
747 2599 895 2683 publicae
910 2599 1044 2663 Catilina
1067 2599 1100 2661 in
1122 2600 1250 2673 castris,
1271 2600 1303 2662 in
1317 2599 1368 2663 his
1382 2606 1488 2663 autem
1501 2599 1628 2682 templis

266 2694 400 2772 lantque
422 2691 513 2754 tectis
534 2689 601 2755 dun
622 2692 776 2757 Lentulus
799 2702 884 2757 esset
905 2693 1111 2767 constitutus,
1133 2692 1213 2757 meis
1235 2693 1393 2769 consiliis,
1415 2694 1495 2759 meis
1513 2694 1629 2759 lahori-

302 2783 379 2858 bus,
401 2783 465 2848 mei
486 2785 598 2868 capitis
619 2786 787 2870 periculis,
810 2787 879 2851 sinc
901 2787 1059 2862 tumultu,
1081 2787 1151 2851 sine
1173 2786 1307 2861 dilectu,
1332 2787 1401 2851 sine
1423 2789 1535 2863 armis,
1557 2788 1627 2853 sine

304 2878 460 2954 exercitu,
492 2879 638 2963 quinque
665 2880 847 2945 hominihus
877 2881 1110 2964 comprehensis
1138 2887 1232 2964 atque
1262 2880 1417 2945 confessis
1443 2875 1628 2946 incensione

303 2971 430 3046 urbem,
467 2973 676 3037 internicione
708 2974 811 3051 cives,
846 2975 991 3039 vastitate
1027 2975 1166 3049 ltaliam,
1201 2975 1331 3039 interitu
1365 2995 1432 3039 rem
1468 2975 1627 3057 publicam

303 3066 449 3131 liberari:
481 3086 539 3150 ego
565 3069 660 3132 vitam
688 3069 829 3133 omnium
856 3070 991 3145 civium,
1024 3076 1139 3133 statum
1161 3068 1247 3133 orhis
1268 3078 1386 3144 terrae,
1414 3070 1524 3133 urbem
1545 3055 1627 3133 hanc

266 3160 459 3245 todenique,
480 3161 587 3227 sedem
609 3164 750 3227 omnium
771 3168 929 3237 nostrum,
951 3183 1057 3227 arcem
1078 3183 1187 3246 regum
1208 3183 1246 3227 ac
1259 3162 1423 3227 nationum
1439 3169 1629 3231 exterarum,

303 3256 410 3322 lanea
431 3256 587 3340 gentium,
610 3256 804 3320 domicilium
826 3256 950 3340 imperii
966 3259 1107 3341 quinque
1128 3257 1295 3320 hominum
1310 3258 1484 3322 amentium
1499 3278 1537 3321 ac
1557 3276 1629 3340 per-

303 3349 440 3415 ditorum
462 3370 567 3435 poena
587 3351 718 3415 redemi.
761 3347 813 3413 34.
834 3353 883 3414 An
906 3371 956 3415 me
978 3352 1165 3415 existimasti
1186 3349 1264 3414 haec
1280 3351 1449 3415 iniuratum
1462 3350 1497 3412 in
1509 3349 1629 3414 iudicio

304 3463 368 3509 non
389 3464 459 3508 esse
482 3444 657 3521 dicturum,
679 3465 761 3530 quae
783 3447 904 3510 iuratus
925 3446 958 3508 in
971 3447 1108 3509 maxima
1123 3445 1273 3509 contione
1288 3444 1460 3509 dixissem?
1488 3444 1559 3506 ΧΠ.
1574 3446 1629 3509 At-

305 3558 368 3622 que
390 3539 483 3602 etiam
505 3538 583 3602 illud
605 3537 737 3613 addam,
757 3558 799 3602 ne
821 3540 878 3624 qui
899 3539 981 3604 forte
1002 3540 1135 3622 incipiat
1155 3538 1318 3621 improbus
1340 3538 1445 3602 subito
1467 3545 1499 3601 te
1513 3557 1629 3611 amare,

267 3634 483 3718 stTorquate,
512 3640 544 3697 et
571 3633 693 3718 aliquid
721 3653 847 3718 sperare
876 3633 916 3699 de
938 3643 989 3709 te,
1011 3642 1123 3718 atque,
1145 3641 1181 3699 ut
1200 3632 1286 3696 tdem
1316 3652 1426 3698 omnes
1448 3630 1629 3707 exaudiant,

305 3727 477 3792 clarissima
497 3747 577 3792 roco
599 3728 720 3792 dicam:
752 3727 863 3792 irarum
891 3730 1031 3793 omnium
1059 3747 1181 3801 rerum,
1214 3747 1294 3811 quas
1323 3746 1384 3810 ego
1406 3729 1441 3790 in
1462 3727 1629 3791 consulatu

304 3841 363 3905 pro
393 3821 494 3886 salute
522 3822 569 3885 rei
600 3822 743 3906 publicae
772 3822 896 3906 suscepi
927 3830 1026 3907 atque
1054 3823 1155 3905 gessi,
1186 3823 1221 3884 L.
1250 3822 1305 3885 ille
1335 3824 1528 3904 Torquatus,
1557 3841 1629 3884 cam

305 3923 388 3982 esset
409 3936 499 3980 meus
521 3916 755 3981 contubernalis
777 3917 810 3980 in
833 3917 1000 3980 consulatu
1027 3922 1124 4000 atque
1152 3915 1246 3979 etiam
1275 3915 1309 3978 in
1338 3922 1485 3999 praetura
1506 3914 1629 3991 fuisset,

372 4190 396 4239 4.
414 4188 592 4239 minvs
610 4213 639 4224 -
657 4186 1630 4253 4414444444-44444444445-4.444444444.44;44444Τ-3.4444

304 4266 421 4328 spemn
445 4292 472 4301 -
496 4263 521 4315 l.
538 4263 623 4326 444444]
645 4262 689 4314 nri
709 4277 771 4316 cum
793 4263 861 4314 linea
877 4263 897 4312 T
916 4289 943 4299 -
966 4267 990 4312 ct
1005 4262 1111 4312 nominis
1127 4267 1255 4312 auctorem
1270 4275 1341 4311 444444
1357 4262 1377 4313 Β
1395 4287 1423 4297 -
1445 4274 1517 4312 acmo
1533 4263 1551 4311 S
1567 4265 1628 4313 ante

304 4341 470 4391 clodericum
486 4338 576 4391 habet.
597 4365 625 4376 -
642 4341 668 4390 ll.
686 4339 714 4390 444
728 4345 821 4390 carros
835 4339 903 4389 AV:
927 4338 954 4386 444
970 4338 1057 4387 4444444
1072 4336 1164 4395 4440,
1189 4334 1261 4400 quod
1278 4336 1410 4386 immerito
1426 4335 1543 4400 praelert
1558 4337 1628 4388 Bake

306 4416 340 4467 ad
357 4416 407 4467 Cic.
425 4417 455 4467 de
471 4418 545 4480 chp.
563 4428 590 4481 p.
609 4414 666 4466 549.
701 4417 734 4465 lt
749 4428 775 4465 v.
793 4415 848 4465 Cic.
867 4414 923 4464 Cat.
942 4426 980 4463 m.
999 4413 1014 4476 5
1030 4413 1071 4464 35.
1093 4411 1207 4462 Terentii
1224 4411 1289 4461 Eun.
1309 4412 1355 4470 ill,
1375 4411 1401 4472 4,
1419 4411 1461 4460 nl.
1480 4434 1508 4447 —
1532 4411 1557 4461 6.
1574 4424 1627 4474 rep.

305 4493 371 4543 T-
389 4491 545 4541 4444444·-
564 4489 739 4542 aliosde:
766 4487 945 4540 4444444οὰ44.
965 4489 1029 4538 4444.
1049 4515 1076 4525 -
1101 4487 1126 4536 7.
1144 4484 1322 4536 4444444441ε
1349 4485 1580 4537 cumdolooslio
1598 4512 1627 4524 -

305 4568 330 4616 8.
349 4567 480 4630 dimisso
495 4567 528 4626 B;
546 4579 596 4615 non
612 4566 739 4630 demptam
754 4563 853 4629 aliquot
869 4562 930 4614 edd.
949 4564 1013 4613 vett.
1035 4589 1062 4599 -
1081 4561 1171 4611 44444444
1186 4562 1203 4610 S
1221 4585 1249 4595 -
1269 4560 1293 4609 ll.
1312 4560 1394 4610 adeste
1409 4559 1504 4610 TVB:
1523 4561 1631 4612 4444444444

307 4642 394 4692 ao-
414 4641 553 4703 4444444444
569 4653 651 4690 moer
667 4640 742 4702 puiV
755 4665 782 4674 -
802 4638 893 4688 adestis
903 4638 981 4687 TVB
991 4639 1022 4686 S:
1041 4636 1131 4686 44444444
1145 4647 1249 4696 corpore
1265 4632 1326 4684 cod.
1339 4633 1454 4693 l’ltlroei;
1473 4635 1564 4685 44444444
1572 4649 1631 4686 cor-

302 4717 406 4779 poribus
422 4716 441 4765 0
459 4717 486 4766 et
501 4714 601 4780 allquot
622 4714 778 4766 deteriores.
799 4739 826 4747 -
854 4712 893 4761 ltl.
911 4724 971 4775 erpo
987 4711 1011 4757 V
1028 4736 1055 4745 -
1073 4721 1225 4772 mopsopcrc
1241 4708 1303 4758 mei.
1324 4734 1352 4744 -
1378 4708 1419 4758 ts.
1433 4709 1581 4770 perdier
1600 4737 1628 4748 -

307 4791 346 4842 43.
364 4791 580 4855 444444444444444
595 4791 632 4850 Vl
649 4789 870 4854 populosissima
886 4789 905 4837 Β
924 4800 965 4851 pr.
984 4799 1021 4835 m.
1039 4811 1066 4821 -
1085 4785 1126 4836 44.
1144 4784 1268 4834 cultellos
1284 4784 1306 4831 V
1325 4810 1352 4820 —
1371 4784 1412 4834 44.
1429 4795 1462 4833 ss
1477 4785 1545 4834 tectis
1559 4787 1581 4836 V
1600 4811 1627 4821 -

307 4866 348 4916 46.
363 4867 469 4928 periculi
485 4867 507 4915 V
527 4892 554 4901 -
572 4865 662 4915 dilectu
678 4865 701 4914 V
717 4866 745 4914 et
762 4861 854 4914 Lamb.
871 4863 898 4911 in
914 4874 1012 4922 marga
1035 4859 1128 4910 delectu
1143 4859 1219 4908 TliO
1237 4884 1265 4894 -
1285 4858 1325 4908 ll.
1343 4857 1565 4921 confessiva,
1584 4860 1627 4911 ed.

307 4940 385 4992 ills:
404 4942 521 5004 consumis
537 4941 592 4990 SO.
619 4940 729 4990 Vldetnr
745 4939 859 5001 confisis
875 4936 946 4987 idem
965 4947 1025 4985 esse
1042 4934 1114 4997 quod
1132 4936 1165 4983 sd
1181 4933 1355 4996 emmonem
1371 4933 1482 4995 44444444,
1500 4937 1530 4984 44
1545 4938 1587 4987 est
1602 4937 1629 4986 in

306 5028 345 5066 or.
364 5029 412 5081 pro
429 5017 513 5067 Sestio
529 5015 545 5079 5
562 5017 603 5067 844.
623 5042 652 5053 -
678 5016 718 5067 48.
736 5013 806 5064 ardis
821 5015 840 5063 B
860 5037 887 5049 -
910 5011 1143 5065 lotemicioueTV:
1162 5010 1320 5059 4444444444
1335 5010 1367 5069 S;
1384 5009 1549 5060 iomcicuc
1564 5011 1627 5071 B0;

305 5093 491 5154 coemptione
512 5090 612 5155 aliquot
632 5090 697 5141 dett.
718 5115 747 5127 ·-
769 5103 823 5151 rep.
841 5087 943 5137 44444444
959 5086 979 5135 Τ
999 5113 1033 5122 -
1058 5086 1098 5135 49.
1117 5086 1231 5136 4444444444
1246 5086 1268 5134 V
1284 5113 1318 5122 -
1342 5085 1383 5136 44.
1402 5098 1433 5136 oc
1449 5085 1493 5146 qui
1508 5085 1628 5135 ATVS:

305 5180 337 5216 nc
353 5167 442 5230 qadsB
463 5194 489 5203 -
516 5164 671 5228 inprobari
690 5190 717 5199 —
736 5165 777 5213 25.
796 5162 870 5226 idem]
889 5162 954 5212 idem
970 5161 1058 5224 vulgo.
1082 5162 1146 5212 Esse
1163 5162 1228 5212 44444
1244 5162 1436 5212 nominativum
1453 5162 1557 5210 numeri
1574 5158 1631 5225 pln-

306 5240 368 5293 ralis
389 5240 450 5303 (vid.
469 5253 548 5304 supra
565 5254 591 5290 v.
609 5240 633 5303 8)
656 5238 811 5304 Spengellus
832 5238 933 5304 primam
957 5235 1090 5287 intellexit.
1125 5238 1205 5288 Recte
1224 5238 1304 5287 etiam
1326 5235 1397 5300 epod
1415 5237 1521 5287 Festum
1538 5249 1564 5300 p.
1583 5237 1631 5288 tao

306 5314 393 5367 lluell.
412 5329 441 5366 se
459 5316 552 5365 hebet:
577 5328 661 5366 444444
675 5315 740 5364 idem
757 5316 803 5376 (sc.
817 5313 907 5374 iidem)
924 5326 1004 5375 aspra
1023 5313 1177 5376 pontifices,
1204 5315 1232 5363 et
1253 5322 1395 5377 perperam
1416 5309 1557 5362 Muellerus
1572 5313 1631 5363 44444

306 5390 437 5458 praetulit.
455 5418 489 5429 --
504 5391 546 5440 46.
564 5405 650 5440 recum
666 5391 777 5440 4444444444
787 5390 809 5436 V
825 5386 906 5438 solus.
921 5414 949 5422 -
967 5387 1009 5437 27.
1027 5387 1107 5437 444444
1122 5389 1160 5438 rei
1172 5387 1288 5450 publicus
1298 5387 1361 5437 TV:
1380 5393 1464 5436 444444
1480 5387 1582 5450 quirites
1591 5402 1631 5438 sc·

306 5468 356 5517 late
371 5468 406 5527 ll;
424 5468 549 5516 conmuni
564 5468 643 5517 solute
659 5467 688 5526 S;
707 5467 786 5516 salute
802 5463 880 5516 codd.
899 5463 957 5518 elii;
975 5464 1054 5515 444444
1069 5462 1194 5512 emanuel
1211 5463 1231 5512 0
1247 5490 1281 5498 —
1297 5465 1373 5522 atque
1388 5462 1479 5512 TVB:
1498 5467 1521 5512 el
1537 5464 1631 5514 RO—

307 5541 348 5592 28.
365 5541 442 5603 onus]
459 5542 499 5590 illc
509 5542 529 5591 T
540 5569 573 5578 —
588 5543 615 5591 44
631 5543 761 5592 conclus
771 5567 786 5578 -
794 5567 808 5578 -
818 5540 922 5604 rtprslser
937 5544 997 5589 esset
1012 5537 1154 5602 4444444444]
1172 5538 1211 5587 sic
1221 5534 1305 5587 verba
1322 5536 1349 5586 in
1360 5536 1411 5586 TV
1428 5537 1547 5589 ordinata
1559 5541 1629 5599 sunt,

308 5629 376 5681 quae
394 5617 420 5666 ln
438 5615 515 5666 codd.
534 5616 642 5682 reliquis
659 5619 757 5668 misere
774 5615 879 5666 turbata
896 5613 1031 5677 leguntur,
1054 5613 1101 5663 sed
1124 5615 1150 5664 in
1167 5615 1187 5663 T
1204 5614 1266 5678 post
1281 5611 1411 5661 canollata
1426 5612 1509 5664 verba
1522 5628 1571 5676 pro
1586 5628 1631 5664 so-

308 5691 358 5743 4444
373 5691 491 5754 reipubl.
509 5694 604 5756 auceps·
625 5698 700 5755 atquc
719 5693 791 5757 pessi.
817 5692 846 5741 l.
864 5691 905 5740 ille
920 5695 1053 5752 orqomos
1068 5701 1125 5738 44444
1140 5692 1200 5738 esset
1215 5699 1285 5736 444444
1300 5685 1349 5747 (sic
1366 5684 1392 5735 h.
1406 5685 1433 5747 l.)
1450 5688 1633 5738 44444444πώ

307 5769 336 5819 in
350 5770 460 5833 conflato
477 5767 524 5830 (sic
541 5769 567 5818 in
584 5766 642 5818 loco
659 5766 779 5831 repetito)
797 5766 894 5817 iterum
912 5767 1010 5832 scripta
1028 5765 1163 5829 leguntur:
1185 5765 1212 5813 44
1233 5763 1364 5813 consodates
1382 5776 1440 5813 cum
1454 5764 1558 5828 44444444
1572 5768 1633 5813 emt

308 5856 365 5893 44444
376 5843 494 5905 princeps
507 5843 641 5893 immacu
656 5848 731 5906 elque
744 5846 868 5906 proclam
883 5841 977 5904 4444444.
995 5846 1071 5891 mator
1087 5841 1188 5890 adiutor
1202 5840 1329 5902 particeps
1343 5839 1426 5888 estitit
1441 5840 1476 5898 B;
1499 5839 1527 5888 lo
1542 5851 1633 5888 coms·

308 5917 364 5971 toto
379 5931 436 5970 csm
451 5918 554 5987 ripnlfer
570 5924 630 5970 44444
644 5918 777 5970 luventatis
792 5922 869 5981 atquc
883 5918 911 5967 44
925 5922 1032 5977 pretore
1044 5916 1130 5980 [444444
1139 5919 1228 5966 metor
1237 5915 1340 5965 44444444
1345 5913 1474 5979 particeps
1482 5914 1633 5966 4444444444»
