3800 7350
311 1204 393 1278 4358
730 1214 881 1278 ORATIO
903 1213 1127 1281 PHILIPPICA
1148 1217 1204 1279 Xl.

310 1386 400 1447 ouius
431 1384 650 1467 possessiones
684 1392 779 1467 atque
810 1384 953 1448 fortunas
982 1406 1047 1448 non
1078 1385 1369 1469 impudentissimos
1392 1382 1501 1447 oculos
1524 1401 1584 1465 spe
1607 1387 1639 1443 et

310 1487 416 1541 mente
445 1478 605 1559 deligeret
649 1474 700 1540 ll.
723 1478 807 1553 Quid
839 1480 1067 1542 Censorinum?
1098 1480 1152 1562 qui
1180 1499 1214 1541 se
1247 1479 1342 1540 verbo
1363 1483 1541 1560 praetorem
1566 1494 1637 1538 esse

309 1572 461 1633 urbanum
492 1592 607 1651 cupere
630 1571 768 1645 dicebat,
799 1592 832 1635 re
856 1580 939 1635 certe
962 1572 1075 1635 noluit
1114 1571 1198 1647 Quid
1220 1571 1380 1633 Restiaml
1410 1570 1464 1654 qui
1487 1569 1637 1633 consula-

308 1672 373 1726 tum
403 1665 435 1726 in
456 1665 542 1726 Bruti
564 1665 668 1727 locum
691 1687 725 1727 se
747 1674 856 1747 petere
879 1663 1059 1748 profitetur:
1089 1674 1184 1748 atque
1212 1666 1272 1727 boc
1295 1664 1423 1747 quidem
1447 1663 1637 1727 detestabile

284 1762 402 1820 tomen
430 1764 550 1820 avertat
576 1759 736 1841 luppiterl
778 1758 879 1834 Quam
909 1758 1079 1821 absurdum
1101 1768 1223 1832 autem,
1255 1759 1309 1842 qui
1331 1766 1458 1841 praetor
1480 1753 1548 1820 fieri
1571 1777 1636 1819 non

307 1850 460 1932 potuerit,
487 1858 594 1932 petere
617 1872 690 1913 eum
717 1852 933 1916 consulatuml
963 1853 1024 1915 nisi
1046 1851 1125 1914 forte
1149 1851 1382 1915 damnationem
1404 1871 1462 1933 pro
1486 1856 1637 1932 praetura

307 1951 407 2024 putat.
442 1943 531 2006 Alter
553 1945 666 2008 Caesar
690 1946 844 2029 Vopiscus
865 1946 919 2007 ille
942 1966 1065 2008 summo
1087 1946 1233 2026 ingenio,
1256 1965 1377 2008 summa
1397 1945 1557 2026 potentia,
1580 1942 1635 2026 qui

306 2057 346 2099 ex
376 2037 536 2101 aedilitate
558 2039 756 2101 consulatum
778 2039 873 2121 petit,
904 2039 1044 2101 solvatur
1065 2039 1205 2122 legibus:
1236 2058 1428 2121 quamquam
1451 2038 1538 2121 leges
1562 2057 1636 2100 eum

306 2151 371 2194 non
393 2139 503 2194 teuent
523 2144 652 2215 propter
672 2134 838 2206 eximiam,
866 2133 978 2207 credo,
1002 2133 1196 2215 dignitatem.
1233 2136 1273 2195 At
1294 2132 1346 2194 bic
1368 2152 1418 2194 me
1441 2130 1635 2194 defendente

269 2226 477 2309 ⁴⁰quinquies
498 2226 662 2289 absolutus
684 2233 748 2289 est:
772 2233 862 2289 sexta
883 2226 989 2309 palma
1003 2228 1122 2289 urbana
1137 2228 1231 2289 etiam
1246 2227 1279 2288 in
1295 2226 1468 2307 gladiatore
1485 2221 1633 2287 difficilis.

307 2318 369 2381 Sed
397 2319 476 2381 baec
503 2320 643 2382 iudicum
673 2320 783 2403 culpa,
813 2340 877 2382 non
909 2339 979 2381 mea
1001 2326 1059 2382 est.
1096 2322 1163 2402 Ego
1185 2318 1313 2382 defendi
1337 2315 1398 2381 fide
1421 2317 1559 2401 optima:
1587 2316 1636 2378 illi

306 2413 483 2474 debuerunt
504 2411 710 2475 clarissimum
734 2420 766 2476 et
786 2414 1088 2496 praestantissimum
1104 2422 1282 2476 senatorem
1296 2413 1328 2474 in
1345 2413 1471 2475 civitate
1486 2410 1637 2474 retinere.

307 2505 370 2580 Qui
403 2513 507 2567 tamen
539 2525 623 2569 nunc
651 2506 730 2571 nihil
758 2507 845 2569 aliud
874 2527 967 2589 apere
997 2507 1139 2581 videtur,
1172 2506 1234 2569 nisi
1256 2513 1291 2569 ut
1312 2505 1525 2587 intelligamus
1547 2505 1636 2577 illos,

306 2619 439 2683 quorum
470 2618 520 2661 res
550 2599 703 2663 iudicatas
724 2601 828 2663 irritas
850 2600 1001 2676 fecimus,
1029 2601 1111 2664 bene
1135 2608 1166 2663 et
1188 2621 1205 2663 e
1227 2620 1261 2662 re
1283 2598 1410 2682 publica
1431 2598 1636 2661 iudicavisse.

269 2689 356 2755 uta
379 2695 490 2775 Neque
512 2692 573 2755 hoc
597 2693 629 2755 iu
651 2693 712 2757 boc
735 2715 798 2758 uno
821 2704 885 2757 est:
916 2704 990 2758 sunt
1018 2695 1072 2757 alii
1095 2696 1128 2757 in
1149 2695 1249 2757 isdem
1272 2694 1381 2755 castris
1403 2691 1538 2753 honeste
1561 2711 1637 2754 444ό

306 2788 461 2859 damnati,
490 2787 625 2868 turpiter
645 2788 793 2850 restituti.
837 2788 931 2864 Quod
955 2789 1069 2851 borum
1090 2788 1272 2861 consilium,
1295 2786 1349 2868 qui
1373 2785 1519 2848 omnibus
1540 2784 1636 2847 bonis

304 2878 412 2943 hostes
434 2886 525 2952 suut,
547 2880 609 2941 uisi
632 2879 885 2944 crudelissimum
909 2884 1027 2963 putatis
1048 2881 1136 2945 foret
1165 2881 1294 2945 Accedit
1315 2882 1399 2943 Saxa
1420 2878 1530 2941 nescio
1553 2879 1636 2961 quis,

304 2993 400 3056 quem
429 2974 521 3035 nobis
553 2974 667 3037 Caesar
696 2994 736 3037 ex
757 2974 867 3036 ultima
891 2975 1059 3039 Celtiberia
1080 2975 1239 3039 tribunum
1262 2974 1305 3057 pl.
1327 2973 1430 3047 dedit,
1460 2980 1637 3036 castrorum

305 3074 397 3129 antea
419 3074 569 3141 metator,
592 3087 693 3140 nunc,
715 3074 751 3130 ut
772 3076 894 3150 sperat,
916 3070 1019 3132 urbis:
1042 3090 1060 3132 a
1082 3091 1146 3153 qua
1161 3091 1230 3132 cum
1246 3069 1286 3131 sit
1301 3068 1440 3141 alienus,
1463 3086 1522 3130 suo
1538 3065 1636 3149 capiti

267 3159 400 3224 usaivis
423 3161 513 3223 nobis
535 3161 703 3223 ominetur.
741 3160 818 3223 Cum
841 3161 901 3225 boc
922 3170 1090 3226 veteranus
1114 3163 1207 3237 Cafo,
1230 3183 1294 3246 quo
1317 3164 1475 3224 neminem
1490 3160 1636 3224 veterani

305 3254 397 3336 peius
419 3254 563 3316 oderunt.
604 3254 661 3316 llis
684 3256 776 3338 quasi
798 3264 922 3337 praeter
943 3257 1067 3330 dotem,
1096 3276 1190 3338 quam
1212 3256 1244 3318 iu
1267 3251 1522 3318 civilibus'malis
1544 3275 1636 3318 aoce-

305 3356 431 3432 peraut,
453 3367 562 3430 agrum
587 3346 778 3429 Campanum
802 3358 851 3412 est
871 3349 1003 3433 largitus
1018 3351 1189 3423 Antonius,
1211 3358 1247 3412 ut
1267 3349 1421 3412 baberent
1438 3350 1635 3433 reliquorum

305 3440 479 3503 nutriculas
509 3440 720 3522 praediorum.
767 3441 892 3517 Quibus
915 3444 1037 3507 utinam
1059 3444 1198 3506 conteuti
1222 3443 1344 3506 essentl
1373 3444 1544 3518 ferremus,
1575 3442 1635 3506 etsi

304 3534 467 3597 tolerabile
496 3555 560 3598 non
587 3542 668 3625 erat,
704 3536 760 3597 sed
789 3537 915 3619 quidvis
946 3539 1130 3619 patiendum
1156 3536 1231 3611 fuit,
1263 3545 1299 3599 ut
1327 3536 1387 3600 boc
1417 3538 1633 3600 taeterrimum

271 3628 424 3693 tabellum
447 3648 511 3691 nou
532 3629 730 3693 haberemus.

390 3725 443 3787 VI.
466 3720 516 3785 l3.
541 3723 647 3798 Quid‘t
669 3723 725 3785 illa
747 3731 918 3788 castrorum
941 3725 983 3787 II.
997 3725 1129 3787 Antonii
1151 3725 1288 3801 lumina,
1310 3737 1415 3789 nou'ue
1434 3731 1509 3790 ante
1524 3724 1634 3789 oculos

305 3819 507 3902 proponitis?
537 3817 676 3881 Primum
706 3816 785 3880 duos
807 3817 943 3900 collegas
965 3818 1175 3881 Antoniorum
1197 3826 1229 3882 et
1249 3819 1449 3894 Dolabellae,
1477 3821 1634 3883 Nuculam

306 3920 338 3975 et
368 3913 559 3986 Lentonem,
590 3911 699 3975 Italiac
729 3910 886 3975 divisores
914 3911 985 3994 lege
1014 3931 1068 3986 ea,
1100 3908 1199 3996 quam
1226 3920 1351 3976 senatus
1372 3914 1514 3996 pervim
1537 3915 1633 3977 latam

305 4005 474 4069 iudicavit:
504 4025 639 4088 quorum
661 4004 741 4068 alter
762 4013 991 4068 commentatus
1014 4014 1062 4069 est
1083 4007 1213 4081 mimos,
1241 4006 1320 4069 alter
1341 4008 1406 4090 egit
1426 4008 1634 4091 tragoediam.

266 4100 390 4176 aoQuid
413 4100 517 4164 diuam
539 4101 578 4163 de
599 4101 702 4184 Apulo
723 4099 888 4164 Domitiot
910 4100 1000 4163 cuius
1021 4099 1118 4165 modo
1140 4101 1224 4164 bona
1244 4102 1421 4185 proscripta
1439 4101 1524 4165 vidi:
1547 4108 1635 4165 tanta

371 4403 394 4451 4.
413 4399 626 4462 inpudentissima
636 4397 659 4444 V
673 4423 699 4432 -
718 4397 743 4447 4.
756 4397 809 4459 quit
821 4398 841 4445 V
854 4424 881 4433 -
898 4412 925 4461 p.
938 4413 961 4448 r.
976 4413 1005 4458 a;
1022 4399 1177 4461 praesectum
1193 4402 1241 4463 gt,
1260 4399 1307 4450 sed
1320 4413 1336 4462 g
1348 4399 1436 4450 addtto
1449 4401 1538 4463 populi
1550 4403 1593 4453 lto.
1604 4428 1631 4436 -

303 4477 329 4527 3.
342 4490 371 4526 re
386 4481 484 4526 cetere
497 4474 655 4524 Mommsen.
668 4499 695 4508 -
715 4471 739 4522 4.
752 4485 777 4521 se
793 4472 889 4522 Dante
906 4475 1061 4523 comulatam
1077 4473 1186 4524 babent.
1199 4498 1226 4510 -
1246 4477 1270 4524 4.
1288 4488 1358 4525 omne
1374 4479 1385 4524 t
1403 4502 1430 4512 -
1448 4477 1542 4538 tupiter
1558 4476 1632 4527 abo

304 4553 365 4615 (inp.
381 4547 518 4611 auertath
539 4572 567 4585 -
586 4547 693 4597 absurde
708 4547 731 4596 V
748 4572 775 4583 -
798 4553 904 4610 praetor
917 4562 943 4611 p.
957 4562 980 4598 r.
992 4551 1048 4613 peri
1065 4549 1082 4598 b
1103 4578 1130 4587 -
1149 4551 1173 4599 4.
1189 4555 1240 4613 pet.
1257 4564 1313 4599 eum
1330 4551 1399 4601 mei:
1422 4564 1478 4601 eum
1491 4558 1542 4614 pet.
1561 4554 1581 4602 Ο
1601 4579 1629 4590 -

304 4626 489 4676 damantionem
501 4637 551 4687 pro
565 4628 688 4686 praetura
703 4622 741 4671 V:
759 4623 937 4685 dampnatione
955 4637 1006 4686 pp.
1024 4638 1048 4675 r.
1067 4626 1091 4682 t;
1110 4625 1232 4686 dampnat
1248 4625 1323 4673 ettam
1339 4639 1357 4674 a
1372 4625 1442 4674 uobis
1460 4641 1494 4688 p.
1510 4641 1534 4690 q.
1552 4642 1576 4677 r.
1595 4626 1630 4685 b;

304 4701 454 4762 dampnatus
470 4714 487 4748 a
503 4698 573 4748 nobis
585 4699 726 4761 populoque
741 4712 765 4748 r.
783 4711 865 4761 ag·
884 4701 909 4750 7.
924 4704 1001 4762 putat
1017 4712 1070 4749 orn.
1084 4712 1101 4761 g
1113 4725 1140 4735 -
1160 4700 1234 4749 aliter
1249 4711 1302 4748 a-
1322 4699 1424 4764 Caesar]
1442 4699 1527 4765 ιῗσως
1538 4703 1630 4754 Caeso·

303 4780 421 4828 Muretus
438 4777 464 4826 in
483 4773 604 4838 exemplo
621 4787 680 4835 suo,
700 4774 770 4838 quod
782 4776 879 4824 Romae
898 4777 1052 4825 asservatur
1068 4776 1094 4824 iu
1110 4773 1270 4824 bibliotheca
1288 4773 1389 4838 collegii
1406 4776 1531 4838 Romani3
1551 4781 1578 4828 at
1596 4780 1630 4830 cl.

303 4852 441 4902 Weichert
456 4850 489 4899 ad
506 4851 571 4899 Poet.
590 4850 647 4898 Lat,
658 4848 710 4919 trel.
731 4861 756 4912 p.
776 4850 823 4900 448
840 4853 894 4899 not.
908 4850 948 4900 30.
964 4876 990 4885 -
1013 4851 1129 4913 Vopiscus
1145 4849 1186 4898 iile
1202 4849 1237 4896 V:
1256 4848 1381 4898 uobiscum
1397 4849 1486 4914 (uobis)
1503 4853 1575 4902 boeto
1593 4854 1630 4912 ὓς

305 4927 421 4988 Vopiscm
436 4925 477 4974 ttle
492 4924 564 4974 bomo
580 4923 627 4972 40.
652 4922 691 4974 Cf.
710 4923 902 4974 Schneiderum
920 4925 946 4974 in
964 4925 1036 4975 laha.
1056 4928 1122 4974 Aun.
1141 4937 1201 4973 nov.
1220 4921 1277 4973 Vol.
1297 4921 1343 4985 ll,
1362 4937 1388 4988 p.
1407 4922 1464 4975 ll3.
1480 4954 1506 4962 -
1525 4929 1633 4990 444444

304 5013 320 5051 4
338 5026 365 5036 -
385 5000 409 5049 8.
428 4999 583 5049 consulatum
596 4998 658 5060 petit
674 4998 790 5047 saluatur
806 4999 840 5056 V;
860 5000 894 5048 ad
909 5001 1065 5050 consulatum
1081 4999 1195 5049 soluatur
1211 4999 1232 5048 D
1253 5025 1279 5034 -
1298 5010 1452 5061 quamquam
1468 5001 1532 5065 lepos
1548 5016 1631 5053 omo

306 5101 334 5113 -
352 5076 377 5125 9.
395 5076 526 5125 tenentb:
546 5073 842 5135 teneantV-propter
857 5076 1119 5125 eoeimiamom.D-
1140 5076 1173 5123 ad
1189 5074 1228 5123 bic
1244 5074 1308 5123 V·
1327 5073 1514 5124 44444441-
1534 5077 1573 5127 43.
1588 5078 1632 5140 qui

303 5155 386 5200 tamen
403 5162 526 5200 om.a-
545 5149 608 5198 aliut
625 5160 673 5211 ape
689 5148 798 5197 V-ut
814 5161 867 5198 om.
885 5163 900 5199 a
920 5176 947 5185 -
967 5150 1022 5199 ittos
1037 5150 1129 5199 iudices
1145 5161 1206 5210 quos
1221 5160 1293 5197 resa
1312 5173 1339 5183 -
1359 5145 1399 5199 44.
1417 5149 1588 5199 inritasv-
1608 5157 1632 5201 et

302 5239 316 5275 e
333 5221 454 5288 abgV²:
474 5238 487 5275 e
503 5236 556 5273 om.
572 5220 616 5281 V¹;
635 5223 665 5272 de
681 5224 692 5271 t
710 5250 736 5259 -
753 5223 883 5285 pubiiceV
897 5251 923 5260 —
942 5225 1065 5273 iudicasse
1079 5222 1138 5272 b-
1159 5224 1198 5272 45.
1212 5235 1304 5285 nequeo
1314 5222 1345 5282 V,
1364 5235 1433 5285 quae
1451 5222 1519 5274 duae
1535 5223 1631 5275 lectio-

302 5312 351 5350 nes
368 5299 489 5350 diversae
507 5297 631 5348 aldentur
646 5310 724 5359 nepae
742 5302 769 5348 et
784 5312 829 5349 nec
841 5324 869 5333 -
888 5300 965 5350 isdem
976 5299 997 5346 V
1007 5302 1033 5348 t:
1051 5298 1144 5347 iisdem
1160 5296 1202 5346 ab
1213 5310 1243 5360 ες
1261 5298 1350 5348 eisdem
1367 5298 1404 5347 40
1418 5325 1444 5334 -
1457 5301 1631 5362 condempnati

302 5375 392 5438 Vagt
410 5400 438 5410 -
457 5375 498 5425 to.
517 5374 586 5424 bonis
602 5386 656 5423 om.
675 5375 686 5422 t
704 5399 730 5409 -
755 5374 794 5423 47.
811 5375 896 5436 puteis
911 5374 933 5422 V
952 5399 979 5410 -
1004 5373 1044 5424 48.
1063 5372 1198 5422 emiseno
1217 5373 1254 5422 ,44.
1273 5373 1299 5421 Ρ.
1318 5372 1383 5422 dedit
1399 5373 1422 5420 V
1440 5400 1466 5408 -
1488 5375 1527 5424 49.
1545 5380 1574 5425 ut
1590 5377 1628 5424 V:

301 5450 329 5499 ui
345 5452 367 5500 l)
381 5476 408 5488 -
426 5449 513 5500 urbem
528 5448 637 5512 abg-
657 5448 820 5499 dimissimus
835 5449 915 5511 captis
931 5448 988 5498 aliis
1003 5447 1074 5496 nobis
1092 5460 1133 5510 ag
1146 5473 1173 5483 -
1192 5448 1282 5510 capitis
1298 5448 1361 5496 V-
1380 5448 1421 5498 20.
1435 5447 1558 5498 mutemur
1575 5449 1630 5500 Vb¹

302 5524 333 5587 (V
349 5523 432 5575 habet
447 5526 474 5574 in
489 5524 516 5574 in
529 5525 606 5586 rasi:
625 5523 765 5574 domtnetar
780 5519 877 5587 agtb’
889 5549 917 5560 -
935 5523 976 5573 at.
991 5521 1071 5586 peius]
1088 5523 1159 5584 petis
1175 5525 1185 5572 t
1203 5547 1231 5558 -
1249 5521 1361 5572 4444444444
1376 5523 1399 5572 V
1412 5548 1439 5559 -
1457 5523 1500 5573 44.
1518 5523 1629 5586 letique-

301 5601 437 5650 esnnV-
456 5601 497 5651 23.
513 5601 670 5664 perditonem
686 5613 701 5650 a
718 5627 745 5637 -
763 5606 841 5651 essent
855 5601 889 5650 V:
910 5612 961 5651 esse
978 5604 1076 5662 possent
1091 5600 1113 5648 4)
1128 5625 1155 5636 -
1172 5599 1281 5662 [eremias
1296 5602 1320 5658 t;
1338 5597 1462 5660 terrena
1482 5623 1509 5634 -
1527 5598 1568 5649 44.
1588 5599 1630 5648 de·

301 5676 432 5725 terrim
449 5678 510 5737 (om
529 5675 625 5738 bedam)
643 5687 706 5725 a
724 5674 766 5724 46.
783 5675 864 5725 marei
880 5675 915 5734 V;
933 5687 988 5724 om
1007 5676 1070 5724 D
1088 5676 1145 5726 Ant.
1164 5687 1300 5739 om.-g
1273 5674 1439 5724 at-ev—
1459 5675 1501 5724 27.
1517 5687 1628 5737 praepo-

301 5751 361 5799 edtis
376 5763 458 5814 ag·
475 5750 640 5801 Antoniorum
655 5751 709 5800 Vt·
728 5751 825 5800 antonii
841 5750 947 5815 abg-
967 5751 1008 5802 48.
1026 5750 1116 5801 ltaliae
1132 5764 1257 5801 om.-a
1229 5751 1316 5802 -49
1333 5763 1439 5812 mmm
1456 5750 1522 5800 aiter
1537 5762 1626 5800 ronan.

302 5825 486 5875 44444441·-
458 5826 670 5876 -mienasa-
643 5823 730 5875 -.34
748 5824 890 5887 abpaiaV;
907 5825 1055 5890 444444-
1027 5825 1303 5896 fmodobonaVa:
1321 5824 1624 5888 bonamodobgto-

302 5899 403 5950 nidiV:
420 5899 609 5961 dammum
628 5899 662 5951 44
678 5911 707 5964 p
724 5898 799 5964 4349
816 5898 842 5950 3
