3800 7350
675 1160 750 1223 cn.
771 1157 973 1221 xri-xm.
998 1153 1044 1238 ss
1066 1151 1214 1219 ar-aa.
1523 1147 1605 1215 coer

282 1333 367 1417 apud
396 1340 556 1405 senatum,
585 1351 603 1393 a
634 1349 698 1413 quo
724 1336 853 1392 ornatus
876 1328 944 1389 estl
973 1346 1012 1389 an
1036 1324 1105 1387 dies
1126 1332 1221 1405 auget
1243 1323 1310 1387 elus
1332 1321 1538 1397 desiderium,
1567 1343 1607 1386 an

282 1427 382 1509 magis
415 1425 623 1497 oblivionem,
657 1443 693 1485 ac
723 1422 828 1485 laurea
858 1421 911 1484 illa
940 1419 1063 1501 magnis
1093 1417 1243 1501 periculis
1265 1424 1354 1499 parta
1376 1416 1493 1480 amittit
1513 1416 1609 1499 longo

281 1519 450 1584 intervallo
479 1518 693 1581 viriditatem?
734 1516 838 1590 Quare
867 1518 891 1577 si
924 1516 979 1597 qui
1009 1512 1171 1575 homlnem
1194 1529 1258 1572 non
1280 1509 1432 1592 diligunt,
1459 1508 1539 1575 nibil
1562 1516 1610 1571 est

283 1613 369 1698 quod
392 1634 464 1677 eum
487 1611 526 1672 de
550 1610 709 1693 provincia
731 1609 897 1673 devocent.
926 1607 973 1668 ad
996 1605 1128 1688 gloriam
1152 1603 1323 1676 devocant,
1345 1604 1385 1665 ad
1402 1603 1610 1687 triumphum,

282 1708 323 1771 ad
345 1705 602 1791 gratulationem,
631 1703 670 1765 ad
695 1722 849 1764 summum
873 1701 1026 1763 bonorem
1050 1707 1196 1770 senatus,
1219 1697 1377 1780 equestris
1399 1697 1519 1762 ordinis
1541 1714 1634 1780 gra-a

282 1802 375 1875 tiam,
398 1798 507 1884 populi
530 1798 701 1860 caritatem.
745 1791 795 1855 30.
820 1795 881 1855 Sed
904 1796 930 1857 si
953 1794 1007 1855 ille
1029 1793 1088 1855 hac
1112 1800 1175 1854 tam
1198 1791 1314 1853 eximia
1334 1789 1461 1854 fortuna
1481 1800 1612 1874 propter

284 1895 452 1957 utilitatem
473 1892 518 1955 rei
540 1889 685 1975 publicae
707 1888 765 1951 frui
791 1908 854 1950 non
877 1894 1043 1970 properat,
1076 1894 1113 1947 ut
1135 1884 1242 1948 omnia
1263 1883 1317 1946 illa
1339 1881 1500 1959 conficiat,
1531 1884 1610 1969 quid

284 2008 343 2070 ego
365 1994 491 2051 senator
513 1984 615 2048 lacere
639 1983 756 2056 debeo,
780 2001 893 2065 quem,
917 1982 1011 2044 etiam
1035 1981 1060 2043 si
1085 1980 1139 2042 ille
1161 1978 1246 2043 aliud
1265 1977 1377 2053 vellet,
1399 1978 1612 2062 reipublicae

284 2079 447 2145 consulere
470 2079 655 2163 oporteret?

368 2174 436 2256 Ego
457 2192 532 2234 vero
554 2169 602 2235 ric
629 2169 790 2252 intelligo,
819 2177 922 2251 patres
945 2167 1130 2250 conscripti,
1160 2187 1218 2231 nos
1240 2166 1302 2229 hoc
1322 2176 1464 2249 tempore
1486 2167 1518 2229 in
1541 2184 1649 2251 pro-to

287 2267 399 2331 vinciis
421 2263 630 2329 decernendis
652 2272 824 2345 perpetuae
845 2264 932 2345 pacis
954 2261 1072 2324 habere
1088 2269 1234 2344 oportere
1257 2262 1429 2323 rationem:
1452 2279 1525 2323 nam
1539 2262 1612 2342 quis

285 2359 346 2424 boc
377 2377 442 2422 non
471 2358 582 2430 sentit,
616 2357 718 2419 omnia
749 2354 811 2418 alia
841 2376 910 2418 esse
942 2355 1035 2418 nobis
1057 2374 1155 2417 vacua
1181 2355 1220 2417 ab
1243 2354 1329 2417 omni
1352 2352 1495 2436 periculo
1517 2362 1612 2435 atque

287 2453 383 2515 etiam
412 2451 591 2534 suspicione
622 2449 723 2511 bellil
765 2444 817 2511 tl.
840 2451 904 2511 lam
935 2450 989 2512 diu
1021 2466 1106 2510 mare
1136 2447 1278 2512 videmus
1306 2447 1384 2510 illud
1414 2446 1612 2520 immensum,

287 2546 378 2608 cuius
399 2543 522 2606 terrore
545 2562 608 2605 non
632 2541 734 2604 solum
757 2542 903 2605 maritimi
927 2562 1054 2615 cursus,
1077 2542 1132 2604 sed
1156 2542 1251 2605 urbes
1269 2543 1363 2604 etiarn
1386 2549 1418 2604 et
1439 2542 1511 2605 viae
1534 2541 1613 2603 mili·

287 2648 370 2701 tares
403 2637 464 2699 iam
498 2636 704 2710 tenebantur,
737 2638 850 2701 virtute
881 2635 936 2698 Cn.
959 2636 1099 2718 Pompeii
1134 2637 1179 2699 sic
1207 2655 1226 2698 a
1258 2634 1378 2718 populo
1406 2636 1548 2698 llomano
1573 2636 1651 2698 abrs

287 2733 415 2796 Oceano
434 2751 537 2815 usque
560 2731 600 2794 ad
622 2730 767 2794 ultimum
790 2732 924 2792 Pontum
954 2738 1115 2814 tamquam
1138 2749 1237 2793 unum
1257 2728 1396 2812 aliquem
1418 2737 1542 2812 portum
1565 2739 1614 2793 tu-

287 2835 354 2889 tum
376 2833 408 2888 et
429 2824 570 2889 clausum
594 2825 714 2887 teneri:
743 2826 888 2887 nationes
910 2842 980 2898 eas,
1008 2843 1090 2906 quae
1111 2842 1244 2889 numero
1264 2821 1427 2887 bominum
1449 2845 1487 2888 ac
1508 2825 1615 2891 multi·

287 2920 395 2983 tudine
417 2920 487 3004 ipsa
507 2926 652 3001 poterant
673 2919 705 2980 in
727 2918 906 3000 provincias
928 2923 1054 2981 nostras
1074 2916 1269 2990 redundare,
1290 2915 1335 2979 ita
1355 2917 1395 2979 ab
1415 2920 1527 2983 eodem
1542 2940 1613 2984 esse

288 3015 402 3097 partim
424 3012 557 3085 seciam,
580 3012 693 3095 partim
716 3031 891 3094 repressas,
915 3020 950 3074 ut
970 3011 1063 3085 Asia,
1085 3030 1167 3094 quae
1181 3011 1348 3094 imperium
1363 3020 1456 3075 antea
1470 3022 1614 3077 nostrum

289 3105 491 3178 terminabat,
514 3124 599 3168 nunc
622 3105 721 3169 tribus
744 3105 834 3169 novis
857 3105 1029 3188 provinciis
1050 3104 1120 3188 ipsa
1142 3104 1296 3187 cingatur.
1329 3105 1459 3168 Possum
1474 3106 1513 3170 de
1527 3106 1652 3171 omnito

291 3196 444 3283 [regione.
465 3197 506 3262 de
521 3200 607 3262 omni
629 3194 756 3281 genere]
779 3200 916 3262 hostium
933 3198 1059 3261 dicere:
1081 3196 1169 3260 nulla
1190 3216 1268 3279 qens
1290 3205 1348 3272 est,
1370 3217 1452 3281 quae
1474 3219 1539 3263 non
1561 3208 1615 3263 aut

290 3294 333 3355 ita
355 3292 479 3355 sublata
501 3293 558 3367 sit,
580 3300 617 3356 ut
631 3295 684 3355 vix
706 3302 825 3366 exstet,
848 3299 903 3355 aut
925 3293 969 3354 ita
989 3290 1124 3362 domita,
1146 3297 1182 3352 ut
1196 3290 1345 3373 quiescat,
1368 3299 1423 3354 aut
1436 3291 1480 3355 ita
1494 3302 1616 3376 pacata,

291 3393 327 3449 ut
346 3385 478 3450 victoria
499 3394 609 3450 nostra
631 3386 831 3470 imperioque
854 3386 998 3448 laetetur.
1042 3384 1126 3447 Xlll.
1148 3380 1199 3447 32.
1222 3384 1343 3447 Bellum
1367 3383 1539 3459 Gallicum,
1561 3406 1617 3469 pa·

291 3489 354 3542 tres
381 3480 568 3562 conscripti,
597 3479 630 3542 C.
655 3478 788 3542 Caesare
816 3482 1004 3562 imperatore
1026 3486 1147 3561 gestum
1171 3485 1234 3552 est,
1263 3486 1356 3541 antea
1378 3484 1498 3541 tantum
1521 3479 1616 3542 modo
1723 3555 1727 3562 ι

291 3572 463 3656 repulsum.
507 3574 636 3656 Semper
662 3572 732 3636 illas
761 3573 906 3636 nationes
935 3572 1035 3635 nostri
1064 3572 1270 3653 imperatores
1300 3570 1481 3636 resistendas
1511 3543 1760 3664 metuas-,W

291 3665 376 3730 bello
405 3687 499 3750 quam
529 3665 730 3745 lacessendas
758 3674 957 3751 putaverunt.
1001 3667 1073 3749 lpse
1101 3666 1156 3728 ille
1178 3664 1212 3729 C.
1233 3664 1368 3740 Marius,
1397 3665 1488 3731 cuius
1510 3667 1618 3734 divina
1667 3675 1671 3684 ‘

291 3769 387 3844 atque
409 3761 525 3824 eximia
540 3761 639 3824 virtus
655 3759 776 3843 magnis
798 3760 905 3844 populi
921 3760 1053 3824 Romani
1069 3758 1207 3822 luctibus
1222 3756 1450 3842 funeribusque
1464 3761 1618 3838 subvenit,

292 3855 459 3919 induentes
490 3856 523 3917 in
553 3853 676 3917 ltaliam
705 3854 867 3918 Gallorum
897 3855 1049 3919 maximas
1071 3853 1370 3935 copiasrepressit,
1400 3872 1464 3916 non
1487 3855 1557 3939 ipse
1578 3855 1617 3919 ad

294 3968 402 4012 eorum
424 3948 518 4011 urbes
540 3949 697 4030 sedesque
719 3949 904 4031 penetrarit.
941 3946 1037 4009 ltlodo
1066 3944 1120 4008 ille
1147 3965 1286 4009 meorum
1309 3945 1468 4022 laborum,
1497 3951 1619 4032 pericu·

294 4043 412 4116 lorum,
434 4042 637 4106 consiliorum
661 4042 782 4115 socius,
807 4041 840 4103 C.
863 4040 1065 4124 Pomptinus,
1087 4037 1276 4103 fortissimus
1291 4039 1348 4112 vir,
1370 4049 1474 4103 ortum
1488 4051 1656 4125 repenteto

293 4134 413 4198 bellum
440 4134 645 4218 Allobrogum
673 4143 769 4219 atque
797 4134 856 4197 bac
885 4134 1038 4197 scelerata
1060 4133 1275 4196 coniuratione
1297 4133 1468 4197 excitatum
1489 4136 1619 4218 proeliis

295 4226 388 4309 fregit
409 4247 532 4312 eosque
555 4229 694 4302 domuit,
721 4230 776 4312 qui
804 4228 1024 4300 lacessierunt,
1053 4236 1085 4290 et
1106 4246 1143 4289 ea
1165 4227 1295 4290 victoria
1317 4235 1484 4292 contentus
1506 4250 1539 4293 re
1561 4251 1620 4314 pu·
1714 4284 1736 4323 7.

296 4320 379 4383 blica
405 4328 492 4385 metu
516 4321 646 4387 liberata
671 4323 800 4406 quievit.
838 4319 871 4383 C.
895 4320 1037 4384 Caesaris
1059 4321 1152 4401 longe
1174 4319 1267 4383 allam
1290 4320 1384 4407 video
1404 4321 1504 4385 luisse
1525 4324 1622 4407 ratio-
1641 4305 1719 4395 W*
1743 4314 1760 4383 l

297 4434 387 4479 nem:
418 4436 480 4480 non
504 4417 588 4479 enim
611 4415 670 4479 sibi
692 4414 794 4479 solum
817 4397 1319 4497 crrTrlis-squeoienratfrrio‘lr‘rs¹
1337 4403 1450 4477 cintii
1462 4404 1620 4500 'populum

297 4509 470 4572 Romanum
492 4508 633 4581 videbat,
655 4507 837 4571 bellandum
860 4526 929 4568 esse
950 4505 1058 4580 duxit,
1082 4507 1137 4570 sed
1160 4515 1256 4570 totam
1273 4506 1406 4570 Galliam
1427 4508 1460 4570 ln
1481 4517 1659 4571 nostramta

297 4602 455 4666 dicionem
477 4622 547 4666 esse
559 4600 783 4694 Lmlljendam.
826 4597 877 4661 33.
899 4600 1012 4682 ltaque
1034 4621 1105 4664 cum
1128 4600 1288 4664 acerrimis
1309 4600 1488 4664 nationibus
1510 4610 1543 4665 et
1552 4622 1622 4693 rna·
1670 4595 1760 4735 {tl-2³

297 4695 391 4759 xlmis
407 4696 633 4759 Germanorum
656 4702 689 4757 et
709 4682 927 4769 Helvetiorum
948 4693 1079 4776 proeliis
1092 4693 1275 4758 felicissime
1291 4686 1622 4769 decertaritfce‘tdras
1714 4718 1718 4725 ’

758 4815 879 4914 filiast
919 4854 973 4896 ζμ
1055 4855 1114 4905 ,εἰς
1159 4840 1277 4898 ,lt-⁸³·
1372 4824 1470 4900 κ’-ΙΙἫ
1572 4860 1632 4887 ιν...

355 5018 378 5067 l.
397 5015 457 5081 eires]
474 5016 497 5065 et
514 5015 559 5067 GE
574 5040 600 5050 -
619 5014 643 5063 2.
661 5012 768 5078 macro]
785 5012 924 5078 mopirGE
938 5041 964 5050 -
985 5015 1009 5064 t.
1024 5016 1134 5079 confictae
1150 5018 1207 5065 P·
1224 5013 1445 5080 totutetlepel’fl
1459 5044 1484 5053 -
1500 5016 1624 5080 lteram]

297 5091 403 5144 comP¹
422 5118 450 5128 -
470 5091 509 5140 tr.
527 5090 580 5140 ntia
597 5087 747 5140 omalatill
767 5114 793 5124 -
813 5088 853 5139 tlt.
872 5091 1003 5139 sttarnc:
1027 5089 1316 5141 ettcmrbomnto-
1335 5091 1549 5152 rurptttcael‘-
1569 5092 1625 5143 betti

298 5170 351 5217 ium
367 5169 419 5218 dtu.
437 5168 510 5216 aare
526 5169 582 5216 Ρ-
604 5162 644 5214 tt.
662 5165 792 5214 maritimrs·
808 5166 839 5220 P;
861 5165 1002 5214 mamurra
1019 5166 1038 5215 E
1057 5192 1082 5201 -
1103 5165 1143 5214 ts.
1159 5164 1259 5226 pompei
1275 5164 1294 5214 C
1315 5189 1341 5200 —-
1362 5164 1402 5214 tt.
1421 5165 1506 5231 terren]
1524 5165 1624 5219 litteras

300 5246 354 5292 tres
371 5242 408 5291 err'
425 5241 450 5291 ln
468 5253 559 5290 rasura
577 5239 655 5289 unius
672 5238 784 5289 habeti)
800 5265 823 5274 —
845 5239 885 5289 te.
902 5253 1047 5302 reprnerrcs
1063 5242 1121 5290 Ρ-
1141 5239 1181 5290 eo.
1194 5239 1273 5303 notk]
1289 5253 1368 5289 accur
1383 5238 1411 5291 1²¹
1425 5267 1453 5277 -
1471 5241 1512 5291 tt.
1525 5246 1626 5308 reptare

300 5318 330 5365 de
345 5315 413 5365 emat
429 5326 508 5378 supra
526 5325 633 5363 versum
657 5312 738 5362 habet
755 5312 785 5364 1³¹
802 5339 829 5349 -
851 5326 941 5378 penem
960 5315 1066 5364 tertium
1082 5315 1116 5364 C:
1138 5314 1244 5364 muer
1265 5314 1391 5379 emerso
1411 5338 1437 5351 -
1459 5315 1503 5382 est]
1520 5317 1576 5371 rtP
1595 5347 1622 5357 -

300 5389 341 5439 22.
353 5393 383 5438 αι
398 5390 426 5439 et
442 5390 503 5439 ante
518 5390 565 5438 otc
581 5390 608 5438 et
624 5390 685 5438 ante
703 5389 811 5448 quirem
827 5399 908 5452 supra
919 5401 1027 5440 versum
1044 5388 1126 5440 babet
1137 5391 1156 5440 P
1169 5415 1196 5425 -
1214 5393 1281 5440 rotet
1295 5387 1366 5440 1³¹-
1384 5389 1426 5440 il.
1439 5390 1466 5442 0.
1479 5394 1521 5444 1³¹:
1541 5393 1569 5444 G.
1585 5393 1623 5456 Ρ,

302 5463 1626 5530 om.Gli-ptrtrenrtl’-wecrioaesP-retsturrdarlttnrasurahebetP-pcrterl’

301 5538 343 5588 tt.
361 5551 438 5600 quam
453 5538 645 5600 mmmmm
661 5539 689 5589 l‘¹
706 5540 791 5600 (quarn
808 5539 963 5589 lucrandas
978 5553 1032 5590 orn.
1051 5541 1084 5598 G;
1108 5542 1170 5603 post
1185 5552 1228 5588 vv.
1245 5540 1298 5602 tpre
1312 5539 1354 5590 tlte
1369 5542 1532 5605 transposuit
1547 5543 1575 5606 Ε)
1593 5571 1625 5581 -

301 5613 342 5662 tt.
361 5611 587 5673 atquem-aa.
606 5613 808 5677 tepuerttrc-
827 5613 1045 5675 reprcmdtw-
1064 5614 1105 5664 re.
1124 5613 1299 5665 erbuerw-
1319 5613 1625 5678 absortus-pore

302 5687 612 5750 commemorabo
632 5687 865 5749 -aactqseru
885 5715 910 5725 —
935 5688 1101 5739 aa.toerau
1122 5689 1300 5740 netuGE-
1324 5688 1351 5740 0.
1370 5689 1625 5743 οω.(1-36.ὼ·-

302 5762 396 5811 marm
420 5762 453 5812 P:
480 5762 636 5812 dumento
661 5788 686 5797 -
715 5763 854 5824 mnino]
875 5777 890 5813 r
911 5764 937 5813 in
961 5764 1061 5814 maiore
1086 5776 1178 5816 rasura
1200 5768 1226 5815 et
1251 5763 1394 5816 alteramr
1415 5777 1494 5831 supra
1517 5779 1624 5820 versum

303 5834 385 5886 babet
402 5837 429 5886 P.
