3800 7350
323 1174 386 1243 846
485 1182 638 1250 ORATIO
660 1182 745 1250 CUM
766 1184 940 1250 SENATUI
961 1182 1133 1250 caunas
1154 1183 1251 1250 EGIT
1272 1182 1318 1268 §5
1332 1179 1479 1247 38-39.

321 1352 374 1419 38.
401 1356 491 1421 Alter
520 1353 582 1418 init
607 1362 822 1439 propugnator
848 1373 990 1418 menum
1016 1353 1217 1420 fortunarum
1252 1363 1284 1421 et
1311 1354 1461 1420 defensor
1488 1352 1647 1429 assiduus,

321 1470 445 1514 summa
465 1450 581 1513 virtuto
603 1456 636 1512 ct
656 1449 790 1532 pietate,
814 1448 847 1512 C.
867 1450 941 1513 Piso
963 1468 1071 1533 gener,
1092 1450 1148 1534 qui
1163 1451 1266 1515 minas
1280 1450 1479 1514 inimicorum
1494 1468 1648 1523 meorum,

321 1544 379 1628 qui
400 1543 583 1608 inimicitias
603 1538 707 1606 affinis
730 1545 809 1618 moi,
836 1543 1009 1627 propinqui
1031 1544 1099 1619 sui,
1122 1544 1281 1619 consulis,
1310 1545 1366 1628 qui
1386 1545 1522 1607 Pontum
1544 1550 1575 1605 ct
1597 1544 1649 1606 Bi-

321 1638 464 1722 tbyuiam
491 1644 642 1722 quaestor
667 1655 744 1720 prae
774 1656 844 1701 mea
866 1637 968 1700 saluto
989 1637 1138 1719 neglexit.
1173 1638 1260 1702 Nihil
1281 1657 1434 1722 umquam
1455 1644 1585 1701 sanatus
1608 1635 1648 1700 ‹le

295 1731 354 1793 tP.
375 1730 499 1813 Popilio
522 1729 677 1806 decrevit,
698 1749 871 1814 numquam
893 1732 927 1794 iu
947 1731 1009 1795 boc
1031 1729 1143 1795 ordine
1165 1731 1206 1795 dc
1228 1731 1268 1807 Q.
1283 1730 1410 1796 Metello
1432 1731 1553 1794 mentio
1567 1730 1649 1795 iacta

320 1832 384 1889 cstt
404 1825 582 1890 tribuniciis
603 1833 677 1888 sunt
696 1825 744 1889 illi
765 1824 982 1908 rogationibus
1004 1824 1179 1889 interfectis
1192 1825 1331 1888 inimicis
1347 1824 1485 1909 denique
1499 1825 1649 1900 restituti,

319 1939 392 1982 oum
413 1919 493 1983 alter
514 1938 624 1982 eorum
645 1917 769 1983 senatui
790 1918 964 2004 paruisset,
987 1918 1066 1982 alter
1086 1920 1151 1983 vim
1172 1918 1367 2001 caedemque
1388 1918 1533 2001 fugisset.
1570 1919 1648 1981 Nam

320 2012 355 2076 C.
376 2012 507 2097 quidem
527 2012 662 2087 blasius,
684 2013 740 2096 qui
761 2013 821 2075 hac
842 2012 1008 2076 bominum
1025 2013 1177 2077 memoria
1192 2013 1303 2077 tertius
1318 2018 1392 2076 ante
1406 2031 1457 2074 me
1472 2010 1649 2075 consularis

318 2113 505 2192 tempestato
533 2105 619 2169 civili
647 2105 799 2191 expulsus
829 2115 895 2181 cst,
927 2126 995 2169 non
1022 2106 1118 2171 modo
1144 2127 1163 2171 a
1184 2115 1295 2171 senatu
1316 2126 1384 2169 non
1404 2113 1453 2169 cst
1472 2107 1649 2181 restitutus,

281 2200 375 2265 soced
397 2200 501 2264 reditu
522 2219 582 2263 suo
604 2207 748 2264 senatum
772 2208 920 2264 cunctum
940 2220 1043 2284 paene
1064 2199 1192 2264 delevit.
1222 2200 1316 2264 Nulla
1337 2199 1378 2264 de
1399 2200 1463 2263 illis
1484 2199 1651 2282 magistra·

317 2303 406 2358 tuum
434 2294 621 2369 consensio,
654 2293 743 2357 nulla
774 2294 814 2357 ad
843 2314 910 2357 rem
940 2293 1100 2376 publicam
1129 2292 1361 2358 defendendam
1382 2292 1493 2379 populi
1515 2293 1649 2357 llomani

317 2389 521 2463 convocatio,
542 2388 650 2451 nullus
671 2387 782 2451 ltaliae
802 2394 925 2463 motus,
947 2388 1036 2451 nulla
1057 2388 1185 2470 decreta
1201 2388 1447 2472 municipiorum
1462 2394 1494 2451 ct
1507 2386 1648 2451 colonia·

316 2502 388 2546 rum
402 2483 602 2546 exstiterunt
646 2477 697 2544 39.
721 2481 827 2557 Quare
842 2501 914 2544 cum
930 2501 981 2544 mc
995 2488 1101 2545 vestra
1114 2482 1284 2546 auctoritas
1298 2481 1489 2556 arcessierit,
1510 2480 1647 2564 populns

316 2576 476 2640 Romanus
497 2576 636 2649 vocarit,
658 2595 709 2639 res
730 2575 858 2658 publica
879 2575 1065 2660 implorarit,
1087 2576 1179 2639 ltalia
1199 2582 1314 2638 cuncta
1334 2593 1436 2658 paene
1451 2575 1516 2637 suis
1530 2574 1647 2638 umeris

277 2684 306 2733 tt
317 2669 501 2754 reportarit,
522 2689 587 2732 non
610 2670 820 2743 committam,
841 2675 946 2753 patres
970 2669 1158 2752 conscripti,
1183 2677 1235 2745 ut,
1257 2689 1330 2732 oum
1351 2688 1390 2732 ea
1411 2668 1490 2731 mibi
1512 2669 1578 2732 sint
1597 2688 1648 2731 ro·

315 2764 443 2839 stituta,
465 2783 547 2847 quac
568 2764 603 2827 in
623 2770 781 2848 potestate
803 2782 876 2827 moa
895 2782 962 2825 non
983 2762 1128 2839 fuerunt,
1154 2782 1193 2827 ea
1213 2782 1279 2826 non
1300 2763 1450 2837 babeam,
1473 2782 1556 2846 quae
1576 2762 1648 2846 ipse

313 2865 474 2941 praestare
495 2858 632 2941 possim,
660 2857 847 2942 praesertim
869 2876 942 2920 cum
972 2856 1028 2921 illu
1054 2858 1171 2921 amissa
1196 2855 1416 2941 reciperarim,
1445 2855 1595 2920 rirnrtom
1615 2862 1649 2917 ct

314 2947 409 3015 fidem
429 2971 603 3037 numquam
624 2951 797 3016 amiserim.

382 3223 406 3271 4.
424 3222 579 3273 αὼίὰιωΡ
599 3249 635 3266 -«
652 3222 677 3270 i.
695 3235 727 3272 uc
744 3220 805 3285 piot.
828 3221 889 3273 cod.
907 3222 1002 3273 Lamb.
1029 3250 1056 3259 —
1083 3222 1108 3273 3.
1127 3222 1252 3287 adltoisl’
1272 3250 1299 3259 -
1322 3220 1597 3285 propinquicomiii
1617 3248 1644 3257 -

315 3296 339 3348 4.
353 3309 420 3359 proc
435 3298 513 3347 PGE
531 3298 558 3346 et
574 3297 591 3345 S
610 3310 650 3361 pr.
668 3309 719 3347 m.:
734 3310 785 3360 pro
802 3297 819 3346 S
836 3310 917 3359 corr..
936 3299 1015 3350 codd.
1029 3298 1094 3350 dett.
1108 3301 1135 3349 ct
1151 3299 1172 3347 0
1192 3324 1219 3335 -
1237 3299 1262 3348 o.
1281 3300 1342 3349 anm
1359 3299 1386 3349 P.
1405 3299 1447 3349 est
1463 3298 1490 3347 in
1506 3298 1525 3347 Ρ
1542 3307 1645 3356 maura,

313 3371 341 3420 in
358 3382 410 3433 qua
428 3370 590 3433 conspicitur
607 3384 649 3431 rc;
676 3371 710 3422 ol.
729 3370 807 3436 adp.
826 3371 884 3433 842,
902 3374 927 3423 6.
947 3399 976 3411 -
1003 3374 1096 3437 Popilio
1113 3373 1173 3424 Es:
1191 3372 1293 3435 Popillio
1310 3372 1388 3424 PGO
1407 3400 1435 3410 —
1455 3373 1486 3423 dc
1502 3372 1531 3434 o.
1548 3370 1647 3422 44444440

315 3444 407 3495 Gliiz
426 3444 457 3494 dc
473 3455 526 3496 om.
545 3446 578 3505 P,
597 3445 627 3507 o.
644 3444 737 3495 disicit
753 3446 836 3497 SLO.
865 3448 903 3498 Ci.
922 3462 949 3512 p.
967 3449 1025 3511 soi,
1039 3449 1080 3499 ⁴2.
1095 3474 1122 3484 -
1142 3447 1166 3498 6.
1184 3448 1319 3512 intersectis
1332 3448 1440 3498 intrim
1456 3448 1543 3498 PGS:
1561 3446 1647 3509 resecti

313 3520 388 3570 obab
404 3518 451 3575 EF
465 3547 493 3557 —
511 3521 615 3582 deniquo
630 3520 738 3571 mutim
754 3514 948 3585 meiz'dootpuc
963 3523 1035 3573 oudo
1051 3525 1200 3574 auctoritato
1215 3528 1315 3574 motus
1329 3524 1467 3573 meduno
1484 3534 1546 3573 uim
1563 3519 1643 3571 codd.

314 3594 391 3659 dett,
409 3608 478 3659 quae
495 3592 661 3659 interpolatio
679 3608 711 3645 cx
728 3608 790 3659 pag.
807 3596 865 3658 8444,
878 3597 911 3649 tt
927 3599 1057 3662 originem
1073 3599 1154 3650 duxit.
1174 3598 1212 3651 Ci.
1226 3600 1307 3650 atium
1318 3610 1357 3649 or.
1370 3598 1404 3649 da
1415 3598 1497 3649 domo
1508 3610 1557 3649 sua
1574 3596 1642 3661 587.

316 3697 342 3706 -
363 3670 388 3721 7.
404 3670 458 3720 mm
473 3683 527 3721 om.
545 3670 565 3721 E
584 3698 612 3707 -
630 3669 655 3721 8.
674 3671 773 3732 quidm
789 3684 842 3721 om.
861 3672 949 3726 Schol.
969 3677 996 3725 et
1011 3675 1038 3737 S,
1056 3678 1118 3726 ante
1132 3673 1159 3725 C.
1172 3672 1255 3725 habet
1266 3674 1286 3724 E
1299 3701 1326 3710 -
1345 3674 1392 3724 isc
1408 3674 1509 3724 Pcorr.
1523 3686 1556 3724 er
1572 3671 1642 3723 tuac.

316 3771 344 3784 -·
362 3745 387 3796 9.
406 3746 438 3796 cb
454 3743 814 3810 manipulumque
832 3745 883 3797 dici
900 3746 981 3808 solet;
1000 3749 1033 3800 ct.
1052 3763 1091 3800 or.
1110 3763 1136 3815 p.
1155 3748 1224 3800 Sulla
1241 3748 1257 3814 ς
1273 3749 1315 3799 26.
1333 3750 1394 3800 Tac.
1412 3750 1480 3800 Anu.
1498 3747 1523 3809 l,
1542 3746 1574 3797 49
1589 3749 1642 3796 oct.

315 3845 343 3858 -
364 3820 1196 3883 t0.pocncdatccitcaotctwnl³;pocuocnnctmndcteoitli-
1216 3822 1641 3889 tt.odrcp.G;odom.E-

314 3898 356 3948 tn.
373 3897 466 3948 nuttios
481 3897 568 3947 imilco
584 3897 603 3946 P
623 3922 650 3933 -
670 3896 710 3946 43.
728 3897 876 3947 mittem
892 3901 925 3949 P:
943 3901 1081 3950 cotitmmt
1096 3898 1174 3950 codd.
1194 3898 1324 3964 plerique.
1340 3926 1366 3938 -
1386 3899 1528 3950 mestoc
1543 3898 1581 3950 E:
1600 3913 1644 3949 oo

313 3973 412 4023 cessem
426 3974 460 4031 P,
480 3971 623 4023 accederit
638 3973 686 4022 GS
699 3998 726 4007 -
749 3971 789 4023 tt.
807 3975 904 4024 vocarit
919 3976 974 4026 mei
991 3978 1019 4026 ct
1035 3975 1051 4025 9
1066 3977 1162 4039 lagg:
1179 3975 1305 4026 revocarit
1320 3974 1386 4025 dett.
1403 3975 1468 4025 eto
1487 4000 1515 4011 -
1533 3974 1644 4037 implerit

313 4048 349 4108 Pi
366 4048 516 4110 itsplorostc
532 4048 590 4098 F-
608 4048 702 4099 sanent
717 4050 750 4098 Pz
768 4048 954 4099 iunceo-
973 4051 1013 4101 iti.
1032 4050 1241 4101 monimus
1257 4074 1284 4085 -
1303 4047 1642 4122 tipoasomoodlamb.

314 4122 342 4171 ct
356 4123 474 4174 Weiske.
489 4148 516 4158 -
534 4124 699 4186 reciperem
715 4126 751 4174 P:
769 4126 941 4187 rtettpcran'm
958 4126 988 4176 0.
1011 4125 1042 4176 ln
1056 4128 1075 4176 Ρ
1093 4129 1134 4177 est
1150 4125 1326 4192 subscriptio:
1345 4124 1379 4178 il.
1397 4126 1485 4195 Tvuur,
1508 4124 1644 4177 cressonis

313 4209 364 4248 cru
380 4209 483 4248 surim
499 4208 601 4250 caurus
618 4211 675 4250 rcrr
691 4211 785 4250 uncio.
804 4211 854 4250 mc.
872 4213 922 4251 ovu
939 4212 1033 4251 cosmo
1050 4212 1152 4252 cussus
1169 4213 1235 4255 nctr.
