3800 7350
659 1176 731 1241 cm
753 1177 933 1241 vr-vru.
963 1172 1009 1258 §t
1032 1171 1177 1239 rs-ro.
1489 1166 1571 1236 rior

264 1366 334 1410 esse
364 1346 527 1419 miremur,
556 1345 583 1407 si
612 1366 740 1428 campus
762 1354 854 1429 atque
876 1346 948 1408 illae
971 1345 1075 1407 undae
1097 1346 1312 1420 comitiorum,
1340 1352 1375 1408 ut
1395 1363 1480 1407 mare
1500 1363 1572 1425 pro-

263 1438 394 1502 fundum
418 1446 449 1501 et
469 1439 671 1512 immensum,
693 1441 737 1502 sic
759 1441 967 1502 effervescunt
988 1438 1124 1521 quodam
1141 1441 1231 1522 quasi
1252 1446 1356 1512 aestu,
1377 1446 1413 1501 ut
1432 1436 1473 1499 ad
1494 1436 1577 1500 alios·

263 1532 428 1605 accedant,
457 1533 496 1595 ab
523 1533 593 1595 aliis
621 1542 724 1596 autem
746 1533 908 1605 recedant,
942 1541 1045 1595 tamen
1067 1552 1125 1595 nos
1147 1533 1180 1593 in
1202 1532 1319 1613 impetu
1341 1532 1515 1595 studiorum
1539 1538 1571 1593 et

263 1633 349 1690 motu
371 1627 553 1689 temeritatis
574 1627 699 1690 modum
721 1627 858 1709 aliquem
881 1635 913 1689 et
937 1627 1105 1689 consilium
1126 1635 1158 1689 et
1178 1626 1332 1689 rationem
1352 1625 1572 1708 requiremus?

263 1715 313 1781 ld.
335 1718 441 1795 Quare
461 1719 527 1783 noli
550 1739 599 1782 me
621 1722 660 1783 ad
682 1721 913 1783 contentionem
927 1730 1063 1783 vestrum
1079 1740 1207 1794 vocare,
1229 1718 1416 1783 Laterensis.
1448 1717 1597 1780 Etenimn

263 1814 289 1876 si
311 1814 429 1896 populo
451 1822 539 1896 grata
559 1822 608 1876 est
627 1813 757 1887 tabella,
780 1833 861 1897 qnae
881 1813 1000 1878 frontes
1022 1813 1124 1897 aperit
1143 1812 1324 1886 bominum,
1352 1820 1473 1875 mentes
1495 1809 1573 1893 tegit

263 1907 377 1990 datque
398 1926 467 1970 eam
487 1907 680 1980 libertatem,
708 1913 743 1969 ut
764 1906 850 1990 quod
872 1907 969 1970 velint
995 1908 1128 1982 iaciant,
1157 1906 1339 1990 promittant
1358 1912 1463 1968 antem
1486 1902 1572 1987 quod

262 2009 421 2082 rogentur,
442 2020 499 2064 cur
519 2009 563 2073 tu,
584 2000 617 2061 id
639 2002 672 2063 in
694 2000 811 2063 iudicio
831 2007 867 2064 ut
888 1998 950 2075 fiat,
971 2002 1132 2083 exprimis,
1153 1998 1239 2085 quod
1260 2018 1324 2062 non
1346 1995 1381 2060 fis
1393 1998 1425 2060 in
1439 1997 1574 2077 campet

266 2094 341 2155 «Hic
359 2112 452 2176 quam
470 2092 524 2156 ille
538 2093 682 2175 digniore
703 2113 851 2175 perquam
866 2114 960 2175 grave
976 2102 1024 2158 θεῖ
1037 2093 1134 2158 dictu.
1156 2094 1228 2169 Quo
1243 2091 1336 2156 modo
1350 2092 1447 2173 igitur
1459 2096 1509 2153 est
1522 2109 1576 2152 ae·

264 2187 376 2268 quius‘l
407 2187 457 2249 Sic
479 2186 592 2250 credo:
615 2184 701 2269 quod
723 2186 838 2267 agitur,
860 2187 945 2270 quod
968 2190 1043 2251 satis
1065 2194 1114 2250 est
1134 2186 1248 2250 iudici:
1283 2185 1353 2248 sbic
1374 2185 1474 2248 lactus
1496 2192 1612 2247 estun

264 2278 326 2343 Cur
346 2279 405 2343 iste
426 2280 532 2360 potius
554 2299 650 2363 quam
671 2283 752 2362 eget
779 2280 837 2342 Vel
859 2283 966 2345 nescio
988 2280 1038 2343 vel
1060 2301 1123 2343 non
1146 2281 1217 2343 dico
1239 2280 1289 2343 vel
1312 2278 1466 2361 denique,
1488 2276 1575 2362 quod

263 2371 338 2435 mibi
353 2373 571 2453 gravissimum
593 2381 691 2446 esset,
714 2373 741 2436 si
763 2374 907 2448 dicerem,
930 2374 986 2438 sed
1008 2376 1137 2457 impune
1159 2381 1263 2437 tamen
1285 2372 1431 2435 deberem
1453 2372 1576 2434 dicere:

262 2485 325 2529 non
346 2474 442 2529 recte.
463 2467 542 2529 Num
558 2466 633 2549 quid
655 2487 871 2550 assequerere,
892 2469 920 2531 si
941 2469 997 2531 illa
1018 2476 1158 2531 extrema
1180 2466 1363 2531 defensione
1384 2472 1498 2539 uterer,
1519 2484 1577 2548 po·

261 2559 370 2642 pulum
391 2559 477 2642 quod
500 2558 651 2622 voluisset
671 2559 798 2633 iecisse,
824 2581 888 2623 non
910 2562 995 2644 quod
1018 2561 1200 2625 debuisset?

346 2653 412 2715 Vll.
435 2647 486 2714 ⁴7.
509 2652 615 2727 Quidl
645 2654 671 2717 si
697 2655 807 2736 populi
836 2674 965 2738 quoque
993 2654 1106 2718 iactum
1136 2653 1286 2728 delendo,
1319 2652 1514 2726 Laterensis,
1545 2657 1614 2714 etse

263 2746 361 2810 doceo
386 2745 440 2807 Cn.
463 2745 625 2808 Plancium
647 2767 710 2810 non
733 2747 910 2830 obrepsisse
932 2747 972 2811 ad
992 2748 1161 2828 bonorem,
1188 2748 1244 2812 sed
1266 2766 1305 2811 θο
1327 2746 1452 2811 venisse
1473 2764 1577 2819 cursu,

263 2840 318 2923 qui
340 2857 464 2921 semper
485 2839 621 2920 patuerit
642 2839 823 2903 bominibus
843 2842 919 2904 ortis
940 2842 1000 2905 hoc
1020 2850 1128 2905 nostro
1143 2841 1282 2924 equestri
1303 2840 1385 2914 loco,
1407 2858 1577 2922 possumne

263 2935 384 3017 eripere
406 2932 539 2995 orationi
561 2940 634 2995 tuae
657 2936 889 2998 contentionem
903 2943 1051 3008 vestrum,
1070 2955 1151 3018 quae
1166 2935 1289 2998 tractari
1304 2935 1372 2997 sine
1388 2933 1579 2997 contumelia

261 3049 326 3092 non
349 3034 468 3111 potest,
499 3032 531 3088 et
551 3032 581 3088 te
603 3026 642 3089 ad
665 3046 790 3091 causam
813 3028 982 3109 aliquando
1005 3029 1185 3110 crimenque
1206 3028 1384 3092 deduceret
1421 3027 1471 3102 Si,
1492 3025 1578 3111 quod

262 3122 376 3205 equitis
406 3120 538 3182 Romani
566 3115 649 3183 filius
677 3129 740 3194 est,
770 3120 902 3184 inferior
928 3141 998 3185 esse
1021 3122 1147 3197 debuit,
1177 3143 1286 3187 omnes
1311 3130 1414 3185 ῖθθωει
1436 3119 1615 3203 equitumso

261 3218 472 3279 Romanorum
495 3208 551 3274 filii
574 3213 770 3295 petiverunt:
801 3215 878 3277 nibil
901 3216 970 3278 dico
991 3216 1144 3298 amplius:
1173 3215 1234 3279 boc
1255 3224 1359 3280 tamen
1380 3213 1493 3288 miror,
1522 3232 1580 3277 cnr

260 3310 336 3374 huic
352 3308 554 3391 potissimum
576 3308 721 3379 irascare,
744 3309 800 3390 qui
818 3308 1000 3389 longissime
1014 3328 1033 3372 a
1046 3318 1078 3373 te
1092 3309 1180 3372 aluit
1211 3308 1378 3394 Equidem,
1400 3310 1577 3392 siquando,

262 3412 297 3466 ut
316 3397 367 3476 fit',
394 3400 494 3463 iactor
514 3398 547 3460 in
570 3399 678 3471 turba,
706 3419 771 3461 non
797 3400 884 3463 illum
907 3420 1037 3475 accuso,
1066 3402 1121 3484 qui
1143 3403 1244 3465 estin
1266 3421 1389 3465 summa
1408 3422 1497 3467 sacra
1517 3402 1578 3477 via,

262 3519 332 3561 cum
355 3514 414 3577 ego
435 3491 476 3555 ad
498 3492 628 3554 Fabium
649 3492 801 3556 fornicem
823 3494 984 3575 impellor,
1012 3494 1068 3557 sed
1089 3514 1178 3569 eum,
1201 3494 1256 3578 qui
1279 3495 1311 3558 in
1333 3497 1507 3578 meipsum
1529 3496 1577 3558 in-

262 3590 358 3654 currit
386 3595 481 3669 atque
508 3584 629 3648 incidit.
672 3588 719 3649 Tu
748 3606 853 3669 neque
875 3587 913 3662 Q.
935 3586 1048 3661 Pedio,
1075 3586 1147 3650 lorti
1174 3588 1255 3660 viro,
1284 3608 1450 3652 suscenses
1471 3604 1613 3672 nequest

261 3685 335 3747 huie
355 3685 392 3745 A.
414 3680 530 3754 Plotio,
559 3679 759 3743 ornatissimo
788 3681 926 3754 homini,
954 3681 1101 3745 familiari
1127 3701 1214 3755 meo,
1245 3688 1277 3744 et
1297 3682 1337 3744 ab
1359 3702 1413 3757 eo,
1440 3683 1496 3765 qui
1516 3683 1576 3747 bos

262 3778 407 3851 dimovit,
428 3774 645 3857 potiusquam
666 3774 706 3836 ab
728 3775 784 3849 iis,
807 3775 860 3857 qui
882 3776 915 3836 in
937 3782 969 3838 te
990 3775 1092 3858 ipsum
1112 3775 1339 3850 incubuerunt,
1362 3784 1393 3840 ῖθ
1409 3777 1575 3861 depulsum

262 3881 364 3954 putas.
406 3864 456 3930 l8.
479 3867 541 3930 Sed
569 3874 674 3930 tamen
703 3869 782 3932 baec
810 3869 866 3931 tibi
897 3878 945 3932 est
973 3870 1164 3952 primarum
1188 3868 1315 3932 Plancio
1335 3872 1575 3952 generisvestri

260 3963 461 4045 familiaeque
482 3962 659 4034 contentio,
681 3982 745 4043 qua
764 3963 820 4026 abs
842 3970 873 4024 te
887 3962 1033 4026 vincitur.
1066 3961 1128 4025 Cur
1141 3963 1226 4026 enim
1247 3981 1310 4025 non
1325 3961 1475 4028 confitear
1489 3963 1574 4049 quod

260 4075 389 4121 necesse
419 4057 491 4117 est?
529 4054 592 4117 Sed
621 4073 686 4116 non
712 4055 765 4117 bic
792 4055 890 4137 magis
920 4076 1015 4138 quam
1042 4075 1102 4137 ego
1123 4075 1143 4118 a
1164 4055 1243 4118 meis
1264 4057 1520 4138 competitoribus
1543 4064 1612 4122 otae

261 4150 337 4214 alias
360 4157 392 4213 et
410 4150 443 4211 in
466 4147 647 4210 consulatus
669 4148 821 4230 petitione
842 4149 999 4212 vincebat.
1039 4148 1101 4211 Sed
1123 4149 1195 4212 vide
1217 4169 1257 4212 ne
1278 4149 1356 4213 baec
1377 4150 1461 4232 ipsa,
1475 4138 1477 4143 ’
1491 4170 1573 4233 quae

262 4243 414 4327 despicis,
440 4241 516 4304 buic
543 4242 711 4323 suffragata
737 4243 809 4305 sint.
851 4242 902 4305 Sic
923 4243 1007 4306 enim
1031 4242 1239 4308 conteramus.
1270 4246 1326 4308 Est
1346 4252 1434 4308 tuum
1456 4264 1574 4310 nomen

260 4345 393 4418 utraque
413 4334 531 4399 familia
552 4334 735 4399 consulare:
762 4355 838 4397 num
859 4335 984 4399 dubitas
1012 4336 1106 4419 igitur
1133 4337 1210 4419 quin
1238 4357 1361 4412 omnes,
1385 4339 1442 4421 qni
1467 4337 1575 4404 lavent

261 4429 433 4502 nobilitati,
456 4429 511 4512 qui
533 4428 564 4490 id
588 4436 701 4510 putant
720 4447 791 4492 esse
811 4428 1072 4510 pulcherrimum,
1098 4431 1153 4513 qui
1173 4431 1375 4514 imaginibus,
1397 4431 1453 4514 qui
1473 4433 1574 4496 nomi·

262 4524 355 4586 nibus
370 4523 480 4585 vestris
494 4521 662 4596 ducuntur,
684 4529 714 4584 te
728 4521 863 4585 aedilem
883 4520 1037 4585 iecerint?
1058 4524 1214 4605 Equidem
1235 4544 1300 4587 non
1321 4523 1440 4588 dubito.
1468 4525 1530 4589 Sed
1545 4526 1610 4589 siae

262 4635 373 4698 parum
400 4615 490 4678 multi
520 4623 611 4690 sunt,
640 4615 695 4698 qui
725 4614 917 4679 nobilitatem
938 4623 1062 4691 ament,
1089 4637 1165 4679 num
1185 4616 1244 4680 ista
1265 4625 1313 4680 est
1332 4627 1439 4681 nostra
1459 4620 1572 4703 culpat

262 4708 387 4773 Etenim
408 4708 449 4773 ad
471 4717 565 4792 caput
586 4716 617 4772 et
637 4708 678 4772 ad
698 4708 818 4773 iontem
839 4709 962 4792 generis
979 4710 1144 4794 utriusque
1159 4710 1331 4774 veniamus.
1362 4712 1445 4775 VIII.
1459 4709 1510 4777 l9.
1525 4716 1573 4776 Tu

327 5034 1574 5098 t.tltsr—oooasom.r-2.tsmsessnTE-osesemor-eonsummato-

259 5115 319 5175 petu
334 5123 398 5162 nos:
415 5115 500 5162 tomen
514 5125 560 5163 oos
575 5112 666 5174 impetu
682 5111 744 5172 TE;
762 5116 831 5162 teoto
847 5125 892 5162 oos
906 5112 1000 5173 eopse
1015 5109 1140 5162 undecim
1151 5110 1229 5162 codd.
1243 5111 1386 5171 Wunderi;
1403 5113 1430 5163 lo
1445 5119 1516 5164 ῖαοιῖο
1530 5129 1576 5166 sos

262 5189 388 5252 sepono
406 5214 434 5224 -
452 5186 478 5240 l.
495 5188 653 5239 emelim
669 5187 689 5237 T
707 5214 735 5224 -
756 5189 780 5237 b.
798 5186 1044 5249 mossotlouoetnso
1060 5184 1142 5236 babet
1158 5184 1254 5236 Gellius
1270 5187 1301 5236 N.
1318 5189 1349 5237 Α.
1366 5186 1423 5244 XX.
1442 5188 1466 5249 6,
1485 5190 1525 5240 tt.
1544 5216 1572 5226 -

261 5268 374 5314 uourmn
390 5263 410 5314 T
428 5289 455 5300 -
479 5265 504 5314 9.
522 5264 582 5315 tort.
599 5262 640 5312 tlte
658 5259 675 5312 ὅ
691 5262 790 5326 diqos'or
804 5289 838 5301 -
857 5261 983 5313 t3.N1on
998 5260 1058 5322 qutd
1074 5257 1201 5310 Orellius:
1225 5272 1292 5310 auor
1313 5260 1374 5322 quid
1393 5261 1441 5312 TE
1458 5262 1499 5325 (cl.
1518 5277 1575 5315 var.

262 5337 323 5391 lect.
342 5339 357 5404 5
373 5338 428 5402 ῖ3);
446 5339 514 5389 Nom
529 5338 589 5400 qnid
606 5337 665 5386 0-
684 5349 841 5399 assequerer
851 5336 995 5386 Gruterus:
1012 5347 1156 5395 osssqomer
1171 5334 1220 5385 TE
1233 5360 1260 5371 -
1280 5335 1320 5384 lb.
1336 5335 1432 5398 tactus»
1447 5350 1501 5388 om.
1514 5339 1534 5389 T
1548 5367 1574 5376 -

263 5416 303 5466 ts.
321 5412 442 5476 obreptus
458 5413 478 5463 T
495 5438 522 5447 -
544 5412 585 5463 tl.
603 5412 726 5473 ocqosnrs'
742 5412 861 5462 r-ts.
879 5416 991 5461 uostnm
1006 5410 1040 5471 Τ;
1057 5415 1169 5460 uestram
1184 5410 1214 5461 Ε.
1236 5409 1396 5461 ctua-
1414 5411 1456 5462 20.
1473 5415 1579 5475 aequus

265 5485 834 5552 ‚er-sqoumrpttrepotommtr-
854 5485 1577 5550 ttorsr'lEzeurtuO-tbmttzobtutfflo

265 5590 292 5600 -
310 5563 432 5625 aquoso
448 5562 491 5624 qai
512 5562 539 5612 lo
558 5574 598 5612 me
618 5561 700 5623 ipsam
718 5559 844 5611 mesebel
865 5559 946 5611 habet
961 5561 1103 5612 Arusianus
1123 5561 1158 5611 bt.
1176 5573 1199 5612 ε.
1216 5573 1243 5612 v.
1259 5561 1375 5612 lumbo
1396 5561 1424 5610 is
1439 5560 1509 5612 illoto
1524 5577 1579 5614 reso

263 5652 291 5704 p.
308 5637 357 5689 235
374 5637 417 5695 ed.
435 5637 554 5689 Lindem.
577 5636 616 5689 Cl.
634 5649 659 5687 v.
678 5636 719 5687 27.
739 5661 766 5673 -
784 5637 825 5688 ib.
843 5649 965 5687 summer
979 5636 1013 5686 E:
1031 5649 1156 5687 mmm
1171 5636 1204 5695 T;
1221 5649 1345 5688 secem
1360 5636 1392 5688 0.
1415 5634 1454 5686 ct.
1472 5649 1500 5700 p.
1518 5638 1577 5702 386,

265 5716 336 5766 9.-
363 5713 588 5781 26.plocicT-
611 5713 811 5766 stomoma
838 5738 865 5749 -
887 5711 1069 5777 itr1btsT-
1093 5710 1333 5763 dicami-
1356 5711 1579 5773 28.ch

262 5783 1580 5852 ptoottoT-Stl.coopetitoribnsT-3l.pctlcionel'-32.sistsiatstcT-³l.pstootes

265 5860 1358 5927 mT-36.ettomT-37.qmutrisuqucllizebisuqsomis0.
