<?xml version="1.0" encoding="UTF-8"?>
<!DOCTYPE html PUBLIC "-//W3C//DTD XHTML 1.0 Transitional//EN"
    "http://www.w3.org/TR/xhtml1/DTD/xhtml1-transitional.dtd">
<html xmlns="http://www.w3.org/1999/xhtml" xml:lang="en" lang="en">
 <head>
  <title>
</title>
<meta http-equiv="Content-Type" content="text/html;charset=utf-8" />
  <meta name='ocr-system' content='tesseract 3.04.00' />
  <meta name='ocr-capabilities' content='ocr_page ocr_carea ocr_par ocr_line ocrx_word'/>
</head>
<body>
  <div class='ocr_page' id='page_1' title='image "./operaquaesupers08halmgoog/operaquaesupers08halmgoog_0294.png"; bbox 0 0 3800 7350; ppageno 0'>
   <div class='ocr_carea' id='block_1_1' title="bbox 299 1170 1197 1241">
    <p class='ocr_par' dir='ltr' id='par_1_1' title="bbox 299 1170 1197 1241">
     <span class='ocr_line' id='line_1_1' title="bbox 299 1170 1197 1241; baseline -0.003 -3"><span class='ocrx_word' id='word_1_1' title='bbox 299 1171 381 1241; x_wconf 80' lang='lat' dir='ltr'><strong>l0ld</strong></span> <span class='ocrx_word' id='word_1_2' title='bbox 713 1174 864 1239; x_wconf 83' lang='lat' dir='ltr'>ORATIO</span> <span class='ocrx_word' id='word_1_3' title='bbox 886 1172 964 1237; x_wconf 80' lang='lat' dir='ltr'><strong>PRO</strong></span> <span class='ocrx_word' id='word_1_4' title='bbox 986 1174 1028 1237; x_wconf 87' lang='grc' dir='ltr'><strong>Μ.</strong></span> <span class='ocrx_word' id='word_1_5' title='bbox 1051 1170 1197 1237; x_wconf 74' lang='lat' dir='ltr'><strong>cestio</strong></span> 
     </span>
    </p>
   </div>
   <div class='ocr_carea' id='block_1_2' title="bbox 300 1338 1619 1428">
    <p class='ocr_par' dir='ltr' id='par_1_2' title="bbox 300 1338 1619 1428">
     <span class='ocr_line' id='line_1_2' title="bbox 300 1338 1619 1428; baseline -0.007 -18"><span class='ocrx_word' id='word_1_6' title='bbox 300 1346 405 1422; x_wconf 87' lang='lat' dir='ltr'><strong>Quare</strong></span> <span class='ocrx_word' id='word_1_7' title='bbox 432 1349 464 1409; x_wconf 93' lang='lat' dir='ltr'><strong>in</strong></span> <span class='ocrx_word' id='word_1_8' title='bbox 487 1347 547 1410; x_wconf 94' lang='lat' dir='ltr'><strong>hoc</strong></span> <span class='ocrx_word' id='word_1_9' title='bbox 568 1365 682 1428; x_wconf 78' lang='lat' dir='ltr'><strong>genere</strong></span> <span class='ocrx_word' id='word_1_10' title='bbox 705 1344 793 1407; x_wconf 90' lang='lat' dir='ltr'><strong>labor</strong></span> <span class='ocrx_word' id='word_1_11' title='bbox 813 1342 946 1405; x_wconf 79' lang='lat' dir='ltr'><strong>offendit</strong></span> <span class='ocrx_word' id='word_1_12' title='bbox 972 1340 1115 1405; x_wconf 90' lang='lat' dir='ltr'><strong>homines</strong></span> <span class='ocrx_word' id='word_1_13' title='bbox 1137 1360 1155 1400; x_wconf 90' lang='lat' dir='ltr'><strong>a</strong></span> <span class='ocrx_word' id='word_1_14' title='bbox 1177 1338 1347 1424; x_wconf 90' lang='lat' dir='ltr'><strong>studioque</strong></span> <span class='ocrx_word' id='word_1_15' title='bbox 1370 1339 1522 1413; x_wconf 91' lang='lat' dir='ltr'><strong>deterret,</strong></span> <span class='ocrx_word' id='word_1_16' title='bbox 1552 1358 1619 1402; x_wconf 93' lang='lat' dir='ltr'><strong>non</strong></span> 
     </span>
    </p>
   </div>
   <div class='ocr_carea' id='block_1_3' title="bbox 261 1428 1619 4267">
    <p class='ocr_par' dir='ltr' id='par_1_3' title="bbox 261 1428 1619 4267">
     <span class='ocr_line' id='line_1_3' title="bbox 299 1428 1618 1525; baseline -0.006 -21"><span class='ocrx_word' id='word_1_17' title='bbox 299 1462 362 1525; x_wconf 94' lang='lat' dir='ltr'><strong>quo</strong></span> <span class='ocrx_word' id='word_1_18' title='bbox 383 1448 438 1503; x_wconf 92' lang='lat' dir='ltr'><strong>aut</strong></span> <span class='ocrx_word' id='word_1_19' title='bbox 458 1440 585 1522; x_wconf 89' lang='lat' dir='ltr'><strong>ingenia</strong></span> <span class='ocrx_word' id='word_1_20' title='bbox 606 1436 753 1501; x_wconf 88' lang='lat' dir='ltr'><strong>deficiant</strong></span> <span class='ocrx_word' id='word_1_21' title='bbox 773 1445 827 1499; x_wconf 90' lang='lat' dir='ltr'><strong>eut</strong></span> <span class='ocrx_word' id='word_1_22' title='bbox 848 1435 991 1499; x_wconf 89' lang='lat' dir='ltr'><strong>doctrina</strong></span> <span class='ocrx_word' id='word_1_23' title='bbox 1014 1433 1153 1516; x_wconf 92' lang='lat' dir='ltr'><strong>puerilis.</strong></span> <span class='ocrx_word' id='word_1_24' title='bbox 1197 1428 1247 1493; x_wconf 81' lang='lat' dir='ltr'><strong>t7.</strong></span> <span class='ocrx_word' id='word_1_25' title='bbox 1270 1433 1318 1494; x_wconf 78' lang='lat' dir='ltr'><strong>An</strong></span> <span class='ocrx_word' id='word_1_26' title='bbox 1339 1431 1401 1507; x_wconf 90' lang='lat' dir='ltr'><strong>hic,</strong></span> <span class='ocrx_word' id='word_1_27' title='bbox 1425 1433 1451 1495; x_wconf 91' lang='lat' dir='ltr'><strong>si</strong></span> <span class='ocrx_word' id='word_1_28' title='bbox 1474 1452 1544 1496; x_wconf 87' lang='lat' dir='ltr'><strong>sese</strong></span> <span class='ocrx_word' id='word_1_29' title='bbox 1563 1432 1618 1497; x_wconf 93' lang='lat' dir='ltr'><strong>isti</strong></span> 
     </span>
     <span class='ocr_line' id='line_1_4' title="bbox 298 1525 1619 1605; baseline -0.006 -8"><span class='ocrx_word' id='word_1_30' title='bbox 298 1535 380 1597; x_wconf 86' lang='lat' dir='ltr'><strong>vitae</strong></span> <span class='ocrx_word' id='word_1_31' title='bbox 402 1532 591 1605; x_wconf 80' lang='lat' dir='ltr'>dedidisset,</span> <span class='ocrx_word' id='word_1_32' title='bbox 613 1531 810 1595; x_wconf 83' lang='lat' dir='ltr'><strong>consularem</strong></span> <span class='ocrx_word' id='word_1_33' title='bbox 833 1531 991 1593; x_wconf 92' lang='lat' dir='ltr'><strong>bominem</strong></span> <span class='ocrx_word' id='word_1_34' title='bbox 1014 1527 1182 1591; x_wconf 80' lang='lat' dir='ltr'>admodum</span> <span class='ocrx_word' id='word_1_35' title='bbox 1205 1525 1391 1588; x_wconf 84' lang='lat' dir='ltr'><strong>adolescens</strong></span> <span class='ocrx_word' id='word_1_36' title='bbox 1412 1526 1446 1587; x_wconf 93' lang='lat' dir='ltr'><strong>in</strong></span> <span class='ocrx_word' id='word_1_37' title='bbox 1467 1525 1619 1590; x_wconf 89' lang='lat' dir='ltr'><strong>iudicium</strong></span> 
     </span>
     <span class='ocr_line' id='line_1_5' title="bbox 298 1620 1618 1705; baseline -0.007 -14"><span class='ocrx_word' id='word_1_38' title='bbox 298 1627 494 1691; x_wconf 76' lang='lat' dir='ltr'><strong>vocavisset?</strong></span> <span class='ocrx_word' id='word_1_39' title='bbox 516 1626 584 1699; x_wconf 93' lang='lat' dir='ltr'><strong>bic,</strong></span> <span class='ocrx_word' id='word_1_40' title='bbox 606 1626 633 1688; x_wconf 92' lang='lat' dir='ltr'><strong>si</strong></span> <span class='ocrx_word' id='word_1_41' title='bbox 655 1624 794 1689; x_wconf 88' lang='lat' dir='ltr'><strong>laborem</strong></span> <span class='ocrx_word' id='word_1_42' title='bbox 815 1623 956 1705; x_wconf 84' lang='lat' dir='ltr'><strong>lugeret,</strong></span> <span class='ocrx_word' id='word_1_43' title='bbox 978 1622 1005 1685; x_wconf 88' lang='lat' dir='ltr'><strong>si</strong></span> <span class='ocrx_word' id='word_1_44' title='bbox 1027 1621 1197 1684; x_wconf 89' lang='lat' dir='ltr'><strong>obstrictus</strong></span> <span class='ocrx_word' id='word_1_45' title='bbox 1213 1620 1427 1703; x_wconf 82' lang='lat' dir='ltr'><strong>voluptatibus</strong></span> <span class='ocrx_word' id='word_1_46' title='bbox 1449 1627 1618 1695; x_wconf 90' lang='lat' dir='ltr'><strong>teneretur,</strong></span> 
     </span>
     <span class='ocr_line' id='line_1_6' title="bbox 275 1713 1619 1804; baseline -0.004 -23"><span class='ocrx_word' id='word_1_47' title='bbox 275 1721 332 1782; x_wconf 79' lang='lat' dir='ltr'><strong>tin</strong></span> <span class='ocrx_word' id='word_1_48' title='bbox 352 1720 411 1781; x_wconf 88' lang='lat' dir='ltr'><strong>bae</strong></span> <span class='ocrx_word' id='word_1_49' title='bbox 433 1720 500 1782; x_wconf 89' lang='lat' dir='ltr'><strong>acic</strong></span> <span class='ocrx_word' id='word_1_50' title='bbox 523 1719 665 1804; x_wconf 86' lang='lat' dir='ltr'><strong>qnotidie</strong></span> <span class='ocrx_word' id='word_1_51' title='bbox 687 1719 884 1782; x_wconf 71' lang='lat' dir='ltr'><strong>versaretur?</strong></span> <span class='ocrx_word' id='word_1_52' title='bbox 913 1723 1075 1799; x_wconf 88' lang='lat' dir='ltr'><strong>appeteret</strong></span> <span class='ocrx_word' id='word_1_53' title='bbox 1097 1714 1300 1777; x_wconf 76' lang='lat' dir='ltr'><strong>inimicitias?</strong></span> <span class='ocrx_word' id='word_1_54' title='bbox 1330 1714 1362 1777; x_wconf 94' lang='lat' dir='ltr'><strong>in</strong></span> <span class='ocrx_word' id='word_1_55' title='bbox 1393 1713 1541 1777; x_wconf 90' lang='lat' dir='ltr'><strong>iudicium</strong></span> <span class='ocrx_word' id='word_1_56' title='bbox 1564 1733 1619 1776; x_wconf 84' lang='lat' dir='ltr'><strong>vo-</strong></span> 
     </span>
     <span class='ocr_line' id='line_1_7' title="bbox 299 1807 1618 1896; baseline -0.005 -19"><span class='ocrx_word' id='word_1_57' title='bbox 299 1815 403 1877; x_wconf 76' lang='lat' dir='ltr'><strong>caret?</strong></span> <span class='ocrx_word' id='word_1_58' title='bbox 426 1813 547 1876; x_wconf 91' lang='lat' dir='ltr'><strong>subiret</strong></span> <span class='ocrx_word' id='word_1_59' title='bbox 567 1811 740 1896; x_wconf 89' lang='lat' dir='ltr'><strong>periculum</strong></span> <span class='ocrx_word' id='word_1_60' title='bbox 757 1811 867 1892; x_wconf 90' lang='lat' dir='ltr'><strong>capitis</strong></span> <span class='ocrx_word' id='word_1_61' title='bbox 881 1811 971 1892; x_wconf 80' lang='lat' dir='ltr'><strong>ipsei</strong></span> <span class='ocrx_word' id='word_1_62' title='bbox 993 1810 1188 1892; x_wconf 77' lang='lat' dir='ltr'><strong>inspectante</strong></span> <span class='ocrx_word' id='word_1_63' title='bbox 1203 1808 1321 1890; x_wconf 92' lang='lat' dir='ltr'><strong>populo</strong></span> <span class='ocrx_word' id='word_1_64' title='bbox 1338 1809 1479 1870; x_wconf 85' lang='lat' dir='ltr'><strong>Romano</strong></span> <span class='ocrx_word' id='word_1_65' title='bbox 1493 1814 1540 1871; x_wconf 88' lang='lat' dir='ltr'><strong>tot</strong></span> <span class='ocrx_word' id='word_1_66' title='bbox 1555 1807 1618 1871; x_wconf 90' lang='lat' dir='ltr'><strong>iam</strong></span> 
     </span>
     <span class='ocr_line' id='line_1_8' title="bbox 299 1900 1619 1985; baseline -0.004 -17"><span class='ocrx_word' id='word_1_67' title='bbox 299 1926 422 1970; x_wconf 87' lang='lat' dir='ltr'><strong>menses</strong></span> <span class='ocrx_word' id='word_1_68' title='bbox 451 1915 505 1969; x_wconf 91' lang='lat' dir='ltr'><strong>aut</strong></span> <span class='ocrx_word' id='word_1_69' title='bbox 532 1907 572 1969; x_wconf 93' lang='lat' dir='ltr'><strong>de</strong></span> <span class='ocrx_word' id='word_1_70' title='bbox 601 1905 701 1968; x_wconf 88' lang='lat' dir='ltr'><strong>salute</strong></span> <span class='ocrx_word' id='word_1_71' title='bbox 728 1912 784 1966; x_wconf 91' lang='lat' dir='ltr'><strong>aut</strong></span> <span class='ocrx_word' id='word_1_72' title='bbox 810 1903 849 1965; x_wconf 92' lang='lat' dir='ltr'><strong>de</strong></span> <span class='ocrx_word' id='word_1_73' title='bbox 878 1904 980 1985; x_wconf 89' lang='lat' dir='ltr'><strong>gloria</strong></span> <span class='ocrx_word' id='word_1_74' title='bbox 1007 1903 1196 1966; x_wconf 76' lang='lat' dir='ltr'><strong>dimicaret?</strong></span> <span class='ocrx_word' id='word_1_75' title='bbox 1239 1904 1310 1964; x_wconf 85' lang='lat' dir='ltr'><strong>xx.</strong></span> <span class='ocrx_word' id='word_1_76' title='bbox 1332 1901 1416 1964; x_wconf 88' lang='lat' dir='ltr'><strong>Nihil</strong></span> <span class='ocrx_word' id='word_1_77' title='bbox 1446 1902 1542 1982; x_wconf 92' lang='lat' dir='ltr'><strong>igitur</strong></span> <span class='ocrx_word' id='word_1_78' title='bbox 1562 1900 1619 1964; x_wconf 89' lang='lat' dir='ltr'><strong>illa</strong></span> 
     </span>
     <span class='ocr_line' id='line_1_9' title="bbox 298 1994 1618 2079; baseline -0.002 -18"><span class='ocrx_word' id='word_1_79' title='bbox 298 1999 442 2063; x_wconf 82' lang='lat' dir='ltr'><strong>vicinitas</strong></span> <span class='ocrx_word' id='word_1_80' title='bbox 456 1999 601 2062; x_wconf 86' lang='lat' dir='ltr'><strong>redoleti</strong></span> <span class='ocrx_word' id='word_1_81' title='bbox 623 1997 702 2060; x_wconf 89' lang='lat' dir='ltr'><strong>nibil</strong></span> <span class='ocrx_word' id='word_1_82' title='bbox 717 1996 878 2060; x_wconf 92' lang='lat' dir='ltr'><strong>bominum</strong></span> <span class='ocrx_word' id='word_1_83' title='bbox 893 1996 999 2060; x_wconf 78' lang='lat' dir='ltr'><strong>iamai</strong></span> <span class='ocrx_word' id='word_1_84' title='bbox 1021 1996 1101 2058; x_wconf 92' lang='lat' dir='ltr'><strong>nihil</strong></span> <span class='ocrx_word' id='word_1_85' title='bbox 1115 1997 1210 2060; x_wconf 84' lang='lat' dir='ltr'><strong>Baiae</strong></span> <span class='ocrx_word' id='word_1_86' title='bbox 1225 1995 1363 2079; x_wconf 91' lang='lat' dir='ltr'><strong>denique</strong></span> <span class='ocrx_word' id='word_1_87' title='bbox 1378 1995 1467 2077; x_wconf 86' lang='lat' dir='ltr'><strong>ipsae</strong></span> <span class='ocrx_word' id='word_1_88' title='bbox 1482 1994 1618 2077; x_wconf 89' lang='lat' dir='ltr'><strong>loquun-</strong></span> 
     </span>
     <span class='ocr_line' id='line_1_10' title="bbox 299 2089 1619 2174; baseline -0.003 -19"><span class='ocrx_word' id='word_1_89' title='bbox 299 2096 371 2155; x_wconf 83' lang='lat' dir='ltr'><strong>turi</strong></span> <span class='ocrx_word' id='word_1_90' title='bbox 392 2091 468 2161; x_wconf 86' lang='lat' dir='ltr'><strong>Illae</strong></span> <span class='ocrx_word' id='word_1_91' title='bbox 483 2113 559 2155; x_wconf 87' lang='lat' dir='ltr'><strong>vero</strong></span> <span class='ocrx_word' id='word_1_92' title='bbox 581 2113 645 2156; x_wconf 94' lang='lat' dir='ltr'><strong>non</strong></span> <span class='ocrx_word' id='word_1_93' title='bbox 666 2091 841 2174; x_wconf 92' lang='lat' dir='ltr'><strong>loquuntur</strong></span> <span class='ocrx_word' id='word_1_94' title='bbox 862 2091 982 2164; x_wconf 92' lang='lat' dir='ltr'><strong>solum,</strong></span> <span class='ocrx_word' id='word_1_95' title='bbox 1003 2089 1222 2154; x_wconf 87' lang='lat' dir='ltr'><strong>verumetiam</strong></span> <span class='ocrx_word' id='word_1_96' title='bbox 1237 2095 1425 2171; x_wconf 88' lang='lat' dir='ltr'><strong>personant:</strong></span> <span class='ocrx_word' id='word_1_97' title='bbox 1447 2089 1619 2151; x_wconf 89' lang='lat' dir='ltr'><strong>buconius</strong></span> 
     </span>
     <span class='ocr_line' id='line_1_11' title="bbox 263 2182 1619 2267; baseline -0.001 -19"><span class='ocrx_word' id='word_1_98' title='bbox 263 2185 439 2248; x_wconf 83' lang='lat' dir='ltr'><strong>tomulieris</strong></span> <span class='ocrx_word' id='word_1_99' title='bbox 461 2185 623 2249; x_wconf 87' lang='lat' dir='ltr'><strong>libidinem</strong></span> <span class='ocrx_word' id='word_1_100' title='bbox 645 2205 715 2248; x_wconf 89' lang='lat' dir='ltr'><strong>esse</strong></span> <span class='ocrx_word' id='word_1_101' title='bbox 737 2184 932 2267; x_wconf 84' lang='lat' dir='ltr'><strong>prolapsam,</strong></span> <span class='ocrx_word' id='word_1_102' title='bbox 962 2194 997 2248; x_wconf 93' lang='lat' dir='ltr'><strong>ut</strong></span> <span class='ocrx_word' id='word_1_103' title='bbox 1025 2204 1062 2247; x_wconf 91' lang='lat' dir='ltr'><strong>ea</strong></span> <span class='ocrx_word' id='word_1_104' title='bbox 1083 2204 1148 2247; x_wconf 92' lang='lat' dir='ltr'><strong>non</strong></span> <span class='ocrx_word' id='word_1_105' title='bbox 1170 2185 1264 2246; x_wconf 92' lang='lat' dir='ltr'><strong>modo</strong></span> <span class='ocrx_word' id='word_1_106' title='bbox 1287 2182 1491 2246; x_wconf 85' lang='lat' dir='ltr'><strong>solitudinem</strong></span> <span class='ocrx_word' id='word_1_107' title='bbox 1512 2201 1549 2244; x_wconf 88' lang='lat' dir='ltr'><strong>ae</strong></span> <span class='ocrx_word' id='word_1_108' title='bbox 1572 2188 1619 2246; x_wconf 91' lang='lat' dir='ltr'><strong>tc-</strong></span> 
     </span>
     <span class='ocr_line' id='line_1_12' title="bbox 298 2276 1619 2364; baseline -0.002 -22"><span class='ocrx_word' id='word_1_109' title='bbox 298 2280 411 2342; x_wconf 89' lang='lat' dir='ltr'><strong>nebras</strong></span> <span class='ocrx_word' id='word_1_110' title='bbox 433 2287 528 2364; x_wconf 89' lang='lat' dir='ltr'><strong>atque</strong></span> <span class='ocrx_word' id='word_1_111' title='bbox 550 2279 628 2343; x_wconf 88' lang='lat' dir='ltr'><strong>baec</strong></span> <span class='ocrx_word' id='word_1_112' title='bbox 648 2280 837 2361; x_wconf 84' lang='lat' dir='ltr'><strong>flagitiorum</strong></span> <span class='ocrx_word' id='word_1_113' title='bbox 859 2279 1073 2360; x_wconf 86' lang='lat' dir='ltr'><strong>integumenta</strong></span> <span class='ocrx_word' id='word_1_114' title='bbox 1094 2298 1157 2340; x_wconf 95' lang='lat' dir='ltr'><strong>non</strong></span> <span class='ocrx_word' id='word_1_115' title='bbox 1175 2284 1323 2361; x_wconf 88' lang='lat' dir='ltr'><strong>quaerat,</strong></span> <span class='ocrx_word' id='word_1_116' title='bbox 1345 2276 1400 2339; x_wconf 89' lang='lat' dir='ltr'><strong>sed</strong></span> <span class='ocrx_word' id='word_1_117' title='bbox 1422 2276 1455 2339; x_wconf 92' lang='lat' dir='ltr'><strong>in</strong></span> <span class='ocrx_word' id='word_1_118' title='bbox 1475 2276 1619 2359; x_wconf 87' lang='lat' dir='ltr'><strong>turpissi-</strong></span> 
     </span>
     <span class='ocr_line' id='line_1_13' title="bbox 298 2369 1456 2456; baseline -0.005 -19"><span class='ocrx_word' id='word_1_119' title='bbox 298 2372 358 2437; x_wconf 87' lang='lat' dir='ltr'><strong>mis</strong></span> <span class='ocrx_word' id='word_1_120' title='bbox 379 2373 473 2436; x_wconf 92' lang='lat' dir='ltr'><strong>rebus</strong></span> <span class='ocrx_word' id='word_1_121' title='bbox 495 2372 752 2456; x_wconf 84' lang='lat' dir='ltr'><strong>frequentissima</strong></span> <span class='ocrx_word' id='word_1_122' title='bbox 774 2372 954 2435; x_wconf 89' lang='lat' dir='ltr'><strong>celebritate</strong></span> <span class='ocrx_word' id='word_1_123' title='bbox 976 2379 1009 2435; x_wconf 90' lang='lat' dir='ltr'><strong>et</strong></span> <span class='ocrx_word' id='word_1_124' title='bbox 1030 2370 1201 2435; x_wconf 86' lang='lat' dir='ltr'><strong>clarissima</strong></span> <span class='ocrx_word' id='word_1_125' title='bbox 1222 2371 1292 2434; x_wconf 87' lang='lat' dir='ltr'><strong>lnce</strong></span> <span class='ocrx_word' id='word_1_126' title='bbox 1314 2369 1456 2434; x_wconf 88' lang='lat' dir='ltr'><strong>laetetur.</strong></span> 
     </span>
     <span class='ocr_line' id='line_1_14' title="bbox 382 2462 1619 2550; baseline 0.001 -23"><span class='ocrx_word' id='word_1_127' title='bbox 382 2462 433 2528; x_wconf 83' lang='grc'><strong>48.</strong></span> <span class='ocrx_word' id='word_1_128' title='bbox 455 2468 572 2529; x_wconf 86' lang='lat' dir='ltr'><strong>Verum</strong></span> <span class='ocrx_word' id='word_1_129' title='bbox 595 2467 621 2529; x_wconf 91' lang='lat' dir='ltr'><strong>si</strong></span> <span class='ocrx_word' id='word_1_130' title='bbox 644 2467 717 2550; x_wconf 92' lang='lat' dir='ltr'><strong>quis</strong></span> <span class='ocrx_word' id='word_1_131' title='bbox 739 2474 801 2540; x_wconf 91' lang='lat' dir='ltr'><strong>est,</strong></span> <span class='ocrx_word' id='word_1_132' title='bbox 836 2468 890 2548; x_wconf 90' lang='lat' dir='ltr'><strong>qui</strong></span> <span class='ocrx_word' id='word_1_133' title='bbox 912 2468 1006 2529; x_wconf 89' lang='lat' dir='ltr'><strong>ctiam</strong></span> <span class='ocrx_word' id='word_1_134' title='bbox 1030 2466 1215 2528; x_wconf 88' lang='lat' dir='ltr'><strong>meretriciis</strong></span> <span class='ocrx_word' id='word_1_135' title='bbox 1236 2464 1395 2527; x_wconf 90' lang='lat' dir='ltr'><strong>amoribus</strong></span> <span class='ocrx_word' id='word_1_136' title='bbox 1416 2464 1619 2528; x_wconf 88' lang='lat' dir='ltr'><strong>interdictum</strong></span> 
     </span>
     <span class='ocr_line' id='line_1_15' title="bbox 299 2560 1618 2642; baseline -0.005 -18"><span class='ocrx_word' id='word_1_137' title='bbox 299 2560 453 2625; x_wconf 84' lang='lat' dir='ltr'><strong>iuventuti</strong></span> <span class='ocrx_word' id='word_1_138' title='bbox 474 2567 581 2642; x_wconf 92' lang='lat' dir='ltr'><strong>putet,</strong></span> <span class='ocrx_word' id='word_1_139' title='bbox 604 2569 653 2623; x_wconf 89' lang='lat' dir='ltr'><strong>est</strong></span> <span class='ocrx_word' id='word_1_140' title='bbox 673 2560 727 2623; x_wconf 93' lang='lat' dir='ltr'><strong>ille</strong></span> <span class='ocrx_word' id='word_1_141' title='bbox 751 2560 878 2642; x_wconf 91' lang='lat' dir='ltr'><strong>quidem</strong></span> <span class='ocrx_word' id='word_1_142' title='bbox 894 2560 985 2622; x_wconf 89' lang='lat' dir='ltr'><strong>valde</strong></span> <span class='ocrx_word' id='word_1_143' title='bbox 1007 2579 1136 2623; x_wconf 86' lang='lat' dir='ltr'><strong>severus</strong></span> <span class='ocrx_word' id='word_1_144' title='bbox 1150 2577 1319 2640; x_wconf 89' lang='lat' dir='ltr'><strong>-negare</strong></span> <span class='ocrx_word' id='word_1_145' title='bbox 1340 2577 1405 2620; x_wconf 92' lang='lat' dir='ltr'><strong>non</strong></span> <span class='ocrx_word' id='word_1_146' title='bbox 1426 2578 1554 2641; x_wconf 91' lang='lat' dir='ltr'><strong>possum</strong></span> <span class='ocrx_word' id='word_1_147' title='bbox 1565 2590 1618 2633; x_wconf 92' lang='lat'><strong>-,</strong></span> 
     </span>
     <span class='ocr_line' id='line_1_16' title="bbox 262 2651 1619 2725; baseline -0.001 -8"><span class='ocrx_word' id='word_1_148' title='bbox 262 2672 290 2717; x_wconf 81' lang='lat' dir='ltr'><strong>se</strong></span> <span class='ocrx_word' id='word_1_149' title='bbox 298 2652 355 2717; x_wconf 92' lang='lat' dir='ltr'><strong>sed</strong></span> <span class='ocrx_word' id='word_1_150' title='bbox 377 2653 523 2718; x_wconf 89' lang='lat' dir='ltr'><strong>abhorret</strong></span> <span class='ocrx_word' id='word_1_151' title='bbox 543 2674 607 2716; x_wconf 91' lang='lat' dir='ltr'><strong>non</strong></span> <span class='ocrx_word' id='word_1_152' title='bbox 630 2654 724 2717; x_wconf 92' lang='lat' dir='ltr'><strong>modo</strong></span> <span class='ocrx_word' id='word_1_153' title='bbox 746 2654 785 2717; x_wconf 90' lang='lat' dir='ltr'><strong>ab</strong></span> <span class='ocrx_word' id='word_1_154' title='bbox 807 2654 901 2717; x_wconf 91' lang='lat' dir='ltr'><strong>buius</strong></span> <span class='ocrx_word' id='word_1_155' title='bbox 924 2653 1042 2717; x_wconf 89' lang='lat' dir='ltr'><strong>saeculi</strong></span> <span class='ocrx_word' id='word_1_156' title='bbox 1065 2651 1210 2725; x_wconf 89' lang='lat' dir='ltr'><strong>licentia,</strong></span> <span class='ocrx_word' id='word_1_157' title='bbox 1232 2671 1338 2714; x_wconf 84' lang='lat' dir='ltr'><strong>verum</strong></span> <span class='ocrx_word' id='word_1_158' title='bbox 1362 2651 1456 2715; x_wconf 89' lang='lat' dir='ltr'><strong>etiam</strong></span> <span class='ocrx_word' id='word_1_159' title='bbox 1477 2670 1498 2715; x_wconf 87' lang='lat' dir='ltr'><strong>a</strong></span> <span class='ocrx_word' id='word_1_160' title='bbox 1519 2652 1619 2715; x_wconf 87' lang='lat' dir='ltr'><strong>maio·</strong></span> 
     </span>
     <span class='ocr_line' id='line_1_17' title="bbox 298 2744 1618 2831; baseline -0.002 -21"><span class='ocrx_word' id='word_1_161' title='bbox 298 2768 367 2810; x_wconf 88' lang='lat' dir='ltr'><strong>rum</strong></span> <span class='ocrx_word' id='word_1_162' title='bbox 395 2748 623 2810; x_wconf 89' lang='lat' dir='ltr'><strong>consuetudine</strong></span> <span class='ocrx_word' id='word_1_163' title='bbox 651 2756 746 2831; x_wconf 90' lang='lat' dir='ltr'><strong>atque</strong></span> <span class='ocrx_word' id='word_1_164' title='bbox 774 2748 941 2811; x_wconf 87' lang='lat' dir='ltr'><strong>concessis.</strong></span> <span class='ocrx_word' id='word_1_165' title='bbox 984 2745 1117 2822; x_wconf 87' lang='lat' dir='ltr'><strong>Quando</strong></span> <span class='ocrx_word' id='word_1_166' title='bbox 1146 2746 1228 2808; x_wconf 92' lang='lat' dir='ltr'><strong>enim</strong></span> <span class='ocrx_word' id='word_1_167' title='bbox 1255 2745 1315 2806; x_wconf 90' lang='lat' dir='ltr'><strong>boe</strong></span> <span class='ocrx_word' id='word_1_168' title='bbox 1336 2763 1400 2808; x_wconf 93' lang='lat' dir='ltr'><strong>non</strong></span> <span class='ocrx_word' id='word_1_169' title='bbox 1421 2744 1536 2807; x_wconf 85' lang='lat' dir='ltr'><strong>iactum</strong></span> <span class='ocrx_word' id='word_1_170' title='bbox 1560 2753 1618 2820; x_wconf 83' lang='lat' dir='ltr'><strong>est,</strong></span> 
     </span>
     <span class='ocr_line' id='line_1_18' title="bbox 298 2836 1619 2925; baseline 0 -23"><span class='ocrx_word' id='word_1_171' title='bbox 298 2840 426 2925; x_wconf 92' lang='lat' dir='ltr'><strong>qnando</strong></span> <span class='ocrx_word' id='word_1_172' title='bbox 448 2841 691 2924; x_wconf 88' lang='lat' dir='ltr'><strong>reprehensum,</strong></span> <span class='ocrx_word' id='word_1_173' title='bbox 722 2840 849 2924; x_wconf 90' lang='lat' dir='ltr'><strong>qnando</strong></span> <span class='ocrx_word' id='word_1_174' title='bbox 870 2861 934 2903; x_wconf 95' lang='lat' dir='ltr'><strong>non</strong></span> <span class='ocrx_word' id='word_1_175' title='bbox 955 2840 1164 2924; x_wconf 75' lang='lat' dir='ltr'><strong>permissum?</strong></span> <span class='ocrx_word' id='word_1_176' title='bbox 1196 2837 1323 2921; x_wconf 92' lang='lat' dir='ltr'><strong>quando</strong></span> <span class='ocrx_word' id='word_1_177' title='bbox 1345 2837 1481 2922; x_wconf 87' lang='lat' dir='ltr'><strong>deniqne</strong></span> <span class='ocrx_word' id='word_1_178' title='bbox 1502 2836 1564 2900; x_wconf 83' lang='lat' dir='ltr'><strong>tuit</strong></span> <span class='ocrx_word' id='word_1_179' title='bbox 1582 2846 1619 2902; x_wconf 96' lang='lat' dir='ltr'><strong>ut</strong></span> 
     </span>
     <span class='ocr_line' id='line_1_19' title="bbox 299 2930 1618 3017; baseline -0.002 -21"><span class='ocrx_word' id='word_1_180' title='bbox 299 2934 385 3017; x_wconf 90' lang='lat' dir='ltr'><strong>quod</strong></span> <span class='ocrx_word' id='word_1_181' title='bbox 415 2933 487 2997; x_wconf 89' lang='lat' dir='ltr'><strong>licet</strong></span> <span class='ocrx_word' id='word_1_182' title='bbox 517 2955 580 2998; x_wconf 93' lang='lat' dir='ltr'><strong>non</strong></span> <span class='ocrx_word' id='word_1_183' title='bbox 609 2934 740 2998; x_wconf 85' lang='lat' dir='ltr'><strong>licereti</strong></span> <span class='ocrx_word' id='word_1_184' title='bbox 771 2934 831 2996; x_wconf 89' lang='lat' dir='ltr'><strong>Hic</strong></span> <span class='ocrx_word' id='word_1_185' title='bbox 863 2953 920 3015; x_wconf 94' lang='lat' dir='ltr'><strong>ego</strong></span> <span class='ocrx_word' id='word_1_186' title='bbox 942 2933 1003 2996; x_wconf 91' lang='lat' dir='ltr'><strong>iam</strong></span> <span class='ocrx_word' id='word_1_187' title='bbox 1027 2953 1092 2995; x_wconf 92' lang='lat' dir='ltr'><strong>rem</strong></span> <span class='ocrx_word' id='word_1_188' title='bbox 1115 2930 1279 2996; x_wconf 88' lang='lat' dir='ltr'><strong>deliniam:</strong></span> <span class='ocrx_word' id='word_1_189' title='bbox 1312 2931 1476 2995; x_wconf 88' lang='lat' dir='ltr'><strong>mulierem</strong></span> <span class='ocrx_word' id='word_1_190' title='bbox 1498 2931 1618 2995; x_wconf 91' lang='lat' dir='ltr'><strong>nullam</strong></span> 
     </span>
     <span class='ocr_line' id='line_1_20' title="bbox 298 3023 1619 3109; baseline -0.002 -20"><span class='ocrx_word' id='word_1_191' title='bbox 298 3028 490 3090; x_wconf 73' lang='lat' dir='ltr'><strong>nominaboa</strong></span> <span class='ocrx_word' id='word_1_192' title='bbox 511 3035 633 3090; x_wconf 90' lang='lat' dir='ltr'><strong>tantum</strong></span> <span class='ocrx_word' id='word_1_193' title='bbox 655 3028 688 3090; x_wconf 93' lang='lat' dir='ltr'><strong>in</strong></span> <span class='ocrx_word' id='word_1_194' title='bbox 710 3028 815 3090; x_wconf 88' lang='lat' dir='ltr'><strong>medio</strong></span> <span class='ocrx_word' id='word_1_195' title='bbox 837 3026 1023 3109; x_wconf 85' lang='lat' dir='ltr'><strong>relinquam.</strong></span> <span class='ocrx_word' id='word_1_196' title='bbox 1067 3023 1117 3087; x_wconf 82' lang='grc'><strong>49.</strong></span> <span class='ocrx_word' id='word_1_197' title='bbox 1141 3027 1173 3088; x_wconf 88' lang='lat' dir='ltr'><strong>Si</strong></span> <span class='ocrx_word' id='word_1_198' title='bbox 1197 3045 1278 3109; x_wconf 91' lang='lat' dir='ltr'><strong>quae</strong></span> <span class='ocrx_word' id='word_1_199' title='bbox 1301 3045 1366 3087; x_wconf 91' lang='lat' dir='ltr'><strong>non</strong></span> <span class='ocrx_word' id='word_1_200' title='bbox 1387 3031 1486 3107; x_wconf 90' lang='lat' dir='ltr'><strong>nupta</strong></span> <span class='ocrx_word' id='word_1_201' title='bbox 1504 3024 1619 3087; x_wconf 87' lang='lat' dir='ltr'><strong>mulier</strong></span> 
     </span>
     <span class='ocr_line' id='line_1_21' title="bbox 261 3119 1619 3203; baseline -0.002 -18"><span class='ocrx_word' id='word_1_202' title='bbox 261 3119 423 3185; x_wconf 85' lang='lat' dir='ltr'><strong>sodomum</strong></span> <span class='ocrx_word' id='word_1_203' title='bbox 447 3140 535 3184; x_wconf 89' lang='lat' dir='ltr'><strong>suam</strong></span> <span class='ocrx_word' id='word_1_204' title='bbox 556 3120 739 3203; x_wconf 79' lang='lat' dir='ltr'><strong>patefecerit</strong></span> <span class='ocrx_word' id='word_1_205' title='bbox 760 3121 900 3183; x_wconf 91' lang='lat' dir='ltr'><strong>omnium</strong></span> <span class='ocrx_word' id='word_1_206' title='bbox 921 3120 1086 3202; x_wconf 88' lang='lat' dir='ltr'><strong>cupiditati</strong></span> <span class='ocrx_word' id='word_1_207' title='bbox 1107 3121 1273 3203; x_wconf 89' lang='lat' dir='ltr'><strong>palamque</strong></span> <span class='ocrx_word' id='word_1_208' title='bbox 1295 3140 1366 3182; x_wconf 88' lang='lat' dir='ltr'><strong>sese</strong></span> <span class='ocrx_word' id='word_1_209' title='bbox 1387 3119 1420 3181; x_wconf 90' lang='lat' dir='ltr'><strong>in</strong></span> <span class='ocrx_word' id='word_1_210' title='bbox 1442 3119 1619 3182; x_wconf 85' lang='lat' dir='ltr'><strong>meretricie</strong></span> 
     </span>
     <span class='ocr_line' id='line_1_22' title="bbox 298 3211 1619 3287; baseline 0 -11"><span class='ocrx_word' id='word_1_211' title='bbox 298 3214 361 3276; x_wconf 81' lang='lat' dir='ltr'><strong>rita</strong></span> <span class='ocrx_word' id='word_1_212' title='bbox 387 3213 565 3287; x_wconf 89' lang='lat' dir='ltr'><strong>collocarit,</strong></span> <span class='ocrx_word' id='word_1_213' title='bbox 592 3216 730 3277; x_wconf 88' lang='lat' dir='ltr'><strong>virorum</strong></span> <span class='ocrx_word' id='word_1_214' title='bbox 758 3214 1021 3277; x_wconf 87' lang='lat' dir='ltr'><strong>alienissimorum</strong></span> <span class='ocrx_word' id='word_1_215' title='bbox 1048 3214 1198 3277; x_wconf 87' lang='lat' dir='ltr'><strong>conviviis</strong></span> <span class='ocrx_word' id='word_1_216' title='bbox 1225 3214 1271 3276; x_wconf 93' lang='lat' dir='ltr'><strong>uti</strong></span> <span class='ocrx_word' id='word_1_217' title='bbox 1292 3212 1478 3287; x_wconf 89' lang='lat' dir='ltr'><strong>instituerit;</strong></span> <span class='ocrx_word' id='word_1_218' title='bbox 1508 3211 1536 3276; x_wconf 89' lang='lat' dir='ltr'><strong>si</strong></span> <span class='ocrx_word' id='word_1_219' title='bbox 1557 3211 1619 3276; x_wconf 91' lang='lat' dir='ltr'><strong>boc</strong></span> 
     </span>
     <span class='ocr_line' id='line_1_23' title="bbox 298 3306 1619 3390; baseline -0.001 -20"><span class='ocrx_word' id='word_1_220' title='bbox 298 3307 332 3370; x_wconf 94' lang='lat' dir='ltr'><strong>in</strong></span> <span class='ocrx_word' id='word_1_221' title='bbox 352 3306 447 3379; x_wconf 90' lang='lat' dir='ltr'><strong>urbe,</strong></span> <span class='ocrx_word' id='word_1_222' title='bbox 477 3308 503 3368; x_wconf 89' lang='lat' dir='ltr'><strong>si</strong></span> <span class='ocrx_word' id='word_1_223' title='bbox 532 3308 564 3370; x_wconf 94' lang='lat' dir='ltr'><strong>in</strong></span> <span class='ocrx_word' id='word_1_224' title='bbox 593 3307 709 3381; x_wconf 90' lang='lat' dir='ltr'><strong>bortis,</strong></span> <span class='ocrx_word' id='word_1_225' title='bbox 740 3308 766 3369; x_wconf 89' lang='lat' dir='ltr'><strong>si</strong></span> <span class='ocrx_word' id='word_1_226' title='bbox 789 3308 820 3369; x_wconf 92' lang='lat' dir='ltr'><strong>in</strong></span> <span class='ocrx_word' id='word_1_227' title='bbox 843 3308 986 3369; x_wconf 90' lang='lat' dir='ltr'><strong>Baiarum</strong></span> <span class='ocrx_word' id='word_1_228' title='bbox 1009 3306 1062 3369; x_wconf 90' lang='lat' dir='ltr'><strong>illa</strong></span> <span class='ocrx_word' id='word_1_229' title='bbox 1084 3306 1266 3369; x_wconf 85' lang='lat' dir='ltr'><strong>celebritate</strong></span> <span class='ocrx_word' id='word_1_230' title='bbox 1288 3306 1400 3381; x_wconf 83' lang='lat' dir='ltr'><strong>iaciat,</strong></span> <span class='ocrx_word' id='word_1_231' title='bbox 1429 3307 1455 3369; x_wconf 93' lang='lat' dir='ltr'><strong>si</strong></span> <span class='ocrx_word' id='word_1_232' title='bbox 1477 3306 1619 3390; x_wconf 89' lang='lat' dir='ltr'><strong>denique</strong></span> 
     </span>
     <span class='ocr_line' id='line_1_24' title="bbox 299 3400 1618 3485; baseline 0 -22"><span class='ocrx_word' id='word_1_233' title='bbox 299 3402 343 3463; x_wconf 85' lang='lat' dir='ltr'><strong>itu</strong></span> <span class='ocrx_word' id='word_1_234' title='bbox 365 3421 435 3464; x_wconf 88' lang='lat' dir='ltr'><strong>sese</strong></span> <span class='ocrx_word' id='word_1_235' title='bbox 456 3409 544 3485; x_wconf 89' lang='lat' dir='ltr'><strong>gerat</strong></span> <span class='ocrx_word' id='word_1_236' title='bbox 565 3421 629 3464; x_wconf 90' lang='lat' dir='ltr'><strong>non</strong></span> <span class='ocrx_word' id='word_1_237' title='bbox 650 3402 777 3464; x_wconf 90' lang='lat' dir='ltr'><strong>incessu</strong></span> <span class='ocrx_word' id='word_1_238' title='bbox 799 3401 917 3474; x_wconf 92' lang='lat' dir='ltr'><strong>solum,</strong></span> <span class='ocrx_word' id='word_1_239' title='bbox 946 3400 1002 3462; x_wconf 88' lang='lat' dir='ltr'><strong>sed</strong></span> <span class='ocrx_word' id='word_1_240' title='bbox 1025 3407 1137 3463; x_wconf 89' lang='lat' dir='ltr'><strong>ornatu</strong></span> <span class='ocrx_word' id='word_1_241' title='bbox 1159 3408 1255 3482; x_wconf 92' lang='lat' dir='ltr'><strong>atque</strong></span> <span class='ocrx_word' id='word_1_242' title='bbox 1277 3402 1445 3473; x_wconf 91' lang='lat' dir='ltr'><strong>comitatu,</strong></span> <span class='ocrx_word' id='word_1_243' title='bbox 1476 3420 1540 3463; x_wconf 90' lang='lat' dir='ltr'><strong>non</strong></span> <span class='ocrx_word' id='word_1_244' title='bbox 1563 3402 1618 3463; x_wconf 86' lang='lat' dir='ltr'><strong>ssa·</strong></span> 
     </span>
     <span class='ocr_line' id='line_1_25' title="bbox 299 3493 1618 3577; baseline 0.001 -21"><span class='ocrx_word' id='word_1_245' title='bbox 299 3495 419 3577; x_wconf 89' lang='lat' dir='ltr'><strong>grantia</strong></span> <span class='ocrx_word' id='word_1_246' title='bbox 440 3495 621 3568; x_wconf 88' lang='lat' dir='ltr'><strong>oculorum,</strong></span> <span class='ocrx_word' id='word_1_247' title='bbox 643 3515 706 3559; x_wconf 93' lang='lat' dir='ltr'><strong>non</strong></span> <span class='ocrx_word' id='word_1_248' title='bbox 727 3494 871 3557; x_wconf 85' lang='lat' dir='ltr'><strong>libertate</strong></span> <span class='ocrx_word' id='word_1_249' title='bbox 893 3496 1062 3567; x_wconf 89' lang='lat' dir='ltr'><strong>sermonis,</strong></span> <span class='ocrx_word' id='word_1_250' title='bbox 1094 3494 1149 3556; x_wconf 92' lang='lat' dir='ltr'><strong>sed</strong></span> <span class='ocrx_word' id='word_1_251' title='bbox 1172 3495 1264 3556; x_wconf 92' lang='lat' dir='ltr'><strong>etiam</strong></span> <span class='ocrx_word' id='word_1_252' title='bbox 1287 3493 1472 3575; x_wconf 83' lang='lat' dir='ltr'><strong>complexu,</strong></span> <span class='ocrx_word' id='word_1_253' title='bbox 1494 3495 1618 3558; x_wconf 87' lang='lat' dir='ltr'><strong>oscula·</strong></span> 
     </span>
     <span class='ocr_line' id='line_1_26' title="bbox 263 3587 1618 3672; baseline -0.003 -17"><span class='ocrx_word' id='word_1_254' title='bbox 263 3589 402 3662; x_wconf 81' lang='lat' dir='ltr'><strong>sotione,</strong></span> <span class='ocrx_word' id='word_1_255' title='bbox 431 3590 541 3672; x_wconf 89' lang='lat' dir='ltr'><strong>aquis,</strong></span> <span class='ocrx_word' id='word_1_256' title='bbox 570 3590 786 3671; x_wconf 88' lang='lat' dir='ltr'><strong>navigatione,</strong></span> <span class='ocrx_word' id='word_1_257' title='bbox 808 3588 977 3661; x_wconf 86' lang='lat' dir='ltr'><strong>conviviis,</strong></span> <span class='ocrx_word' id='word_1_258' title='bbox 1003 3596 1122 3650; x_wconf 92' lang='lat' dir='ltr'><strong>utnon</strong></span> <span class='ocrx_word' id='word_1_259' title='bbox 1146 3587 1248 3650; x_wconf 91' lang='lat' dir='ltr'><strong>solum</strong></span> <span class='ocrx_word' id='word_1_260' title='bbox 1271 3588 1435 3660; x_wconf 84' lang='lat' dir='ltr'><strong>meretrix,</strong></span> <span class='ocrx_word' id='word_1_261' title='bbox 1456 3589 1506 3651; x_wconf 85' lang='lat' dir='ltr'><strong>sed</strong></span> <span class='ocrx_word' id='word_1_262' title='bbox 1527 3589 1618 3651; x_wconf 84' lang='lat' dir='ltr'><strong>etiam</strong></span> 
     </span>
     <span class='ocr_line' id='line_1_27' title="bbox 294 3681 1616 3766; baseline 0.002 -22"><span class='ocrx_word' id='word_1_263' title='bbox 294 3693 437 3765; x_wconf 82' lang='lat' dir='ltr'><strong>proterea</strong></span> <span class='ocrx_word' id='word_1_264' title='bbox 463 3685 607 3746; x_wconf 75' lang='lat' dir='ltr'><strong>meretrix</strong></span> <span class='ocrx_word' id='word_1_265' title='bbox 635 3703 817 3766; x_wconf 83' lang='lat' dir='ltr'><strong>procaxque</strong></span> <span class='ocrx_word' id='word_1_266' title='bbox 839 3683 997 3745; x_wconf 89' lang='lat' dir='ltr'><strong>videatur:</strong></span> <span class='ocrx_word' id='word_1_267' title='bbox 1028 3703 1098 3745; x_wconf 91' lang='lat' dir='ltr'><strong>cum</strong></span> <span class='ocrx_word' id='word_1_268' title='bbox 1121 3682 1179 3744; x_wconf 91' lang='lat' dir='ltr'><strong>bac</strong></span> <span class='ocrx_word' id='word_1_269' title='bbox 1201 3683 1228 3744; x_wconf 94' lang='lat' dir='ltr'><strong>si</strong></span> <span class='ocrx_word' id='word_1_270' title='bbox 1251 3683 1307 3766; x_wconf 92' lang='lat' dir='ltr'><strong>qui</strong></span> <span class='ocrx_word' id='word_1_271' title='bbox 1328 3681 1513 3746; x_wconf 88' lang='lat' dir='ltr'><strong>adolescens</strong></span> <span class='ocrx_word' id='word_1_272' title='bbox 1534 3682 1616 3765; x_wconf 75' lang='lat' dir='ltr'><strong>forte</strong></span> 
     </span>
     <span class='ocr_line' id='line_1_28' title="bbox 298 3776 1617 3861; baseline 0.001 -22"><span class='ocrx_word' id='word_1_273' title='bbox 298 3776 407 3850; x_wconf 83' lang='lat' dir='ltr'><strong>fuerit,</strong></span> <span class='ocrx_word' id='word_1_274' title='bbox 429 3785 532 3840; x_wconf 90' lang='lat' dir='ltr'><strong>utrum</strong></span> <span class='ocrx_word' id='word_1_275' title='bbox 554 3777 605 3841; x_wconf 92' lang='lat' dir='ltr'><strong>bic</strong></span> <span class='ocrx_word' id='word_1_276' title='bbox 626 3776 699 3849; x_wconf 91' lang='lat' dir='ltr'><strong>tibi,</strong></span> <span class='ocrx_word' id='word_1_277' title='bbox 722 3777 756 3837; x_wconf 89' lang='lat' dir='ltr'><strong>L.</strong></span> <span class='ocrx_word' id='word_1_278' title='bbox 779 3776 935 3849; x_wconf 85' lang='lat' dir='ltr'><strong>Herenni,</strong></span> <span class='ocrx_word' id='word_1_279' title='bbox 958 3776 1081 3839; x_wconf 91' lang='lat' dir='ltr'><strong>adulter</strong></span> <span class='ocrx_word' id='word_1_280' title='bbox 1101 3797 1141 3840; x_wconf 86' lang='lat' dir='ltr'><strong>an</strong></span> <span class='ocrx_word' id='word_1_281' title='bbox 1159 3784 1295 3850; x_wconf 89' lang='lat' dir='ltr'><strong>amator,</strong></span> <span class='ocrx_word' id='word_1_282' title='bbox 1319 3794 1500 3858; x_wconf 84' lang='lat' dir='ltr'><strong>expugnare</strong></span> <span class='ocrx_word' id='word_1_283' title='bbox 1522 3777 1617 3861; x_wconf 90' lang='lat' dir='ltr'><strong>pudi-</strong></span> 
     </span>
     <span class='ocr_line' id='line_1_29' title="bbox 300 3868 1617 3952; baseline -0.001 -18"><span class='ocrx_word' id='word_1_284' title='bbox 300 3871 405 3935; x_wconf 89' lang='lat' dir='ltr'><strong>citiam</strong></span> <span class='ocrx_word' id='word_1_285' title='bbox 433 3890 474 3933; x_wconf 89' lang='lat' dir='ltr'><strong>an</strong></span> <span class='ocrx_word' id='word_1_286' title='bbox 499 3870 628 3952; x_wconf 85' lang='lat' dir='ltr'><strong>explere</strong></span> <span class='ocrx_word' id='word_1_287' title='bbox 659 3868 822 3933; x_wconf 89' lang='lat' dir='ltr'><strong>libidinem</strong></span> <span class='ocrx_word' id='word_1_288' title='bbox 843 3869 984 3933; x_wconf 83' lang='lat' dir='ltr'><strong>soluisse</strong></span> <span class='ocrx_word' id='word_1_289' title='bbox 1006 3870 1172 3933; x_wconf 77' lang='lat' dir='ltr'><strong>rideatur?</strong></span> <span class='ocrx_word' id='word_1_290' title='bbox 1209 3868 1260 3931; x_wconf 82' lang='lat'><strong>50.</strong></span> <span class='ocrx_word' id='word_1_291' title='bbox 1283 3868 1462 3933; x_wconf 86' lang='lat' dir='ltr'><strong>Obliviscor</strong></span> <span class='ocrx_word' id='word_1_292' title='bbox 1483 3869 1546 3933; x_wconf 87' lang='lat' dir='ltr'><strong>iam</strong></span> <span class='ocrx_word' id='word_1_293' title='bbox 1567 3871 1617 3933; x_wconf 86' lang='lat' dir='ltr'><strong>io·</strong></span> 
     </span>
     <span class='ocr_line' id='line_1_30' title="bbox 299 3963 1617 4045; baseline 0.002 -19"><span class='ocrx_word' id='word_1_294' title='bbox 299 3965 396 4027; x_wconf 86' lang='lat' dir='ltr'><strong>iuriae</strong></span> <span class='ocrx_word' id='word_1_295' title='bbox 419 3973 506 4038; x_wconf 89' lang='lat' dir='ltr'><strong>tuas,</strong></span> <span class='ocrx_word' id='word_1_296' title='bbox 529 3963 654 4038; x_wconf 84' lang='lat' dir='ltr'><strong>Clodia3</strong></span> <span class='ocrx_word' id='word_1_297' title='bbox 677 3964 802 4045; x_wconf 90' lang='lat' dir='ltr'><strong>depono</strong></span> <span class='ocrx_word' id='word_1_298' title='bbox 824 3964 1006 4026; x_wconf 88' lang='lat' dir='ltr'><strong>memoriam</strong></span> <span class='ocrx_word' id='word_1_299' title='bbox 1027 3965 1147 4027; x_wconf 92' lang='lat' dir='ltr'><strong>doloris</strong></span> <span class='ocrx_word' id='word_1_300' title='bbox 1169 3965 1247 4035; x_wconf 89' lang='lat' dir='ltr'><strong>mei;</strong></span> <span class='ocrx_word' id='word_1_301' title='bbox 1273 3983 1354 4045; x_wconf 88' lang='lat' dir='ltr'><strong>quae</strong></span> <span class='ocrx_word' id='word_1_302' title='bbox 1375 3964 1430 4027; x_wconf 90' lang='lat' dir='ltr'><strong>abs</strong></span> <span class='ocrx_word' id='word_1_303' title='bbox 1452 3971 1484 4027; x_wconf 88' lang='lat' dir='ltr'><strong>te</strong></span> <span class='ocrx_word' id='word_1_304' title='bbox 1505 3965 1617 4030; x_wconf 87' lang='lat' dir='ltr'><strong>crude·</strong></span> 
     </span>
     <span class='ocr_line' id='line_1_31' title="bbox 262 4055 1616 4140; baseline -0.001 -17"><span class='ocrx_word' id='word_1_305' title='bbox 262 4057 371 4123; x_wconf 76' lang='lat' dir='ltr'><strong>taliter</strong></span> <span class='ocrx_word' id='word_1_306' title='bbox 393 4059 426 4121; x_wconf 94' lang='lat' dir='ltr'><strong>in</strong></span> <span class='ocrx_word' id='word_1_307' title='bbox 448 4078 534 4121; x_wconf 92' lang='lat' dir='ltr'><strong>meos</strong></span> <span class='ocrx_word' id='word_1_308' title='bbox 556 4077 605 4120; x_wconf 91' lang='lat' dir='ltr'><strong>me</strong></span> <span class='ocrx_word' id='word_1_309' title='bbox 627 4058 756 4120; x_wconf 88' lang='lat' dir='ltr'><strong>absente</strong></span> <span class='ocrx_word' id='word_1_310' title='bbox 777 4055 859 4119; x_wconf 83' lang='lat' dir='ltr'><strong>iacta</strong></span> <span class='ocrx_word' id='word_1_311' title='bbox 881 4067 970 4131; x_wconf 90' lang='lat' dir='ltr'><strong>sunt,</strong></span> <span class='ocrx_word' id='word_1_312' title='bbox 998 4058 1140 4140; x_wconf 87' lang='lat' dir='ltr'><strong>negligo:</strong></span> <span class='ocrx_word' id='word_1_313' title='bbox 1166 4078 1206 4120; x_wconf 95' lang='lat' dir='ltr'><strong>ne</strong></span> <span class='ocrx_word' id='word_1_314' title='bbox 1229 4058 1292 4120; x_wconf 90' lang='lat' dir='ltr'><strong>sint</strong></span> <span class='ocrx_word' id='word_1_315' title='bbox 1313 4057 1391 4120; x_wconf 86' lang='lat' dir='ltr'><strong>baec</strong></span> <span class='ocrx_word' id='word_1_316' title='bbox 1413 4058 1446 4120; x_wconf 92' lang='lat' dir='ltr'><strong>in</strong></span> <span class='ocrx_word' id='word_1_317' title='bbox 1468 4067 1500 4122; x_wconf 92' lang='lat' dir='ltr'><strong>te</strong></span> <span class='ocrx_word' id='word_1_318' title='bbox 1522 4059 1616 4133; x_wconf 86' lang='lat' dir='ltr'><strong>diota,</strong></span> 
     </span>
     <span class='ocr_line' id='line_1_32' title="bbox 301 4151 1616 4267; baseline 0.001 -52"><span class='ocrx_word' id='word_1_319' title='bbox 301 4172 381 4236; x_wconf 88' lang='lat' dir='ltr'><strong>quae</strong></span> <span class='ocrx_word' id='word_1_320' title='bbox 402 4153 480 4214; x_wconf 83' lang='lat' dir='ltr'><strong>dixi.</strong></span> <span class='ocrx_word' id='word_1_321' title='bbox 517 4152 579 4214; x_wconf 88' lang='lat' dir='ltr'><strong>Sed</strong></span> <span class='ocrx_word' id='word_1_322' title='bbox 601 4171 642 4215; x_wconf 83' lang='lat' dir='ltr'><strong>ex</strong></span> <span class='ocrx_word' id='word_1_323' title='bbox 664 4158 695 4214; x_wconf 92' lang='lat' dir='ltr'><strong>te</strong></span> <span class='ocrx_word' id='word_1_324' title='bbox 716 4151 785 4233; x_wconf 90' lang='lat' dir='ltr'><strong>ipsa</strong></span> <span class='ocrx_word' id='word_1_325' title='bbox 806 4152 950 4267; x_wconf 68' lang='lat' dir='ltr'><strong>qequiro,</strong></span> <span class='ocrx_word' id='word_1_326' title='bbox 979 4152 1128 4234; x_wconf 89' lang='lat' dir='ltr'><strong>quoniam</strong></span> <span class='ocrx_word' id='word_1_327' title='bbox 1150 4158 1182 4214; x_wconf 90' lang='lat' dir='ltr'><strong>et</strong></span> <span class='ocrx_word' id='word_1_328' title='bbox 1203 4152 1319 4214; x_wconf 91' lang='lat' dir='ltr'><strong>crimen</strong></span> <span class='ocrx_word' id='word_1_329' title='bbox 1340 4158 1538 4216; x_wconf 86' lang='lat' dir='ltr'><strong>accusatores</strong></span> <span class='ocrx_word' id='word_1_330' title='bbox 1560 4151 1616 4217; x_wconf 88' lang='lat' dir='ltr'><strong>abs</strong></span> 
     </span>
    </p>
   </div>
   <div class='ocr_carea' id='block_1_4' title="bbox 295 4513 1616 5927">
    <p class='ocr_par' dir='ltr' id='par_1_4' title="bbox 295 4513 1616 5927">
     <span class='ocr_line' id='line_1_33' title="bbox 366 4513 1615 4580; baseline 0.005 -17"><span class='ocrx_word' id='word_1_331' title='bbox 366 4516 388 4563; x_wconf 90' lang='lat' dir='ltr'><strong>l.</strong></span> <span class='ocrx_word' id='word_1_332' title='bbox 408 4516 491 4575; x_wconf 81' lang='lat' dir='ltr'><strong>Quare</strong></span> <span class='ocrx_word' id='word_1_333' title='bbox 507 4515 533 4561; x_wconf 83' lang='lat' dir='ltr'><strong>in</strong></span> <span class='ocrx_word' id='word_1_334' title='bbox 549 4513 573 4561; x_wconf 82' lang='lat' dir='ltr'><strong>li.</strong></span> <span class='ocrx_word' id='word_1_335' title='bbox 591 4527 616 4576; x_wconf 77' lang='lat' dir='ltr'><strong>g.</strong></span> <span class='ocrx_word' id='word_1_336' title='bbox 635 4513 706 4561; x_wconf 89' lang='lat' dir='ltr'><strong>labor</strong></span> <span class='ocrx_word' id='word_1_337' title='bbox 722 4514 822 4575; x_wconf 71' lang='lat' dir='ltr'><strong>offendit</strong></span> <span class='ocrx_word' id='word_1_338' title='bbox 838 4514 946 4564; x_wconf 85' lang='lat' dir='ltr'><strong>bomiaes</strong></span> <span class='ocrx_word' id='word_1_339' title='bbox 962 4529 979 4564; x_wconf 93' lang='lat' dir='ltr'><strong>a</strong></span> <span class='ocrx_word' id='word_1_340' title='bbox 995 4516 1122 4576; x_wconf 81' lang='lat' dir='ltr'><strong>studioque</strong></span> <span class='ocrx_word' id='word_1_341' title='bbox 1133 4513 1289 4577; x_wconf 80' lang='lat' dir='ltr'><strong>Madvigius:</strong></span> <span class='ocrx_word' id='word_1_342' title='bbox 1308 4529 1386 4576; x_wconf 82' lang='lat' dir='ltr'><strong>quare</strong></span> <span class='ocrx_word' id='word_1_343' title='bbox 1402 4516 1428 4564; x_wconf 84' lang='lat' dir='ltr'><strong>ia</strong></span> <span class='ocrx_word' id='word_1_344' title='bbox 1444 4515 1468 4564; x_wconf 83' lang='lat' dir='ltr'><strong>b.</strong></span> <span class='ocrx_word' id='word_1_345' title='bbox 1481 4530 1507 4580; x_wconf 78' lang='lat' dir='ltr'><strong>p.</strong></span> <span class='ocrx_word' id='word_1_346' title='bbox 1520 4517 1615 4570; x_wconf 86' lang='lat' dir='ltr'><strong>labere·</strong></span> 
     </span>
     <span class='ocr_line' id='line_1_34' title="bbox 297 4588 1616 4654; baseline 0.005 -17"><span class='ocrx_word' id='word_1_347' title='bbox 297 4590 371 4654; x_wconf 72' lang='lat' dir='ltr'><strong>standi</strong></span> <span class='ocrx_word' id='word_1_348' title='bbox 388 4588 468 4651; x_wconf 87' lang='lat' dir='ltr'><strong>(labor</strong></span> <span class='ocrx_word' id='word_1_349' title='bbox 484 4589 612 4649; x_wconf 74' lang='lat' dir='ltr'><strong>confitendi</strong></span> <span class='ocrx_word' id='word_1_350' title='bbox 629 4589 648 4637; x_wconf 90' lang='lat' dir='ltr'>E</span> <span class='ocrx_word' id='word_1_351' title='bbox 658 4589 685 4648; x_wconf 82' lang='lat' dir='ltr'><strong>G)</strong></span> <span class='ocrx_word' id='word_1_352' title='bbox 703 4589 811 4654; x_wconf 67' lang='lat' dir='ltr'><strong>bernium</strong></span> <span class='ocrx_word' id='word_1_353' title='bbox 828 4603 844 4637; x_wconf 88' lang='lat' dir='ltr'><strong>a</strong></span> <span class='ocrx_word' id='word_1_354' title='bbox 861 4591 987 4651; x_wconf 82' lang='lat' dir='ltr'><strong>studioque</strong></span> <span class='ocrx_word' id='word_1_355' title='bbox 1003 4593 1022 4642; x_wconf 91' lang='lat' dir='ltr'>P</span> <span class='ocrx_word' id='word_1_356' title='bbox 1032 4591 1051 4640; x_wconf 86' lang='lat' dir='ltr'>E</span> <span class='ocrx_word' id='word_1_357' title='bbox 1061 4591 1080 4639; x_wconf 89' lang='lat' dir='ltr'>G</span> <span class='ocrx_word' id='word_1_358' title='bbox 1089 4604 1094 4648; x_wconf 86' lang='lat'>;</span> <span class='ocrx_word' id='word_1_359' title='bbox 1120 4591 1188 4650; x_wconf 80' lang='lat' dir='ltr'><strong>Oeae</strong></span> <span class='ocrx_word' id='word_1_360' title='bbox 1203 4602 1242 4639; x_wconf 88' lang='lat' dir='ltr'><strong>res</strong></span> <span class='ocrx_word' id='word_1_361' title='bbox 1258 4590 1285 4638; x_wconf 82' lang='lat' dir='ltr'><strong>in</strong></span> <span class='ocrx_word' id='word_1_362' title='bbox 1298 4591 1322 4639; x_wconf 82' lang='lat' dir='ltr'><strong>tr.</strong></span> <span class='ocrx_word' id='word_1_363' title='bbox 1334 4605 1359 4654; x_wconf 79' lang='lat' dir='ltr'><strong>g.</strong></span> <span class='ocrx_word' id='word_1_364' title='bbox 1373 4591 1480 4641; x_wconf 78' lang='lat' dir='ltr'><strong>borsines</strong></span> <span class='ocrx_word' id='word_1_365' title='bbox 1496 4606 1514 4641; x_wconf 88' lang='lat' dir='ltr'><strong>a</strong></span> <span class='ocrx_word' id='word_1_366' title='bbox 1530 4593 1616 4645; x_wconf 88' lang='lat' dir='ltr'><strong>labore</strong></span> 
     </span>
     <span class='ocr_line' id='line_1_35' title="bbox 298 4663 1613 4725; baseline 0.007 -13"><span class='ocrx_word' id='word_1_367' title='bbox 298 4665 425 4724; x_wconf 81' lang='lat' dir='ltr'><strong>studioque</strong></span> <span class='ocrx_word' id='word_1_368' title='bbox 441 4663 536 4711; x_wconf 85' lang='lat' dir='ltr'><strong>dicendi</strong></span> <span class='ocrx_word' id='word_1_369' title='bbox 553 4663 667 4721; x_wconf 82' lang='lat' dir='ltr'><strong>(discendi</strong></span> <span class='ocrx_word' id='word_1_370' title='bbox 683 4663 707 4721; x_wconf 74' lang='lat' dir='ltr'><strong>Si</strong></span> <span class='ocrx_word' id='word_1_371' title='bbox 725 4664 770 4711; x_wconf 81' lang='grc'><strong>80</strong></span> <span class='ocrx_word' id='word_1_372' title='bbox 791 4690 818 4700; x_wconf 94' lang='grc'><strong>-</strong></span> <span class='ocrx_word' id='word_1_373' title='bbox 841 4678 891 4713; x_wconf 81' lang='lat' dir='ltr'><strong>aaa</strong></span> <span class='ocrx_word' id='word_1_374' title='bbox 907 4667 972 4725; x_wconf 83' lang='lat' dir='ltr'><strong>qaod</strong></span> <span class='ocrx_word' id='word_1_375' title='bbox 988 4666 1007 4714; x_wconf 88' lang='lat' dir='ltr'>L</span> <span class='ocrx_word' id='word_1_376' title='bbox 1024 4692 1056 4701; x_wconf 92' lang='lat'><strong>—</strong></span> <span class='ocrx_word' id='word_1_377' title='bbox 1076 4667 1100 4713; x_wconf 88' lang='grc'><strong>4.</strong></span> <span class='ocrx_word' id='word_1_378' title='bbox 1118 4676 1168 4713; x_wconf 86' lang='lat' dir='ltr'><strong>sese</strong></span> <span class='ocrx_word' id='word_1_379' title='bbox 1184 4666 1215 4715; x_wconf 89' lang='lat' dir='ltr'><strong>P:</strong></span> <span class='ocrx_word' id='word_1_380' title='bbox 1236 4677 1261 4713; x_wconf 88' lang='lat' dir='ltr'><strong>se</strong></span> <span class='ocrx_word' id='word_1_381' title='bbox 1277 4665 1326 4714; x_wconf 89' lang='lat' dir='ltr'><strong>EG</strong></span> <span class='ocrx_word' id='word_1_382' title='bbox 1344 4669 1371 4715; x_wconf 93' lang='lat' dir='ltr'><strong>et</strong></span> <span class='ocrx_word' id='word_1_383' title='bbox 1387 4665 1465 4716; x_wconf 90' lang='lat' dir='ltr'><strong>codd.</strong></span> <span class='ocrx_word' id='word_1_384' title='bbox 1483 4669 1613 4721; x_wconf 73' lang='lat' dir='ltr'><strong>drusiani.</strong></span> 
     </span>
     <span class='ocr_line' id='line_1_36' title="bbox 301 4738 1611 4807; baseline 0.006 -20"><span class='ocrx_word' id='word_1_385' title='bbox 301 4764 327 4773; x_wconf 96' lang='lat'>-</span> <span class='ocrx_word' id='word_1_386' title='bbox 346 4739 370 4787; x_wconf 83' lang='grc'><strong>3.</strong></span> <span class='ocrx_word' id='word_1_387' title='bbox 389 4738 516 4785; x_wconf 80' lang='lat' dir='ltr'><strong>dedidisset</strong></span> <span class='ocrx_word' id='word_1_388' title='bbox 531 4738 675 4786; x_wconf 79' lang='lat' dir='ltr'><strong>Arusianus</strong></span> <span class='ocrx_word' id='word_1_389' title='bbox 692 4740 723 4798; x_wconf 84' lang='lat' dir='ltr'><strong>(a.</strong></span> <span class='ocrx_word' id='word_1_390' title='bbox 737 4752 762 4785; x_wconf 91' lang='lat' dir='ltr'><strong>v.</strong></span> <span class='ocrx_word' id='word_1_391' title='bbox 776 4738 859 4798; x_wconf 72' lang='lat' dir='ltr'><strong>dedet:</strong></span> <span class='ocrx_word' id='word_1_392' title='bbox 878 4741 978 4788; x_wconf 58' lang='lat' dir='ltr'><strong>&amp;duest</strong></span> <span class='ocrx_word' id='word_1_393' title='bbox 995 4740 1042 4789; x_wconf 85' lang='lat' dir='ltr'><strong>CO</strong></span> <span class='ocrx_word' id='word_1_394' title='bbox 1056 4766 1083 4776; x_wconf 91' lang='lat'>-</span> <span class='ocrx_word' id='word_1_395' title='bbox 1102 4740 1126 4788; x_wconf 80' lang='lat' dir='ltr'><strong>b.</strong></span> <span class='ocrx_word' id='word_1_396' title='bbox 1144 4739 1230 4787; x_wconf 79' lang='lat' dir='ltr'><strong>cotidie</strong></span> <span class='ocrx_word' id='word_1_397' title='bbox 1247 4742 1265 4789; x_wconf 90' lang='lat' dir='ltr'>P</span> <span class='ocrx_word' id='word_1_398' title='bbox 1283 4740 1389 4801; x_wconf 84' lang='lat' dir='ltr'><strong>(cottidie</strong></span> <span class='ocrx_word' id='word_1_399' title='bbox 1405 4741 1433 4789; x_wconf 85' lang='lat' dir='ltr'><strong>io</strong></span> <span class='ocrx_word' id='word_1_400' title='bbox 1448 4741 1495 4790; x_wconf 85' lang='lat' dir='ltr'><strong>boc</strong></span> <span class='ocrx_word' id='word_1_401' title='bbox 1511 4744 1566 4793; x_wconf 87' lang='lat' dir='ltr'><strong>acie</strong></span> <span class='ocrx_word' id='word_1_402' title='bbox 1582 4745 1611 4807; x_wconf 81' lang='lat' dir='ltr'><strong>E)</strong></span> 
     </span>
     <span class='ocr_line' id='line_1_37' title="bbox 298 4811 1614 4876; baseline 0.008 -18"><span class='ocrx_word' id='word_1_403' title='bbox 298 4839 331 4848; x_wconf 90' lang='lat'><em>-</em></span> <span class='ocrx_word' id='word_1_404' title='bbox 347 4813 471 4873; x_wconf 80' lang='lat' dir='ltr'><strong>adpeteret</strong></span> <span class='ocrx_word' id='word_1_405' title='bbox 487 4813 506 4859; x_wconf 90' lang='lat' dir='ltr'>P</span> <span class='ocrx_word' id='word_1_406' title='bbox 525 4837 551 4846; x_wconf 89' lang='lat'>-</span> <span class='ocrx_word' id='word_1_407' title='bbox 571 4811 593 4858; x_wconf 86' lang='grc'><strong>6.</strong></span> <span class='ocrx_word' id='word_1_408' title='bbox 613 4813 701 4872; x_wconf 83' lang='lat' dir='ltr'><strong>capitis</strong></span> <span class='ocrx_word' id='word_1_409' title='bbox 715 4813 767 4873; x_wconf 77' lang='lat' dir='ltr'><strong>ipse</strong></span> <span class='ocrx_word' id='word_1_410' title='bbox 784 4814 817 4861; x_wconf 87' lang='lat' dir='ltr'><strong>C:</strong></span> <span class='ocrx_word' id='word_1_411' title='bbox 840 4814 947 4875; x_wconf 82' lang='lat' dir='ltr'><strong>capitis?</strong></span> <span class='ocrx_word' id='word_1_412' title='bbox 963 4816 1016 4876; x_wconf 85' lang='lat' dir='ltr'><strong>ipso</strong></span> <span class='ocrx_word' id='word_1_413' title='bbox 1034 4815 1053 4862; x_wconf 95' lang='lat'>0</span> <span class='ocrx_word' id='word_1_414' title='bbox 1073 4840 1099 4849; x_wconf 87' lang='lat'><em>-</em></span> <span class='ocrx_word' id='word_1_415' title='bbox 1118 4815 1220 4863; x_wconf 86' lang='lat' dir='ltr'><strong>tetiam</strong></span> <span class='ocrx_word' id='word_1_416' title='bbox 1236 4828 1329 4864; x_wconf 77' lang='lat' dir='ltr'><strong>menses</strong></span> <span class='ocrx_word' id='word_1_417' title='bbox 1346 4814 1502 4866; x_wconf 87' lang='lat' dir='ltr'><strong>Lambinus:</strong></span> <span class='ocrx_word' id='word_1_418' title='bbox 1521 4823 1557 4868; x_wconf 87' lang='lat' dir='ltr'><strong>tot</strong></span> <span class='ocrx_word' id='word_1_419' title='bbox 1572 4824 1614 4868; x_wconf 88' lang='lat' dir='ltr'><strong>ta-</strong></span> 
     </span>
     <span class='ocr_line' id='line_1_38' title="bbox 297 4885 1613 4954; baseline 0.006 -18"><span class='ocrx_word' id='word_1_420' title='bbox 297 4900 389 4936; x_wconf 83' lang='lat' dir='ltr'><strong>meases</strong></span> <span class='ocrx_word' id='word_1_421' title='bbox 406 4890 424 4937; x_wconf 91' lang='lat' dir='ltr'>P</span> <span class='ocrx_word' id='word_1_422' title='bbox 442 4885 498 4945; x_wconf 86' lang='lat' dir='ltr'><strong>(sed</strong></span> <span class='ocrx_word' id='word_1_423' title='bbox 516 4898 533 4933; x_wconf 88' lang='lat' dir='ltr'><strong>a</strong></span> <span class='ocrx_word' id='word_1_424' title='bbox 550 4889 648 4945; x_wconf 88' lang='lat' dir='ltr'><strong>erasa);</strong></span> <span class='ocrx_word' id='word_1_425' title='bbox 667 4891 702 4935; x_wconf 88' lang='lat' dir='ltr'><strong>tot</strong></span> <span class='ocrx_word' id='word_1_426' title='bbox 717 4900 810 4936; x_wconf 82' lang='lat' dir='ltr'><strong>merses</strong></span> <span class='ocrx_word' id='word_1_427' title='bbox 826 4889 930 4938; x_wconf 83' lang='lat' dir='ltr'><strong>Eoso</strong></span> <span class='ocrx_word' id='word_1_428' title='bbox 950 4916 975 4924; x_wconf 91' lang='lat'><em>-</em></span> <span class='ocrx_word' id='word_1_429' title='bbox 995 4890 1018 4938; x_wconf 91' lang='lat'><strong>8.</strong></span> <span class='ocrx_word' id='word_1_430' title='bbox 1038 4891 1088 4950; x_wconf 79' lang='lat' dir='ltr'><strong>ipse</strong></span> <span class='ocrx_word' id='word_1_431' title='bbox 1104 4890 1250 4949; x_wconf 83' lang='lat' dir='ltr'><strong>loquaturP</strong></span> <span class='ocrx_word' id='word_1_432' title='bbox 1264 4916 1290 4925; x_wconf 93' lang='lat'><em>—</em></span> <span class='ocrx_word' id='word_1_433' title='bbox 1310 4891 1334 4939; x_wconf 85' lang='grc'><strong>9.</strong></span> <span class='ocrx_word' id='word_1_434' title='bbox 1352 4891 1399 4940; x_wconf 83' lang='lat' dir='ltr'><strong>bac</strong></span> <span class='ocrx_word' id='word_1_435' title='bbox 1411 4894 1429 4940; x_wconf 90' lang='lat' dir='ltr'>G</span> <span class='ocrx_word' id='word_1_436' title='bbox 1440 4888 1481 4941; x_wconf 75' lang='lat' dir='ltr'><strong>P²z</strong></span> <span class='ocrx_word' id='word_1_437' title='bbox 1500 4893 1564 4942; x_wconf 82' lang='lat' dir='ltr'><strong>banc</strong></span> <span class='ocrx_word' id='word_1_438' title='bbox 1575 4896 1613 4954; x_wconf 64' lang='grc' dir='ltr'><strong>ΡΙ,</strong></span> 
     </span>
     <span class='ocr_line' id='line_1_39' title="bbox 297 4960 1612 5024; baseline 0.006 -14"><span class='ocrx_word' id='word_1_439' title='bbox 297 4961 404 5010; x_wconf 58' lang='lat' dir='ltr'><strong>basili</strong></span> <span class='ocrx_word' id='word_1_440' title='bbox 424 4985 450 4994; x_wconf 92' lang='lat'>-</span> <span class='ocrx_word' id='word_1_441' title='bbox 470 4960 509 5008; x_wconf 83' lang='grc'><strong>43.</strong></span> <span class='ocrx_word' id='word_1_442' title='bbox 528 4961 603 5008; x_wconf 83' lang='lat' dir='ltr'><strong>etiam</strong></span> <span class='ocrx_word' id='word_1_443' title='bbox 620 4973 671 5010; x_wconf 91' lang='lat' dir='ltr'><strong>om.</strong></span> <span class='ocrx_word' id='word_1_444' title='bbox 691 4963 725 5020; x_wconf 85' lang='lat' dir='ltr'><strong>G,</strong></span> <span class='ocrx_word' id='word_1_445' title='bbox 744 4963 766 5010; x_wconf 89' lang='lat' dir='ltr'><strong>ei</strong></span> <span class='ocrx_word' id='word_1_446' title='bbox 782 4965 835 5012; x_wconf 82' lang='lat' dir='ltr'><strong>tom</strong></span> <span class='ocrx_word' id='word_1_447' title='bbox 851 4964 870 5012; x_wconf 85' lang='lat' dir='ltr'>E</span> <span class='ocrx_word' id='word_1_448' title='bbox 890 4991 916 4999; x_wconf 96' lang='lat'><em>-</em></span> <span class='ocrx_word' id='word_1_449' title='bbox 935 4964 1071 5012; x_wconf 87' lang='lat' dir='ltr'><strong>meretricis</strong></span> <span class='ocrx_word' id='word_1_450' title='bbox 1087 4965 1105 5012; x_wconf 88' lang='lat' dir='ltr'><strong>P</strong></span> <span class='ocrx_word' id='word_1_451' title='bbox 1120 4990 1145 4998; x_wconf 90' lang='lat'><em>-</em></span> <span class='ocrx_word' id='word_1_452' title='bbox 1166 4963 1204 5011; x_wconf 82' lang='lat' dir='ltr'><strong>st.</strong></span> <span class='ocrx_word' id='word_1_453' title='bbox 1224 4964 1298 5014; x_wconf 84' lang='lat' dir='ltr'><strong>ualde</strong></span> <span class='ocrx_word' id='word_1_454' title='bbox 1314 4968 1346 5024; x_wconf 87' lang='lat' dir='ltr'><strong>P,</strong></span> <span class='ocrx_word' id='word_1_455' title='bbox 1365 4966 1414 5016; x_wconf 89' lang='lat' dir='ltr'><strong>sed</strong></span> <span class='ocrx_word' id='word_1_456' title='bbox 1431 4967 1458 5016; x_wconf 86' lang='lat' dir='ltr'><strong>ai</strong></span> <span class='ocrx_word' id='word_1_457' title='bbox 1474 4969 1499 5017; x_wconf 90' lang='lat' dir='ltr'><strong>in</strong></span> <span class='ocrx_word' id='word_1_458' title='bbox 1516 4982 1569 5019; x_wconf 89' lang='lat' dir='ltr'><strong>res.</strong></span> <span class='ocrx_word' id='word_1_459' title='bbox 1585 4997 1612 5005; x_wconf 90' lang='lat'><em>-</em></span> 
     </span>
     <span class='ocr_line' id='line_1_40' title="bbox 299 5034 1612 5105; baseline 0.006 -20"><span class='ocrx_word' id='word_1_460' title='bbox 299 5038 337 5085; x_wconf 77' lang='grc'><strong>45.</strong></span> <span class='ocrx_word' id='word_1_461' title='bbox 357 5035 388 5084; x_wconf 87' lang='lat' dir='ltr'><strong>ab</strong></span> <span class='ocrx_word' id='word_1_462' title='bbox 408 5035 480 5083; x_wconf 83' lang='lat' dir='ltr'><strong>buius</strong></span> <span class='ocrx_word' id='word_1_463' title='bbox 496 5034 512 5082; x_wconf 91' lang='lat' dir='ltr'>S</span> <span class='ocrx_word' id='word_1_464' title='bbox 530 5036 557 5083; x_wconf 88' lang='lat' dir='ltr'><strong>et</strong></span> <span class='ocrx_word' id='word_1_465' title='bbox 573 5037 593 5083; x_wconf 85' lang='lat' dir='ltr'>G</span> <span class='ocrx_word' id='word_1_466' title='bbox 610 5048 668 5099; x_wconf 92' lang='lat' dir='ltr'><strong>sup.</strong></span> <span class='ocrx_word' id='word_1_467' title='bbox 689 5034 747 5085; x_wconf 84' lang='lat' dir='ltr'><strong>lin:</strong></span> <span class='ocrx_word' id='word_1_468' title='bbox 772 5038 804 5086; x_wconf 90' lang='lat' dir='ltr'><strong>ab</strong></span> <span class='ocrx_word' id='word_1_469' title='bbox 824 5039 876 5087; x_wconf 85' lang='lat' dir='ltr'><strong>eius</strong></span> <span class='ocrx_word' id='word_1_470' title='bbox 895 5039 972 5087; x_wconf 85' lang='lat' dir='ltr'><strong>PEG</strong></span> <span class='ocrx_word' id='word_1_471' title='bbox 995 5037 1055 5099; x_wconf 74' lang='lat' dir='ltr'><strong>ised</strong></span> <span class='ocrx_word' id='word_1_472' title='bbox 1078 5036 1092 5085; x_wconf 85' lang='lat' dir='ltr'><strong>b</strong></span> <span class='ocrx_word' id='word_1_473' title='bbox 1113 5040 1139 5087; x_wconf 89' lang='lat' dir='ltr'><strong>in</strong></span> <span class='ocrx_word' id='word_1_474' title='bbox 1158 5040 1177 5087; x_wconf 94' lang='grc' dir='ltr'>Ρ</span> <span class='ocrx_word' id='word_1_475' title='bbox 1193 5039 1219 5087; x_wconf 92' lang='lat' dir='ltr'><strong>in</strong></span> <span class='ocrx_word' id='word_1_476' title='bbox 1236 5052 1299 5099; x_wconf 75' lang='lat' dir='ltr'><strong>res..</strong></span> <span class='ocrx_word' id='word_1_477' title='bbox 1322 5053 1355 5089; x_wconf 85' lang='lat' dir='ltr'><strong>ex</strong></span> <span class='ocrx_word' id='word_1_478' title='bbox 1369 5053 1389 5089; x_wconf 80' lang='lat' dir='ltr'><strong>a</strong></span> <span class='ocrx_word' id='word_1_479' title='bbox 1404 5043 1434 5089; x_wconf 91' lang='lat' dir='ltr'><strong>ut</strong></span> <span class='ocrx_word' id='word_1_480' title='bbox 1449 5041 1565 5105; x_wconf 75' lang='lat' dir='ltr'><strong>videtur)</strong></span> <span class='ocrx_word' id='word_1_481' title='bbox 1583 5070 1612 5081; x_wconf 93' lang='lat'><em>-</em></span> 
     </span>
     <span class='ocr_line' id='line_1_41' title="bbox 297 5109 1611 5176; baseline 0.007 -16"><span class='ocrx_word' id='word_1_482' title='bbox 297 5111 388 5160; x_wconf 83' lang='lat' dir='ltr'><strong>saecuti</strong></span> <span class='ocrx_word' id='word_1_483' title='bbox 405 5112 439 5160; x_wconf 89' lang='lat' dir='ltr'><strong>P:</strong></span> <span class='ocrx_word' id='word_1_484' title='bbox 465 5109 538 5158; x_wconf 83' lang='lat' dir='ltr'><strong>secali</strong></span> <span class='ocrx_word' id='word_1_485' title='bbox 555 5110 575 5157; x_wconf 92' lang='lat'>0</span> <span class='ocrx_word' id='word_1_486' title='bbox 594 5135 621 5143; x_wconf 87' lang='lat'><em>-</em></span> <span class='ocrx_word' id='word_1_487' title='bbox 641 5110 680 5158; x_wconf 88' lang='grc'><strong>46.</strong></span> <span class='ocrx_word' id='word_1_488' title='bbox 698 5124 812 5160; x_wconf 74' lang='lat' dir='ltr'><strong>conemsu</strong></span> <span class='ocrx_word' id='word_1_489' title='bbox 828 5112 939 5162; x_wconf 84' lang='lat' dir='ltr'><strong>Ernesti.</strong></span> <span class='ocrx_word' id='word_1_490' title='bbox 960 5138 987 5147; x_wconf 97' lang='lat'><em>-</em></span> <span class='ocrx_word' id='word_1_491' title='bbox 1015 5114 1054 5164; x_wconf 82' lang='grc'><strong>48.</strong></span> <span class='ocrx_word' id='word_1_492' title='bbox 1073 5126 1132 5176; x_wconf 75' lang='lat' dir='ltr'><strong>erqo</strong></span> <span class='ocrx_word' id='word_1_493' title='bbox 1149 5114 1198 5164; x_wconf 87' lang='lat' dir='ltr'><strong>EG</strong></span> <span class='ocrx_word' id='word_1_494' title='bbox 1219 5139 1246 5149; x_wconf 89' lang='lat'><strong>·-</strong></span> <span class='ocrx_word' id='word_1_495' title='bbox 1270 5115 1323 5164; x_wconf 85' lang='lat' dir='ltr'><strong>iam</strong></span> <span class='ocrx_word' id='word_1_496' title='bbox 1342 5129 1396 5165; x_wconf 78' lang='lat' dir='ltr'><strong>rem</strong></span> <span class='ocrx_word' id='word_1_497' title='bbox 1411 5115 1442 5166; x_wconf 67' lang='grc' dir='ltr'><strong>Ρ2</strong></span> <span class='ocrx_word' id='word_1_498' title='bbox 1457 5117 1484 5167; x_wconf 91' lang='lat' dir='ltr'><strong>in</strong></span> <span class='ocrx_word' id='word_1_499' title='bbox 1506 5131 1611 5169; x_wconf 86' lang='lat' dir='ltr'><strong>rasura:</strong></span> 
     </span>
     <span class='ocr_line' id='line_1_42' title="bbox 295 5182 1611 5252; baseline 0.005 -17"><span class='ocrx_word' id='word_1_500' title='bbox 295 5199 349 5236; x_wconf 88' lang='lat' dir='ltr'><strong>rem</strong></span> <span class='ocrx_word' id='word_1_501' title='bbox 365 5187 417 5234; x_wconf 84' lang='lat' dir='ltr'><strong>iam</strong></span> <span class='ocrx_word' id='word_1_502' title='bbox 434 5183 495 5243; x_wconf 83' lang='lat' dir='ltr'><strong>EG;</strong></span> <span class='ocrx_word' id='word_1_503' title='bbox 514 5182 570 5233; x_wconf 87' lang='lat' dir='ltr'><strong>lort.</strong></span> <span class='ocrx_word' id='word_1_504' title='bbox 585 5184 666 5245; x_wconf 84' lang='lat' dir='ltr'><strong>ipsam</strong></span> <span class='ocrx_word' id='word_1_505' title='bbox 682 5198 735 5235; x_wconf 88' lang='lat' dir='ltr'><strong>rem</strong></span> <span class='ocrx_word' id='word_1_506' title='bbox 747 5186 788 5248; x_wconf 84' lang='lat' dir='ltr'><strong>(cl.</strong></span> <span class='ocrx_word' id='word_1_507' title='bbox 802 5186 816 5248; x_wconf 66' lang='grc' dir='ltr'><strong>ἓ</strong></span> <span class='ocrx_word' id='word_1_508' title='bbox 828 5187 882 5248; x_wconf 79' lang='grc'><strong>49);</strong></span> <span class='ocrx_word' id='word_1_509' title='bbox 901 5201 963 5238; x_wconf 90' lang='lat' dir='ltr'><strong>nem</strong></span> <span class='ocrx_word' id='word_1_510' title='bbox 980 5188 1123 5252; x_wconf 87' lang='lat' dir='ltr'><strong>particulae</strong></span> <span class='ocrx_word' id='word_1_511' title='bbox 1140 5191 1191 5238; x_wconf 86' lang='lat' dir='ltr'><strong>iam</strong></span> <span class='ocrx_word' id='word_1_512' title='bbox 1207 5190 1250 5239; x_wconf 90' lang='lat' dir='ltr'><strong>hio</strong></span> <span class='ocrx_word' id='word_1_513' title='bbox 1268 5189 1354 5240; x_wconf 89' lang='lat' dir='ltr'><strong>nullus</strong></span> <span class='ocrx_word' id='word_1_514' title='bbox 1371 5190 1445 5242; x_wconf 90' lang='lat' dir='ltr'><strong>locus</strong></span> <span class='ocrx_word' id='word_1_515' title='bbox 1456 5191 1568 5242; x_wconf 87' lang='lat' dir='ltr'><strong>videtur.</strong></span> <span class='ocrx_word' id='word_1_516' title='bbox 1583 5219 1611 5230; x_wconf 94' lang='lat'>—</span> 
     </span>
     <span class='ocr_line' id='line_1_43' title="bbox 298 5259 1615 5323; baseline 0.007 -14"><span class='ocrx_word' id='word_1_517' title='bbox 298 5260 337 5309; x_wconf 82' lang='grc'><strong>49.</strong></span> <span class='ocrx_word' id='word_1_518' title='bbox 355 5261 376 5308; x_wconf 81' lang='lat' dir='ltr'><strong>si</strong></span> <span class='ocrx_word' id='word_1_519' title='bbox 392 5272 456 5321; x_wconf 83' lang='lat' dir='ltr'><strong>qaae</strong></span> <span class='ocrx_word' id='word_1_520' title='bbox 472 5259 505 5307; x_wconf 89' lang='lat' dir='ltr'><strong>C:</strong></span> <span class='ocrx_word' id='word_1_521' title='bbox 523 5260 545 5307; x_wconf 84' lang='lat' dir='ltr'><strong>si</strong></span> <span class='ocrx_word' id='word_1_522' title='bbox 561 5273 612 5320; x_wconf 85' lang='lat' dir='ltr'><strong>qua</strong></span> <span class='ocrx_word' id='word_1_523' title='bbox 628 5260 647 5309; x_wconf 91' lang='lat'>0</span> <span class='ocrx_word' id='word_1_524' title='bbox 665 5286 691 5297; x_wconf 91' lang='lat'>-</span> <span class='ocrx_word' id='word_1_525' title='bbox 710 5267 790 5323; x_wconf 77' lang='lat' dir='ltr'><strong>napta</strong></span> <span class='ocrx_word' id='word_1_526' title='bbox 806 5262 835 5313; x_wconf 77' lang='lat'><strong>1³²</strong></span> <span class='ocrx_word' id='word_1_527' title='bbox 851 5263 876 5312; x_wconf 92' lang='lat' dir='ltr'><strong>io</strong></span> <span class='ocrx_word' id='word_1_528' title='bbox 894 5277 946 5314; x_wconf 88' lang='lat' dir='ltr'><strong>ras.</strong></span> <span class='ocrx_word' id='word_1_529' title='bbox 967 5288 994 5299; x_wconf 91' lang='lat'>-</span> <span class='ocrx_word' id='word_1_530' title='bbox 1016 5266 1056 5313; x_wconf 84' lang='grc'><strong>44.</strong></span> <span class='ocrx_word' id='word_1_531' title='bbox 1074 5264 1210 5315; x_wconf 82' lang='lat' dir='ltr'><strong>conlocarit</strong></span> <span class='ocrx_word' id='word_1_532' title='bbox 1226 5267 1259 5322; x_wconf 86' lang='lat' dir='ltr'><strong>P;</strong></span> <span class='ocrx_word' id='word_1_533' title='bbox 1277 5267 1433 5316; x_wconf 74' lang='lat' dir='ltr'><strong>collocaverit</strong></span> <span class='ocrx_word' id='word_1_534' title='bbox 1448 5268 1467 5316; x_wconf 91' lang='lat' dir='ltr'><strong>l.</strong></span> <span class='ocrx_word' id='word_1_535' title='bbox 1487 5292 1513 5303; x_wconf 81' lang='lat'>-</span> <span class='ocrx_word' id='word_1_536' title='bbox 1530 5268 1568 5316; x_wconf 81' lang='lat' dir='ltr'><strong>isti</strong></span> <span class='ocrx_word' id='word_1_537' title='bbox 1585 5271 1615 5319; x_wconf 89' lang='lat' dir='ltr'><strong>P¹</strong></span> 
     </span>
     <span class='ocr_line' id='line_1_44' title="bbox 296 5334 1611 5402; baseline 0.005 -19"><span class='ocrx_word' id='word_1_538' title='bbox 296 5335 322 5384; x_wconf 90' lang='lat' dir='ltr'><strong>in</strong></span> <span class='ocrx_word' id='word_1_539' title='bbox 340 5347 391 5384; x_wconf 87' lang='lat' dir='ltr'><strong>res.</strong></span> <span class='ocrx_word' id='word_1_540' title='bbox 419 5362 433 5368; x_wconf 64' lang='lat'><strong>·›</strong></span> <span class='ocrx_word' id='word_1_541' title='bbox 458 5334 502 5383; x_wconf 85' lang='lat' dir='ltr'><strong>boc</strong></span> <span class='ocrx_word' id='word_1_542' title='bbox 518 5335 544 5383; x_wconf 82' lang='lat' dir='ltr'><strong>in</strong></span> <span class='ocrx_word' id='word_1_543' title='bbox 562 5337 582 5385; x_wconf 85' lang='lat' dir='ltr'>G</span> <span class='ocrx_word' id='word_1_544' title='bbox 599 5335 653 5392; x_wconf 82' lang='lat' dir='ltr'><strong>(sed</strong></span> <span class='ocrx_word' id='word_1_545' title='bbox 671 5337 697 5386; x_wconf 90' lang='lat' dir='ltr'><strong>in</strong></span> <span class='ocrx_word' id='word_1_546' title='bbox 715 5339 791 5398; x_wconf 88' lang='lat' dir='ltr'><strong>ras.);</strong></span> <span class='ocrx_word' id='word_1_547' title='bbox 812 5339 857 5387; x_wconf 80' lang='lat' dir='ltr'><strong>bec</strong></span> <span class='ocrx_word' id='word_1_548' title='bbox 873 5340 904 5396; x_wconf 90' lang='grc' dir='ltr'><strong>Ρ,</strong></span> <span class='ocrx_word' id='word_1_549' title='bbox 922 5339 970 5387; x_wconf 82' lang='lat' dir='ltr'><strong>bac</strong></span> <span class='ocrx_word' id='word_1_550' title='bbox 986 5339 1005 5388; x_wconf 82' lang='lat' dir='ltr'>E</span> <span class='ocrx_word' id='word_1_551' title='bbox 1024 5365 1050 5372; x_wconf 92' lang='lat'>—</span> <span class='ocrx_word' id='word_1_552' title='bbox 1069 5341 1109 5388; x_wconf 90' lang='grc'><strong>44.</strong></span> <span class='ocrx_word' id='word_1_553' title='bbox 1128 5340 1166 5389; x_wconf 81' lang='lat' dir='ltr'><strong>siri</strong></span> <span class='ocrx_word' id='word_1_554' title='bbox 1182 5340 1259 5389; x_wconf 80' lang='lat' dir='ltr'><strong>bortis</strong></span> <span class='ocrx_word' id='word_1_555' title='bbox 1274 5338 1302 5390; x_wconf 80' lang='grc' dir='ltr'><strong>Ρ1</strong></span> <span class='ocrx_word' id='word_1_556' title='bbox 1321 5367 1348 5376; x_wconf 94' lang='grc'><strong>-</strong></span> <span class='ocrx_word' id='word_1_557' title='bbox 1368 5341 1478 5402; x_wconf 70' lang='lat' dir='ltr'><strong>saciati</strong></span> <span class='ocrx_word' id='word_1_558' title='bbox 1495 5342 1611 5392; x_wconf 78' lang='lat' dir='ltr'><strong>Osann:</strong></span> 
     </span>
     <span class='ocr_line' id='line_1_45' title="bbox 296 5406 1613 5480; baseline 0.005 -20"><span class='ocrx_word' id='word_1_559' title='bbox 296 5411 357 5473; x_wconf 72' lang='lat' dir='ltr'><strong>facit</strong></span> <span class='ocrx_word' id='word_1_560' title='bbox 373 5409 415 5469; x_wconf 85' lang='lat' dir='ltr'><strong>P¹;</strong></span> <span class='ocrx_word' id='word_1_561' title='bbox 432 5410 506 5472; x_wconf 77' lang='lat' dir='ltr'><strong>saciet</strong></span> <span class='ocrx_word' id='word_1_562' title='bbox 524 5406 611 5459; x_wconf 79' lang='lat' dir='ltr'>P’EG</span> <span class='ocrx_word' id='word_1_563' title='bbox 627 5438 660 5446; x_wconf 92' lang='lat'><em>-</em></span> <span class='ocrx_word' id='word_1_564' title='bbox 675 5411 715 5461; x_wconf 77' lang='grc'><strong>43.</strong></span> <span class='ocrx_word' id='word_1_565' title='bbox 734 5418 807 5475; x_wconf 70' lang='lat' dir='ltr'><strong>perat</strong></span> <span class='ocrx_word' id='word_1_566' title='bbox 828 5413 843 5462; x_wconf 81' lang='grc'>3</span> <span class='ocrx_word' id='word_1_567' title='bbox 861 5415 975 5464; x_wconf 85' lang='lat' dir='ltr'><strong>oreon:</strong></span> <span class='ocrx_word' id='word_1_568' title='bbox 1003 5419 1070 5478; x_wconf 76' lang='lat' dir='ltr'><strong>geret</strong></span> <span class='ocrx_word' id='word_1_569' title='bbox 1092 5413 1137 5462; x_wconf 84' lang='lat' dir='ltr'><strong>PE</strong></span> <span class='ocrx_word' id='word_1_570' title='bbox 1148 5415 1181 5472; x_wconf 89' lang='lat' dir='ltr'><strong>G;</strong></span> <span class='ocrx_word' id='word_1_571' title='bbox 1200 5413 1262 5464; x_wconf 90' lang='lat' dir='ltr'><strong>illud</strong></span> <span class='ocrx_word' id='word_1_572' title='bbox 1279 5415 1403 5478; x_wconf 85' lang='lat' dir='ltr'><strong>praetuli,</strong></span> <span class='ocrx_word' id='word_1_573' title='bbox 1423 5429 1484 5466; x_wconf 90' lang='lat' dir='ltr'><strong>cum</strong></span> <span class='ocrx_word' id='word_1_574' title='bbox 1503 5429 1613 5480; x_wconf 86' lang='lat' dir='ltr'><strong>praeoe-</strong></span> 
     </span>
     <span class='ocr_line' id='line_1_46' title="bbox 296 5485 1613 5554; baseline 0.004 -18"><span class='ocrx_word' id='word_1_575' title='bbox 296 5486 360 5536; x_wconf 88' lang='lat' dir='ltr'><strong>dent</strong></span> <span class='ocrx_word' id='word_1_576' title='bbox 375 5486 532 5536; x_wconf 69' lang='lat' dir='ltr'><strong>coniunctior</strong></span> <span class='ocrx_word' id='word_1_577' title='bbox 548 5485 658 5549; x_wconf 85' lang='lat' dir='ltr'><strong>perlecti</strong></span> <span class='ocrx_word' id='word_1_578' title='bbox 673 5488 826 5547; x_wconf 74' lang='lat' dir='ltr'><strong>patefecerit,</strong></span> <span class='ocrx_word' id='word_1_579' title='bbox 852 5489 991 5549; x_wconf 78' lang='lat' dir='ltr'><strong>codocarit,</strong></span> <span class='ocrx_word' id='word_1_580' title='bbox 1017 5490 1161 5547; x_wconf 77' lang='lat' dir='ltr'><strong>instituerit,</strong></span> <span class='ocrx_word' id='word_1_581' title='bbox 1185 5492 1211 5539; x_wconf 90' lang='lat' dir='ltr'><strong>et</strong></span> <span class='ocrx_word' id='word_1_582' title='bbox 1233 5492 1259 5539; x_wconf 89' lang='lat' dir='ltr'><strong>in</strong></span> <span class='ocrx_word' id='word_1_583' title='bbox 1276 5490 1385 5554; x_wconf 86' lang='lat' dir='ltr'><strong>epodosi</strong></span> <span class='ocrx_word' id='word_1_584' title='bbox 1402 5494 1540 5554; x_wconf 89' lang='lat' dir='ltr'><strong>sequatur:</strong></span> <span class='ocrx_word' id='word_1_585' title='bbox 1566 5506 1613 5541; x_wconf 85' lang='lat' dir='ltr'><strong>vo-</strong></span> 
     </span>
     <span class='ocr_line' id='line_1_47' title="bbox 295 5561 1613 5630; baseline 0.005 -21"><span class='ocrx_word' id='word_1_586' title='bbox 295 5561 366 5610; x_wconf 82' lang='lat' dir='ltr'><strong>luisse</strong></span> <span class='ocrx_word' id='word_1_587' title='bbox 386 5561 508 5609; x_wconf 72' lang='grc' dir='ltr'><strong>υίάοαιαν.</strong></span> <span class='ocrx_word' id='word_1_588' title='bbox 529 5588 556 5597; x_wconf 91' lang='grc'>-</span> <span class='ocrx_word' id='word_1_589' title='bbox 582 5561 622 5609; x_wconf 79' lang='grc'><strong>45.</strong></span> <span class='ocrx_word' id='word_1_590' title='bbox 642 5564 704 5610; x_wconf 80' lang='lat' dir='ltr'><strong>actis</strong></span> <span class='ocrx_word' id='word_1_591' title='bbox 727 5562 836 5612; x_wconf 87' lang='lat' dir='ltr'><strong>Ernesti.</strong></span> <span class='ocrx_word' id='word_1_592' title='bbox 856 5589 882 5597; x_wconf 97' lang='lat'>—</span> <span class='ocrx_word' id='word_1_593' title='bbox 907 5566 948 5613; x_wconf 88' lang='lat' dir='ltr'><strong>sed</strong></span> <span class='ocrx_word' id='word_1_594' title='bbox 970 5565 1044 5613; x_wconf 86' lang='lat' dir='ltr'><strong>etiam</strong></span> <span class='ocrx_word' id='word_1_595' title='bbox 1063 5568 1183 5626; x_wconf 80' lang='lat' dir='ltr'><strong>proterva</strong></span> <span class='ocrx_word' id='word_1_596' title='bbox 1203 5565 1323 5613; x_wconf 61' lang='lat' dir='ltr'><strong>madrid</strong></span> <span class='ocrx_word' id='word_1_597' title='bbox 1339 5567 1356 5613; x_wconf 88' lang='lat' dir='ltr'>S</span> <span class='ocrx_word' id='word_1_598' title='bbox 1373 5567 1401 5613; x_wconf 90' lang='lat' dir='ltr'><strong>et</strong></span> <span class='ocrx_word' id='word_1_599' title='bbox 1416 5564 1494 5615; x_wconf 91' lang='lat' dir='ltr'><strong>codd.</strong></span> <span class='ocrx_word' id='word_1_600' title='bbox 1513 5564 1613 5630; x_wconf 88' lang='lat' dir='ltr'><strong>aliquot</strong></span> 
     </span>
     <span class='ocr_line' id='line_1_48' title="bbox 295 5634 1611 5704; baseline 0.005 -19"><span class='ocrx_word' id='word_1_601' title='bbox 295 5635 453 5688; x_wconf 84' lang='lat' dir='ltr'><strong>deteriores:</strong></span> <span class='ocrx_word' id='word_1_602' title='bbox 476 5648 529 5684; x_wconf 90' lang='lat' dir='ltr'><strong>om.</strong></span> <span class='ocrx_word' id='word_1_603' title='bbox 547 5636 632 5686; x_wconf 78' lang='lat' dir='ltr'><strong>PBG.</strong></span> <span class='ocrx_word' id='word_1_604' title='bbox 660 5635 703 5685; x_wconf 89' lang='lat' dir='ltr'><strong>llla</strong></span> <span class='ocrx_word' id='word_1_605' title='bbox 724 5634 800 5685; x_wconf 90' lang='lat' dir='ltr'><strong>lectio</strong></span> <span class='ocrx_word' id='word_1_606' title='bbox 824 5651 876 5687; x_wconf 92' lang='lat' dir='ltr'><strong>nou</strong></span> <span class='ocrx_word' id='word_1_607' title='bbox 897 5652 930 5688; x_wconf 79' lang='lat' dir='ltr'><strong>eu</strong></span> <span class='ocrx_word' id='word_1_608' title='bbox 953 5638 1011 5688; x_wconf 90' lang='lat' dir='ltr'><strong>cod.</strong></span> <span class='ocrx_word' id='word_1_609' title='bbox 1029 5637 1116 5702; x_wconf 88' lang='lat' dir='ltr'><strong>aliquo</strong></span> <span class='ocrx_word' id='word_1_610' title='bbox 1134 5639 1274 5701; x_wconf 81' lang='lat' dir='ltr'><strong>integriore</strong></span> <span class='ocrx_word' id='word_1_611' title='bbox 1292 5638 1405 5689; x_wconf 88' lang='lat' dir='ltr'><strong>deducta</strong></span> <span class='ocrx_word' id='word_1_612' title='bbox 1423 5643 1477 5700; x_wconf 90' lang='lat' dir='ltr'><strong>est,</strong></span> <span class='ocrx_word' id='word_1_613' title='bbox 1496 5641 1544 5691; x_wconf 90' lang='lat' dir='ltr'><strong>sed</strong></span> <span class='ocrx_word' id='word_1_614' title='bbox 1562 5653 1611 5704; x_wconf 90' lang='lat' dir='ltr'><strong>pro</strong></span> 
     </span>
     <span class='ocr_line' id='line_1_49' title="bbox 295 5706 1610 5775; baseline 0.004 -15"><span class='ocrx_word' id='word_1_615' title='bbox 295 5706 477 5773; x_wconf 88' lang='lat' dir='ltr'><strong>supplemento</strong></span> <span class='ocrx_word' id='word_1_616' title='bbox 494 5709 629 5773; x_wconf 90' lang='lat' dir='ltr'><strong>prudentis</strong></span> <span class='ocrx_word' id='word_1_617' title='bbox 646 5709 754 5760; x_wconf 89' lang='lat' dir='ltr'><strong>alicuius</strong></span> <span class='ocrx_word' id='word_1_618' title='bbox 771 5710 826 5761; x_wconf 89' lang='lat' dir='ltr'><strong>lteli</strong></span> <span class='ocrx_word' id='word_1_619' title='bbox 843 5713 974 5763; x_wconf 84' lang='lat' dir='ltr'><strong>babendo.</strong></span> <span class='ocrx_word' id='word_1_620' title='bbox 992 5740 1018 5749; x_wconf 95' lang='lat'>-</span> <span class='ocrx_word' id='word_1_621' title='bbox 1037 5713 1077 5763; x_wconf 85' lang='grc'><strong>46,</strong></span> <span class='ocrx_word' id='word_1_622' title='bbox 1094 5727 1193 5774; x_wconf 70' lang='lat' dir='ltr'><strong>procae</strong></span> <span class='ocrx_word' id='word_1_623' title='bbox 1209 5714 1252 5775; x_wconf 82' lang='lat' dir='ltr'><strong>qai</strong></span> <span class='ocrx_word' id='word_1_624' title='bbox 1269 5714 1288 5763; x_wconf 89' lang='lat' dir='ltr'>P</span> <span class='ocrx_word' id='word_1_625' title='bbox 1300 5739 1327 5749; x_wconf 93' lang='lat'>-</span> <span class='ocrx_word' id='word_1_626' title='bbox 1345 5713 1387 5762; x_wconf 86' lang='grc'><strong>49.</strong></span> <span class='ocrx_word' id='word_1_627' title='bbox 1400 5718 1457 5764; x_wconf 85' lang='lat' dir='ltr'><strong>tuas</strong></span> <span class='ocrx_word' id='word_1_628' title='bbox 1467 5716 1610 5765; x_wconf 79' lang='lat' dir='ltr'><strong>Arusianus</strong></span> 
     </span>
     <span class='ocr_line' id='line_1_50' title="bbox 297 5783 1610 5856; baseline 0.007 -22"><span class='ocrx_word' id='word_1_629' title='bbox 297 5785 327 5845; x_wconf 89' lang='lat' dir='ltr'><strong>(s.</strong></span> <span class='ocrx_word' id='word_1_630' title='bbox 344 5796 369 5832; x_wconf 81' lang='lat' dir='ltr'><strong>v.</strong></span> <span class='ocrx_word' id='word_1_631' title='bbox 388 5783 522 5845; x_wconf 70' lang='lat' dir='ltr'><strong>obibocort</strong></span> <span class='ocrx_word' id='word_1_632' title='bbox 541 5788 568 5834; x_wconf 89' lang='lat' dir='ltr'><strong>et</strong></span> <span class='ocrx_word' id='word_1_633' title='bbox 589 5786 694 5835; x_wconf 84' lang='lat' dir='ltr'><strong>Servius</strong></span> <span class='ocrx_word' id='word_1_634' title='bbox 714 5784 756 5847; x_wconf 77' lang='lat' dir='ltr'><strong>(ed</strong></span> <span class='ocrx_word' id='word_1_635' title='bbox 772 5790 836 5836; x_wconf 81' lang='lat' dir='ltr'><strong>Aen.</strong></span> <span class='ocrx_word' id='word_1_636' title='bbox 856 5789 890 5846; x_wconf 91' lang='grc'><strong>44,</strong></span> <span class='ocrx_word' id='word_1_637' title='bbox 914 5788 985 5850; x_wconf 75' lang='lat' dir='ltr'><strong>il8t:</strong></span> <span class='ocrx_word' id='word_1_638' title='bbox 1008 5800 1061 5838; x_wconf 92' lang='lat' dir='ltr'><strong>om.</strong></span> <span class='ocrx_word' id='word_1_639' title='bbox 1080 5788 1113 5848; x_wconf 92' lang='lat' dir='ltr'><strong>C,</strong></span> <span class='ocrx_word' id='word_1_640' title='bbox 1135 5788 1184 5838; x_wconf 91' lang='lat' dir='ltr'><strong>sed</strong></span> <span class='ocrx_word' id='word_1_641' title='bbox 1202 5791 1244 5839; x_wconf 88' lang='lat' dir='ltr'><strong>est</strong></span> <span class='ocrx_word' id='word_1_642' title='bbox 1258 5789 1286 5840; x_wconf 92' lang='lat' dir='ltr'><strong>in</strong></span> <span class='ocrx_word' id='word_1_643' title='bbox 1302 5789 1321 5838; x_wconf 89' lang='grc' dir='ltr'>Ρ</span> <span class='ocrx_word' id='word_1_644' title='bbox 1338 5791 1399 5839; x_wconf 89' lang='lat' dir='ltr'><strong>ente</strong></span> <span class='ocrx_word' id='word_1_645' title='bbox 1415 5789 1496 5839; x_wconf 80' lang='lat' dir='ltr'><strong>clodia</strong></span> <span class='ocrx_word' id='word_1_646' title='bbox 1512 5788 1610 5856; x_wconf 85' lang='lat' dir='ltr'><strong>aliquid</strong></span> 
     </span>
     <span class='ocr_line' id='line_1_51' title="bbox 296 5857 1208 5927; baseline 0.004 -18"><span class='ocrx_word' id='word_1_647' title='bbox 296 5870 411 5909; x_wconf 84' lang='lat' dir='ltr'><strong>erasum.</strong></span> <span class='ocrx_word' id='word_1_648' title='bbox 426 5887 453 5897; x_wconf 94' lang='lat'><em>-</em></span> <span class='ocrx_word' id='word_1_649' title='bbox 471 5859 565 5911; x_wconf 75' lang='lat' dir='ltr'><strong>obdias</strong></span> <span class='ocrx_word' id='word_1_650' title='bbox 579 5857 609 5912; x_wconf 85' lang='lat' dir='ltr'><strong>P¹</strong></span> <span class='ocrx_word' id='word_1_651' title='bbox 621 5887 649 5897; x_wconf 90' lang='lat'><em>-</em></span> <span class='ocrx_word' id='word_1_652' title='bbox 667 5859 708 5910; x_wconf 84' lang='grc'><strong>30.</strong></span> <span class='ocrx_word' id='word_1_653' title='bbox 725 5860 826 5927; x_wconf 67' lang='lat' dir='ltr'><strong>upupa</strong></span> <span class='ocrx_word' id='word_1_654' title='bbox 843 5863 862 5912; x_wconf 88' lang='lat' dir='ltr'>P</span> <span class='ocrx_word' id='word_1_655' title='bbox 879 5887 907 5899; x_wconf 90' lang='lat'>-</span> <span class='ocrx_word' id='word_1_656' title='bbox 924 5862 966 5918; x_wconf 79' lang='grc'><strong>34.</strong></span> <span class='ocrx_word' id='word_1_657' title='bbox 985 5863 1136 5921; x_wconf 66' lang='lat' dir='ltr'><strong>aeneatoris</strong></span> <span class='ocrx_word' id='word_1_658' title='bbox 1152 5864 1208 5921; x_wconf 79' lang='lat' dir='ltr'><strong>PG.</strong></span> 
     </span>
    </p>
   </div>
   <div class='ocr_carea' id='block_1_5' title="bbox 0 0 1904 7350">
    <p class='ocr_par' dir='ltr' id='par_1_5' title="bbox 0 0 1904 7350">
     <span class='ocr_line' id='line_1_52' title="bbox 0 0 1904 7350; baseline 0 0"><span class='ocrx_word' id='word_1_659' title='bbox 0 0 1904 7350; x_wconf 95' lang='lat' dir='ltr'><strong> </strong></span> 
     </span>
    </p>
   </div>
  </div>
 </body>
</html>
