3800 7350
316 1188 399 1255 4444
506 1221 508 1225 -
731 1179 1205 1260 oanr1oruuur1cn1n.

314 1363 503 1428 stulaotibus
523 1383 583 1424 nec
605 1363 824 1444 cogitantibus,
846 1384 887 1426 ne
909 1365 1089 1447 optantibus
1103 1364 1232 1447 quidem
1249 1360 1352 1438 nobis,
1375 1364 1526 1446 quianon
1541 1383 1642 1446 posse

315 1455 382 1521 fieri
410 1456 587 1530 videbatur,
617 1452 830 1519 firmissimum
860 1458 1033 1520 exercitum
1062 1477 1103 1520 ex
1133 1457 1250 1519 invicto
1280 1478 1394 1539 genere
1415 1465 1641 1521 veteranorum

314 1553 449 1615 militum
472 1550 664 1633 comparavit
684 1550 972 1633 patrimoniumque
994 1571 1085 1613 suum
1107 1549 1235 1614 alludit:
1266 1571 1458 1633 quamquam
1479 1571 1543 1613 non
1567 1571 1641 1614 sum

314 1666 390 1708 usus
413 1663 451 1706 eo
473 1644 568 1706 verbo
592 1663 655 1725 quo
678 1642 789 1718 debui;
812 1664 877 1707 uon
901 1645 985 1707 enim
1008 1643 1138 1707 elludit:
1162 1644 1193 1705 in
1217 1644 1262 1707 rei
1285 1643 1431 1727 publicae
1453 1645 1553 1707 salute
1574 1642 1644 1707 col·

290 1737 438 1803 olocasit.
482 1734 512 1799 l.
536 1736 595 1800 Cui
616 1757 808 1821 quamquam
831 1738 931 1820 gratia
953 1737 1063 1801 referri
1085 1746 1173 1801 tanta
1194 1758 1260 1800 non
1280 1744 1386 1822 potest
1402 1748 1519 1820 quanta
1540 1739 1645 1802 debe·

314 1838 377 1907 tur,
407 1828 554 1894 habenda
580 1836 685 1893 tamen
713 1837 761 1894 est
788 1838 888 1905 tanta,
917 1836 1067 1914 quantam
1096 1831 1264 1893 maximam
1285 1830 1381 1892 animi
1403 1835 1500 1896 nostri
1522 1853 1644 1916 capere

312 1934 455 2009 possunt.
487 1924 565 2001 Quis
588 1926 671 1988 enim
694 1932 743 1987 est
763 1932 826 1987 tam
849 1925 977 2006 ignarus
999 1944 1122 1997 rerum,
1145 1932 1208 1987 tam
1230 1924 1308 1986 nihil
1326 1923 1365 1987 de
1387 1944 1420 1988 ra
1442 1928 1569 2009 publica
1585 1948 1643 1991 co·

312 2021 431 2102 gitaus,
454 2018 511 2102 qui
532 2018 594 2080 hoc
615 2037 678 2080 uon
702 2016 872 2100 intelligat,
895 2018 922 2081 si
944 2019 986 2081 Μ.
1000 2019 1158 2082 Antonius
1172 2038 1191 2081 a
1206 2018 1372 2081 Brundisio
1387 2040 1458 2081 cum
1476 2021 1513 2083 iis
1527 2021 1642 2104 copiis,

312 2134 391 2197 quas
419 2133 454 2175 se
482 2112 661 2175 habiturum
688 2111 836 2194 putabat,
869 2113 1016 2187 Romam,
1049 2120 1084 2175 ut
1112 2112 1302 2186 minabatur,
1335 2113 1444 2174 venire
1466 2114 1641 2195 potuisset,

275 2227 302 2273 4ο
312 2207 432 2271 nullum
455 2225 554 2288 genus
577 2226 649 2268 eum
671 2204 867 2268 crudelitatis
891 2209 1133 2288 praeteriturum
1154 2205 1275 2269 fuisset
1304 2206 1424 2288 quippo
1447 2206 1501 2287 qui
1524 2206 1556 2267 iu
1578 2205 1641 2267 ho·

312 2300 403 2384 spitis
426 2299 515 2362 tectis
539 2298 698 2361 Brundisii
711 2298 906 2378 „fortissimos
922 2300 1006 2363 viros
1024 2301 1226 2383 optimosque
1241 2301 1323 2363 cives
1343 2299 1477 2381 iugulari
1494 2300 1640 2372 iusserit;

313 2413 448 2479 quorum
470 2399 543 2456 ante
565 2391 662 2475 pedes
684 2392 752 2455 eius
775 2393 978 2456 morientium
1000 2394 1154 2476 sauguine
1176 2414 1211 2456 os
1235 2394 1344 2455 uxoris
1367 2412 1544 2476 respersum
1566 2411 1640 2454 esse

312 2488 483 2553 constabat.
520 2486 586 2549 llac
616 2485 669 2548 ille
692 2485 876 2549 crudelitate
901 2487 1056 2561 imbutus,
1088 2508 1159 2549 cum
1181 2486 1280 2550 multo
1302 2486 1394 2549 nobis
1417 2486 1563 2550 omnibus
1584 2504 1641 2548 ve-

310 2585 394 2646 niret
415 2581 538 2655 iratior,
561 2598 657 2662 quam
678 2578 741 2642 illis
763 2578 883 2655 luerat,
906 2600 986 2664 quos
1007 2579 1194 2654 trucidarat,
1217 2581 1267 2644 cni
1282 2581 1411 2644 tandem
1426 2589 1569 2644 nostrum
1583 2586 1642 2641 aut

275 2677 362 2744 tacui
385 2675 513 2738 omnino
535 2673 621 2736 bono
644 2673 861 2757 pepercisset?
895 2672 925 2737 5.
943 2674 1014 2749 Qua
1035 2680 1124 2758 peste
1146 2675 1267 2759 privato
1290 2674 1424 2738 consilio
1447 2694 1512 2736 rem
1534 2672 1642 2757 publi-

311 2789 379 2833 cam
400 2800 442 2815 -
463 2787 570 2851 neque
599 2767 685 2828 enim
709 2766 778 2829 fieri
809 2767 914 2851 potuit
934 2767 1025 2831 aliter
1046 2800 1088 2814 -
1110 2767 1225 2832 Caesar
1246 2768 1401 2831 liberavit.
1435 2768 1497 2844 Qui
1519 2767 1582 2830 nisi
1606 2765 1640 2826 in

310 2864 370 2928 bac
392 2883 426 2926 re
448 2861 575 2945 publica
596 2866 690 2924 uatus
713 2868 811 2935 esset,
834 2881 900 2923 rem
922 2860 1081 2944 publicam
1107 2863 1227 2926 scelere
1248 2863 1378 2925 Antonii
1400 2863 1518 2925 nullam
1539 2859 1642 2922 babe-

310 2976 426 3021 remos.
471 2956 522 3019 Sic
552 2955 636 3019 euim
667 2955 839 3038 perspicio,
868 2954 914 3018 sic
936 2954 1059 3029 iudico,
1088 2956 1149 3018 nisi
1171 2976 1253 3019 unus
1276 2955 1460 3019 adolescens
1482 2954 1568 3018 illius
1589 2952 1641 3014 fu-

310 3050 410 3113 rentis
431 3049 566 3132 impetus
589 3048 889 3132 crudelissimosque
913 3056 1047 3111 conatus
1062 3049 1274 3123 cohibuisset,
1296 3069 1362 3112 rem
1385 3047 1544 3132 publicam
1565 3046 1640 3108 fun-

273 3145 395 3211 soditus
416 3143 615 3207 interituram
636 3142 745 3207 luisse.
769 3143 825 3206 Cui
849 3142 979 3226 quidem
999 3142 1152 3205 hodierno
1175 3142 1243 3217 die,
1266 3150 1372 3225 patres
1394 3140 1574 3223 conscripti,
1596 3172 1638 3186 -

311 3258 396 3303 nunc
418 3238 502 3301 enim
523 3237 660 3321 primum
679 3236 724 3299 ita
738 3238 960 3311 convenimus,
982 3246 1018 3300 ut
1031 3236 1116 3300 illius
1132 3236 1286 3300 beneficio
1302 3255 1466 3320 possemus
1481 3254 1529 3307 ea,
1554 3252 1638 3316 quae

312 3334 516 3406 sentiremus,
543 3330 642 3395 libere
672 3330 777 3394 dicere
808 3364 847 3378 -
876 3330 1043 3394 tribuenda
1075 3338 1123 3394 est
1152 3332 1338 3408 auctoritas,
1369 3338 1497 3395 utrem
1532 3328 1639 3414 publi-

313 3447 382 3491 cam
402 3446 468 3489 uon
490 3425 584 3489 modo
605 3445 625 3488 a
645 3445 679 3489 se
701 3435 895 3510 susceptam,
918 3426 975 3490 sed
996 3426 1090 3489 etiam
1113 3445 1132 3489 a
1153 3427 1244 3490 nobis
1267 3425 1517 3491 commendatam
1537 3423 1640 3508 possit

315 3518 495 3584 defendere.

277 3634 306 3682 ss
398 3613 453 3675 ΠΙ.
474 3609 504 3674 6.
526 3613 591 3675 Neo
612 3632 687 3674 vero
709 3613 749 3675 de
771 3611 896 3696 legione
918 3614 1047 3688 Martia,
1070 3614 1220 3698 quoniam
1242 3614 1336 3699 longo
1358 3613 1524 3678 intervallo
1547 3612 1638 3698 loqui

314 3708 406 3772 nobis
428 3707 468 3771 de
490 3726 524 3770 rc
552 3705 677 3789 publica
705 3707 794 3782 licet,
824 3707 911 3771 sileri
940 3715 1054 3791 potest.
1091 3708 1170 3783 Quis
1200 3709 1282 3773 enim
1304 3728 1385 3772 uuus
1406 3708 1536 3783 fortior,
1565 3706 1639 3790 quis

315 3801 446 3864 amicior
466 3819 616 3883 umquam
638 3801 685 3863 rei
706 3801 851 3883 publicae
865 3800 926 3864 fuit
940 3821 1036 3884 quam
1051 3800 1135 3884 legio
1149 3803 1261 3865 Martia
1274 3801 1445 3865 universal
1467 3820 1550 3885 quac
1566 3819 1639 3863 cnm

314 3895 437 3958 bostem
465 3892 575 3977 populi
605 3895 737 3957 Romani
756 3893 929 3956 Antonium
957 3894 1142 3970 iudicasset,
1171 3890 1277 3981 comes
1299 3915 1370 3959 esse
1393 3896 1460 3958 eius
1481 3893 1639 3957 amentiae

314 3987 433 4051 noluit:
455 3987 584 4071 reliquit
605 3987 784 4062 consulem,
807 3987 894 4070 quod
916 3986 1057 4071 profecto
1078 4008 1142 4052 non
1163 3989 1307 4063 fecisset,
1330 3989 1356 4052 si
1380 4007 1451 4051 eum
1474 3987 1639 4050 consulem

277 4079 497 4155 aoiudioasset‚
520 4099 615 4163 quem
636 4079 716 4143 nihil
738 4079 824 4143 aliud
846 4100 955 4164 agere,
976 4082 1057 4145 nihil
1072 4082 1178 4146 moliri
1192 4083 1254 4146 nisi
1269 4080 1398 4147 caedem
1411 4081 1527 4146 cisium
1541 4087 1639 4164 atque

379 4468 403 4517 4.
421 4479 453 4516 ne
469 4463 609 4529 optantibus
623 4462 780 4514 Lambinus:
798 4475 843 4513 osc
859 4463 1000 4527 4444444444οω
1014 4465 1078 4525 44ος
1095 4477 1141 4516 osc
1156 4464 1366 4528 opinandum
1386 4465 1419 4518 ol.
1432 4465 1519 4519 Madv.
1533 4465 1567 4516 ad
1580 4465 1636 4517 Cic.

314 4542 348 4595 de
365 4544 429 4594 flnn.
452 4541 667 4607 petasones
687 4538 957 4600 Tao.Anu.ltl,tt.
981 4567 1009 4578 -
1034 4541 1173 4603 4444444444
1199 4567 1226 4577 -
1250 4542 1361 4591 44444444
1379 4567 1407 4578 -
1430 4556 1481 4605 qna
1496 4543 1520 4591 v
1537 4568 1565 4578 -
1586 4554 1639 4590 son

312 4617 504 4684 possepotV:
522 4615 813 4679 nespomnmo-
832 4615 858 4664 2.
877 4616 961 4666 cmv:
980 4617 1069 4666 om.D
1087 4642 1115 4652 -
1133 4616 1407 4666 commment-
1426 4617 1451 4667 3.
1469 4617 1637 4679 macodo.

313 4691 673 4758 quamv-summosvz
694 4690 1213 4752 smnosusiblsomuseouerboosia)
1233 4717 1260 4727 -
1284 4688 1451 4741 below:
1471 4691 1588 4741 44444444)
1608 4716 1636 4724 -

313 4769 400 4832 erodit
415 4767 438 4815 V
455 4767 513 4830 (pro
528 4766 626 4829 scsudtt)
645 4791 672 4801 -
690 4766 717 4815 io
733 4778 763 4815 re
775 4765 877 4829 publico
892 4765 972 4827 44444444
987 4765 1025 4824 V3
1043 4766 1085 4815 sod
1100 4765 1127 4815 in
1143 4765 1222 4815 44444444
1241 4766 1278 4815 rei
1293 4780 1319 4828 p.
1336 4767 1357 4815 D
1373 4789 1400 4801 -
1418 4765 1558 4814 conlocauit
1572 4764 1595 4812 V
1608 4791 1637 4800 -

313 4841 663 4895 commeationem·
691 4840 871 4902 4444444444-
895 4839 1302 4904 stasanor-auaui)
1322 4838 1640 4902 -upsuoostups-

313 4921 415 4968 taceret
439 4916 476 4974 Di
498 4918 603 4977 4444444444
624 4916 644 4965 0
666 4927 728 4965 cum
751 4914 891 4964 Garatonio
914 4911 973 4964 coll.
992 4911 1105 4964 lectione
1121 4914 1239 4964 Vaticani
1261 4915 1287 4964 in
1304 4927 1343 4964 or.
1361 4912 1426 4965 Phil.
1445 4915 1480 4974 44,
1499 4913 1515 4978 g
1532 4912 1588 4962 446.
1607 4937 1636 4947 -

313 4990 354 5041 40.
373 5003 429 5041 som
446 5002 499 5039 om.
517 5001 533 5038 a
551 5016 578 5025 -
596 4989 709 5051 cotom.
727 4989 784 5039 4-
809 4989 849 5039 44.
867 4987 991 5039 modian
1007 4989 1043 5048 V;
1066 4987 1099 5038 ct.
1119 4986 1184 5038 inira
1201 4988 1216 5052 5
1234 4989 1274 5039 40.
1295 5015 1323 5025 -
1348 4991 1501 5052 optimosque
1516 4987 1583 5036 cloes
1598 4986 1637 5035 V:

312 5066 378 5115 444444
393 5064 499 5128 optimos
518 5065 540 5114 D
558 5090 585 5100 -
608 5064 772 5128 4444444444
790 5091 817 5102 -
840 5063 939 5114 44444444
955 5062 992 5113 V:
1014 5063 1122 5112 44444444)
1141 5087 1167 5097 -
1192 5063 1233 5112 42.
1251 5074 1279 5111 os
1300 5063 1486 5112 444444444-
1506 5061 1547 5112 43.
1564 5061 1637 5111 nobis

312 5140 424 5191 4444440444
446 5137 512 5189 Guil.
531 5138 619 5190 Christ
639 5137 706 5202 (coll.
725 5151 764 5192 or.
781 5139 812 5200 V,
831 5137 846 5203 g
863 5137 910 5188 22:
934 5132 987 5201 qoo'
1000 5138 1085 5188 animo
1100 5138 1165 5187 bunc
1180 5136 1294 5200 4444444444
1309 5137 1384 5199 noso
1407 5138 1509 5188 44444444
1529 5137 1556 5186 to
1577 5149 1637 5197 nos,

312 5229 374 5280 quos
389 5216 484 5275 oderat,
503 5228 560 5264 cum
574 5215 601 5264 444
614 5227 662 5276 sos,
681 5226 741 5277 quos
756 5225 894 5277 numquam
909 5212 1016 5273 uiderat,
1033 5217 1086 5263 tom
1102 5211 1208 5263 4444444444
1222 5210 1348 5274 4444444444·
1367 5212 1435 5262 bonis
1451 5211 1564 5262 omnibns
1574 5211 1636 5268 V0;

312 5290 381 5342 bonis
402 5288 539 5340 bominibus
554 5290 576 5339 D
595 5315 623 5325 -
643 5289 730 5339 44444444
744 5289 827 5338 rottor
843 5284 874 5336 V¹
892 5314 920 5324 -
944 5286 984 5338 44.
1001 5292 1111 5337 osonum
1128 5289 1148 5337 D
1168 5312 1195 5323 -
1215 5287 1255 5337 40.
1270 5286 1376 5348 priuato
1392 5285 1524 5336 concitore
1536 5283 1640 5346 publico

311 5378 390 5428 nepos
406 5365 441 5424 V;
460 5363 673 5426 responso
693 5362 793 5412 comitto
809 5362 892 5412 secl)
911 5387 938 5397 -
959 5360 1199 5426 topotoitflertb
1220 5388 1248 5398 -
1270 5361 1446 5424 444444444-
1466 5361 1638 5422 4444444444·

312 5439 423 5499 444444Ις
441 5452 470 5490 rs
485 5436 588 5502 .p.b-
605 5436 766 5487 sceterevb:
784 5434 918 5487 obscelero
934 5438 1033 5500 agl·
1051 5437 1249 5488 onwnadlov-
1273 5436 1499 5487 2044444444444444
1514 5437 1572 5486 v-
1592 5435 1639 5487 Coi

311 5514 512 5566 --cooosntoass
527 5511 602 5563 atlert
617 5512 716 5563 Nonius
732 5525 759 5577 p.
771 5511 829 5562 su.
844 5538 874 5550 -
891 5512 1005 5563 bodisero
1020 5512 1083 5562 V·
1101 5514 1142 5564 24.
1159 5517 1188 5562 444
1204 5512 1234 5562 ds
1249 5511 1316 5561 4444444
1331 5510 1371 5561 bt
1384 5538 1411 5548 -
1428 5511 1549 5574 possimos
1566 5510 1639 5561 ah¹t

314 5590 433 5642 -sovz
451 5602 505 5640 om.
522 5589 585 5638 D-
603 5586 839 5651 2244044444-
858 5585 1091 5637 2444444444)-
1108 5585 1352 5637 44444444444444444-
1371 5585 1413 5635 26.
1430 5580 1636 5637 medont-

311 5665 384 5727 4444444]
400 5677 523 5727 mapsam
538 5662 549 5712 4
567 5689 594 5699 -
611 5662 652 5712 24.
669 5661 813 5725 republica
828 5661 890 5710 V-
909 5661 951 5733 28.
963 5661 1142 5712 4444πί44444
1161 5663 1197 5713 44.
1208 5660 1343 5712 Antoniam
1359 5662 1411 5711 DO
1424 5661 1481 5725 (sed
1500 5675 1530 5712 a:
1547 5674 1574 5725 p.
1586 5675 1637 5711 nn.

313 5741 450 5803 4444444444)
468 5764 496 5775 -
515 5738 610 5788 iudica
625 5737 666 5788 ssd
682 5738 718 5797 V;
740 5738 898 5788 indicassis-set
914 5738 936 5787 D
956 5762 984 5773 -
1007 5737 1059 5788 44444
1074 5749 1124 5787 esse
1140 5750 1156 5800 g
1174 5762 1204 5774 -
1224 5737 1331 5789 mentius
1346 5736 1392 5797 V¹;
1411 5737 1538 5788 amicitias
1554 5737 1592 5786 at
1611 5763 1639 5774 -

314 5814 355 5865 20.
373 5812 627 5878 noannoeane
642 5823 696 5863 om.
714 5813 725 5862 t
743 5837 771 5848 -
788 5812 830 5866 30.
847 5812 946 5864 4444444444
961 5811 1004 5866 ssd
1019 5812 1056 5862 V:
1075 5811 1234 5868 4440444444
1249 5812 1319 5876 abg
1336 5838 1364 5848 -
1383 5812 1498 5874 44444441;
1516 5823 1639 5874 qoem·-

315 5888 409 5943 otderst
423 5887 507 5941 habet
521 5888 621 5941 Nonius
636 5899 664 5954 p.
681 5886 730 5941 ato
746 5889 782 5942 44.
