<?xml version="1.0" encoding="UTF-8"?>
<!DOCTYPE html PUBLIC "-//W3C//DTD XHTML 1.0 Transitional//EN"
    "http://www.w3.org/TR/xhtml1/DTD/xhtml1-transitional.dtd">
<html xmlns="http://www.w3.org/1999/xhtml" xml:lang="en" lang="en">
 <head>
  <title>
</title>
<meta http-equiv="Content-Type" content="text/html;charset=utf-8" />
  <meta name='ocr-system' content='tesseract 3.04.00' />
  <meta name='ocr-capabilities' content='ocr_page ocr_carea ocr_par ocr_line ocrx_word'/>
</head>
<body>
  <div class='ocr_page' id='page_1' title='image "./operaquaesupers08halmgoog/operaquaesupers08halmgoog_0015.png"; bbox 0 0 3800 7350; ppageno 0'>
   <div class='ocr_carea' id='block_1_1' title="bbox 495 2191 1345 2315">
    <p class='ocr_par' dir='ltr' id='par_1_1' title="bbox 495 2191 1345 2315">
     <span class='ocr_line' id='line_1_1' title="bbox 495 2191 1345 2315; baseline 0.005 -4"><span class='ocrx_word' id='word_1_1' title='bbox 495 2193 525 2313; x_wconf 87' lang='lat'><strong>1.</strong></span> <span class='ocrx_word' id='word_1_2' title='bbox 558 2196 604 2311; x_wconf 87' lang='lat' dir='ltr'><strong>G.</strong></span> <span class='ocrx_word' id='word_1_3' title='bbox 638 2192 913 2315; x_wconf 83' lang='lat' dir='ltr'><strong>BAITERUS</strong></span> <span class='ocrx_word' id='word_1_4' title='bbox 947 2241 994 2309; x_wconf 84' lang='lat' dir='ltr'><strong>uu</strong></span> <span class='ocrx_word' id='word_1_5' title='bbox 1027 2191 1071 2313; x_wconf 75' lang='grc' dir='ltr'><strong>Ο.</strong></span> <span class='ocrx_word' id='word_1_6' title='bbox 1104 2192 1345 2315; x_wconf 72' lang='lat' dir='ltr'><strong>emilis</strong></span> 
     </span>
    </p>
   </div>
   <div class='ocr_carea' id='block_1_2' title="bbox 769 2537 1079 2632">
    <p class='ocr_par' dir='ltr' id='par_1_2' title="bbox 769 2537 1079 2632">
     <span class='ocr_line' id='line_1_2' title="bbox 769 2537 1079 2632; baseline 0 0"><span class='ocrx_word' id='word_1_7' title='bbox 769 2537 1021 2632; x_wconf 75' lang='lat' dir='ltr'><strong>lectulus</strong></span> <span class='ocrx_word' id='word_1_8' title='bbox 1046 2539 1079 2632; x_wconf 88' lang='lat' dir='ltr'><strong>S.</strong></span> 
     </span>
    </p>
   </div>
   <div class='ocr_carea' id='block_1_3' title="bbox 864 2811 993 2824">
    <p class='ocr_par' dir='ltr' id='par_1_3' title="bbox 864 2811 993 2824">
     <span class='ocr_line' id='line_1_3' title="bbox 864 2811 993 2824; baseline 0.008 -1"><span class='ocrx_word' id='word_1_9' title='bbox 864 2811 993 2824; x_wconf 42' lang='grc' dir='ltr'><strong>ἡ</strong></span> 
     </span>
    </p>
   </div>
   <div class='ocr_carea' id='block_1_4' title="bbox 252 3023 1592 5855">
    <p class='ocr_par' dir='ltr' id='par_1_4' title="bbox 252 3023 1592 5804">
     <span class='ocr_line' id='line_1_4' title="bbox 363 3023 1580 3110; baseline 0.005 -21"><span class='ocrx_word' id='word_1_10' title='bbox 363 3025 433 3090; x_wconf 87' lang='lat' dir='ltr'><strong>lem</strong></span> <span class='ocrx_word' id='word_1_11' title='bbox 462 3041 550 3090; x_wconf 85' lang='lat' dir='ltr'><strong>enno</strong></span> <span class='ocrx_word' id='word_1_12' title='bbox 577 3026 656 3091; x_wconf 87' lang='lat' dir='ltr'><strong>aute</strong></span> <span class='ocrx_word' id='word_1_13' title='bbox 684 3042 778 3110; x_wconf 84' lang='lat' dir='ltr'><strong>quem</strong></span> <span class='ocrx_word' id='word_1_14' title='bbox 808 3023 893 3095; x_wconf 74' lang='lat' dir='ltr'><strong>ne.</strong></span> <span class='ocrx_word' id='word_1_15' title='bbox 916 3026 1090 3095; x_wconf 77' lang='lat' dir='ltr'><strong>(insumus</strong></span> <span class='ocrx_word' id='word_1_16' title='bbox 1117 3028 1252 3093; x_wconf 92' lang='lat' dir='ltr'><strong>mortem</strong></span> <span class='ocrx_word' id='word_1_17' title='bbox 1280 3026 1379 3110; x_wconf 87' lang='lat' dir='ltr'><strong>obllt,</strong></span> <span class='ocrx_word' id='word_1_18' title='bbox 1409 3043 1482 3094; x_wconf 89' lang='lat' dir='ltr'><strong>eum</strong></span> <span class='ocrx_word' id='word_1_19' title='bbox 1509 3027 1580 3095; x_wconf 89' lang='lat' dir='ltr'><strong>elus</strong></span> 
     </span>
     <span class='ocr_line' id='line_1_5' title="bbox 280 3143 1580 3237; baseline 0.004 -25"><span class='ocrx_word' id='word_1_20' title='bbox 280 3149 433 3231; x_wconf 88' lang='lat' dir='ltr'><strong>eorporis</strong></span> <span class='ocrx_word' id='word_1_21' title='bbox 453 3147 544 3213; x_wconf 87' lang='lat' dir='ltr'><strong>vires</strong></span> <span class='ocrx_word' id='word_1_22' title='bbox 564 3146 610 3212; x_wconf 86' lang='lat' dir='ltr'><strong>itu</strong></span> <span class='ocrx_word' id='word_1_23' title='bbox 632 3144 822 3214; x_wconf 71' lang='lat' dir='ltr'><strong>debilitatae</strong></span> <span class='ocrx_word' id='word_1_24' title='bbox 844 3153 973 3237; x_wconf 81' lang='lat' dir='ltr'><strong>essent,</strong></span> <span class='ocrx_word' id='word_1_25' title='bbox 993 3153 1030 3215; x_wconf 92' lang='lat' dir='ltr'><strong>ut</strong></span> <span class='ocrx_word' id='word_1_26' title='bbox 1051 3150 1220 3216; x_wconf 88' lang='lat' dir='ltr'><strong>eonsilium</strong></span> <span class='ocrx_word' id='word_1_27' title='bbox 1234 3143 1405 3218; x_wconf 77' lang='lat' dir='ltr'><strong>Ciceronis</strong></span> <span class='ocrx_word' id='word_1_28' title='bbox 1424 3152 1476 3216; x_wconf 90' lang='lat' dir='ltr'><strong>sui</strong></span> <span class='ocrx_word' id='word_1_29' title='bbox 1495 3167 1580 3219; x_wconf 84' lang='lat' dir='ltr'><strong>eon-</strong></span> 
     </span>
     <span class='ocr_line' id='line_1_6' title="bbox 279 3266 1581 3359; baseline 0.005 -27"><span class='ocrx_word' id='word_1_30' title='bbox 279 3266 430 3334; x_wconf 87' lang='lat' dir='ltr'><strong>tinuendi</strong></span> <span class='ocrx_word' id='word_1_31' title='bbox 451 3269 594 3336; x_wconf 75' lang='lat' dir='ltr'><strong>abiicere</strong></span> <span class='ocrx_word' id='word_1_32' title='bbox 615 3273 802 3359; x_wconf 79' lang='lat' dir='ltr'><strong>cogeretur,</strong></span> <span class='ocrx_word' id='word_1_33' title='bbox 823 3270 910 3336; x_wconf 89' lang='lat' dir='ltr'><strong>inter</strong></span> <span class='ocrx_word' id='word_1_34' title='bbox 930 3289 994 3336; x_wconf 89' lang='lat' dir='ltr'><strong>nos</strong></span> <span class='ocrx_word' id='word_1_35' title='bbox 1016 3272 1173 3337; x_wconf 81' lang='lat' dir='ltr'><strong>convenit</strong></span> <span class='ocrx_word' id='word_1_36' title='bbox 1192 3289 1277 3357; x_wconf 90' lang='lat' dir='ltr'><strong>opus</strong></span> <span class='ocrx_word' id='word_1_37' title='bbox 1296 3270 1338 3339; x_wconf 82' lang='lat' dir='ltr'><strong>ab</strong></span> <span class='ocrx_word' id='word_1_38' title='bbox 1353 3290 1394 3338; x_wconf 89' lang='lat' dir='ltr'><strong>eo</strong></span> <span class='ocrx_word' id='word_1_39' title='bbox 1414 3272 1581 3359; x_wconf 81' lang='lat' dir='ltr'><strong>inceptum</strong></span> 
     </span>
     <span class='ocr_line' id='line_1_7' title="bbox 252 3376 1580 3481; baseline 0.003 -26"><span class='ocrx_word' id='word_1_40' title='bbox 252 3376 465 3457; x_wconf 78' lang='lat' dir='ltr'><strong>&#39;absolvere</strong></span> <span class='ocrx_word' id='word_1_41' title='bbox 518 3387 615 3473; x_wconf 76' lang='lat' dir='ltr'><strong>Quod</strong></span> <span class='ocrx_word' id='word_1_42' title='bbox 646 3392 815 3481; x_wconf 80' lang='lat' dir='ltr'><strong>negotium</strong></span> <span class='ocrx_word' id='word_1_43' title='bbox 844 3409 916 3458; x_wconf 89' lang='lat' dir='ltr'><strong>eum</strong></span> <span class='ocrx_word' id='word_1_44' title='bbox 946 3393 980 3458; x_wconf 94' lang='lat' dir='ltr'><strong>ln</strong></span> <span class='ocrx_word' id='word_1_45' title='bbox 1015 3411 1076 3458; x_wconf 91' lang='lat' dir='ltr'><strong>nos</strong></span> <span class='ocrx_word' id='word_1_46' title='bbox 1104 3392 1340 3479; x_wconf 74' lang='lat' dir='ltr'><strong>reciperemus,</strong></span> <span class='ocrx_word' id='word_1_47' title='bbox 1371 3411 1437 3460; x_wconf 87' lang='lat' dir='ltr'><strong>una</strong></span> <span class='ocrx_word' id='word_1_48' title='bbox 1471 3397 1580 3461; x_wconf 87' lang='lat' dir='ltr'><strong>tamen</strong></span> 
     </span>
     <span class='ocr_line' id='line_1_8' title="bbox 280 3510 1582 3599; baseline 0.003 -21"><span class='ocrx_word' id='word_1_49' title='bbox 280 3530 360 3597; x_wconf 88' lang='lat' dir='ltr'><strong>spes</strong></span> <span class='ocrx_word' id='word_1_50' title='bbox 381 3510 594 3579; x_wconf 80' lang='lat' dir='ltr'><strong>veliementer</strong></span> <span class='ocrx_word' id='word_1_51' title='bbox 613 3532 676 3579; x_wconf 91' lang='lat' dir='ltr'><strong>nos</strong></span> <span class='ocrx_word' id='word_1_52' title='bbox 696 3514 871 3580; x_wconf 83' lang='lat' dir='ltr'><strong>ieiellerat·</strong></span> <span class='ocrx_word' id='word_1_53' title='bbox 905 3513 1229 3599; x_wconf 75' lang='lat' dir='ltr'><strong>Exspectaveramus</strong></span> <span class='ocrx_word' id='word_1_54' title='bbox 1249 3516 1333 3581; x_wconf 89' lang='lat' dir='ltr'><strong>enim</strong></span> <span class='ocrx_word' id='word_1_55' title='bbox 1353 3534 1414 3581; x_wconf 92' lang='lat' dir='ltr'><strong>nos</strong></span> <span class='ocrx_word' id='word_1_56' title='bbox 1427 3514 1582 3583; x_wconf 85' lang='lat' dir='ltr'><strong>adhibiiis</strong></span> 
     </span>
     <span class='ocr_line' id='line_1_9' title="bbox 281 3633 1581 3724; baseline 0.005 -24"><span class='ocrx_word' id='word_1_57' title='bbox 281 3635 379 3700; x_wconf 86' lang='lat' dir='ltr'><strong>nouis</strong></span> <span class='ocrx_word' id='word_1_58' title='bbox 399 3634 504 3721; x_wconf 88' lang='lat' dir='ltr'><strong>eoplis</strong></span> <span class='ocrx_word' id='word_1_59' title='bbox 525 3635 567 3702; x_wconf 87' lang='lat' dir='ltr'><strong>ab</strong></span> <span class='ocrx_word' id='word_1_60' title='bbox 582 3633 707 3703; x_wconf 85' lang='lat' dir='ltr'><strong>Orellio</strong></span> <span class='ocrx_word' id='word_1_61' title='bbox 729 3636 855 3723; x_wconf 88' lang='lat' dir='ltr'><strong>paretis</strong></span> <span class='ocrx_word' id='word_1_62' title='bbox 874 3636 986 3703; x_wconf 89' lang='lat' dir='ltr'><strong>statim</strong></span> <span class='ocrx_word' id='word_1_63' title='bbox 1006 3636 1050 3703; x_wconf 87' lang='lat' dir='ltr'><strong>ad</strong></span> <span class='ocrx_word' id='word_1_64' title='bbox 1070 3656 1154 3724; x_wconf 93' lang='lat' dir='ltr'><strong>opus</strong></span> <span class='ocrx_word' id='word_1_65' title='bbox 1168 3636 1304 3705; x_wconf 84' lang='lat' dir='ltr'><strong>editoris</strong></span> <span class='ocrx_word' id='word_1_66' title='bbox 1318 3638 1406 3706; x_wconf 86' lang='lat' dir='ltr'><strong>curis</strong></span> <span class='ocrx_word' id='word_1_67' title='bbox 1420 3638 1581 3706; x_wconf 84' lang='lat' dir='ltr'><strong>Horatia-</strong></span> 
     </span>
     <span class='ocr_line' id='line_1_10' title="bbox 281 3755 1581 3851; baseline 0.005 -29"><span class='ocrx_word' id='word_1_68' title='bbox 281 3756 333 3822; x_wconf 88' lang='lat' dir='ltr'><strong>nis</strong></span> <span class='ocrx_word' id='word_1_69' title='bbox 354 3760 388 3823; x_wconf 93' lang='lat' dir='ltr'><strong>et</strong></span> <span class='ocrx_word' id='word_1_70' title='bbox 402 3755 548 3824; x_wconf 76' lang='lat' dir='ltr'><strong>&#39;l&#39;aeiteis</strong></span> <span class='ocrx_word' id='word_1_71' title='bbox 567 3758 632 3824; x_wconf 82' lang='lat' dir='ltr'><strong>lem</strong></span> <span class='ocrx_word' id='word_1_72' title='bbox 652 3776 714 3844; x_wconf 95' lang='lat' dir='ltr'><strong>per</strong></span> <span class='ocrx_word' id='word_1_73' title='bbox 726 3758 851 3845; x_wconf 86' lang='lat' dir='ltr'><strong>aliquot</strong></span> <span class='ocrx_word' id='word_1_74' title='bbox 865 3776 971 3825; x_wconf 85' lang='lat' dir='ltr'><strong>ennos</strong></span> <span class='ocrx_word' id='word_1_75' title='bbox 991 3759 1208 3828; x_wconf 84' lang='lat' dir='ltr'><strong>intermissum</strong></span> <span class='ocrx_word' id='word_1_76' title='bbox 1224 3759 1366 3851; x_wconf 76' lang='lat' dir='ltr'><strong>aggredi</strong></span> <span class='ocrx_word' id='word_1_77' title='bbox 1386 3779 1500 3848; x_wconf 88' lang='lat' dir='ltr'><strong>posse,</strong></span> <span class='ocrx_word' id='word_1_78' title='bbox 1520 3760 1581 3829; x_wconf 83' lang='lat' dir='ltr'><strong>sed</strong></span> 
     </span>
     <span class='ocr_line' id='line_1_11' title="bbox 281 3878 1581 3970; baseline 0.006 -28"><span class='ocrx_word' id='word_1_79' title='bbox 281 3878 322 3944; x_wconf 89' lang='lat' dir='ltr'><strong>ils</strong></span> <span class='ocrx_word' id='word_1_80' title='bbox 348 3881 537 3948; x_wconf 77' lang='lat' dir='ltr'><strong>accuratius</strong></span> <span class='ocrx_word' id='word_1_81' title='bbox 562 3882 756 3949; x_wconf 72' lang='lat' dir='ltr'><strong>examinetis</strong></span> <span class='ocrx_word' id='word_1_82' title='bbox 782 3882 1020 3965; x_wconf 82' lang='lat' dir='ltr'><strong>intelleximus,</strong></span> <span class='ocrx_word' id='word_1_83' title='bbox 1048 3883 1111 3950; x_wconf 90' lang='lat' dir='ltr'><strong>nisi</strong></span> <span class='ocrx_word' id='word_1_84' title='bbox 1135 3883 1209 3948; x_wconf 87' lang='lat' dir='ltr'><strong>aliis</strong></span> <span class='ocrx_word' id='word_1_85' title='bbox 1228 3881 1479 3970; x_wconf 71' lang='lat' dir='ltr'><strong>melioribusque</strong></span> <span class='ocrx_word' id='word_1_86' title='bbox 1498 3884 1581 3950; x_wconf 87' lang='lat' dir='ltr'><strong>sub-</strong></span> 
     </span>
     <span class='ocr_line' id='line_1_12' title="bbox 282 3998 1582 4092; baseline 0.004 -26"><span class='ocrx_word' id='word_1_87' title='bbox 282 3998 374 4067; x_wconf 87' lang='lat' dir='ltr'><strong>sidiis</strong></span> <span class='ocrx_word' id='word_1_88' title='bbox 395 4001 548 4070; x_wconf 75' lang='lat' dir='ltr'><strong>instructi</strong></span> <span class='ocrx_word' id='word_1_89' title='bbox 569 4022 732 4089; x_wconf 83' lang='lat' dir='ltr'><strong>essemus,</strong></span> <span class='ocrx_word' id='word_1_90' title='bbox 759 4021 822 4073; x_wconf 84' lang='lat' dir='ltr'><strong>nee</strong></span> <span class='ocrx_word' id='word_1_91' title='bbox 844 4006 1012 4072; x_wconf 89' lang='lat' dir='ltr'><strong>orationes</strong></span> <span class='ocrx_word' id='word_1_92' title='bbox 1033 4005 1203 4073; x_wconf 78' lang='lat' dir='ltr'><strong>Ciceronis</strong></span> <span class='ocrx_word' id='word_1_93' title='bbox 1226 4023 1289 4072; x_wconf 89' lang='lat' dir='ltr'><strong>nee</strong></span> <span class='ocrx_word' id='word_1_94' title='bbox 1311 4022 1414 4091; x_wconf 87' lang='lat' dir='ltr'><strong>opere</strong></span> <span class='ocrx_word' id='word_1_95' title='bbox 1434 4023 1518 4092; x_wconf 84' lang='lat' dir='ltr'><strong>quse</strong></span> <span class='ocrx_word' id='word_1_96' title='bbox 1538 4004 1582 4072; x_wconf 85' lang='lat' dir='ltr'><strong>ed</strong></span> 
     </span>
     <span class='ocr_line' id='line_1_13' title="bbox 282 4121 1582 4218; baseline 0.004 -30"><span class='ocrx_word' id='word_1_97' title='bbox 282 4121 520 4211; x_wconf 70' lang='lat' dir='ltr'><strong>philosophum</strong></span> <span class='ocrx_word' id='word_1_98' title='bbox 541 4129 696 4212; x_wconf 85' lang='lat' dir='ltr'><strong>speotuni</strong></span> <span class='ocrx_word' id='word_1_99' title='bbox 716 4127 848 4218; x_wconf 76' lang='lat' dir='ltr'><strong>vulgert</strong></span> <span class='ocrx_word' id='word_1_100' title='bbox 873 4146 988 4214; x_wconf 88' lang='lat' dir='ltr'><strong>posse,</strong></span> <span class='ocrx_word' id='word_1_101' title='bbox 1008 4128 1071 4193; x_wconf 89' lang='lat' dir='ltr'><strong>nisi</strong></span> <span class='ocrx_word' id='word_1_102' title='bbox 1092 4128 1125 4193; x_wconf 91' lang='lat' dir='ltr'><strong>in</strong></span> <span class='ocrx_word' id='word_1_103' title='bbox 1146 4127 1312 4214; x_wconf 86' lang='lat' dir='ltr'><strong>plerisque</strong></span> <span class='ocrx_word' id='word_1_104' title='bbox 1332 4127 1482 4214; x_wconf 81' lang='lat' dir='ltr'><strong>portibus</strong></span> <span class='ocrx_word' id='word_1_105' title='bbox 1502 4126 1582 4193; x_wconf 83' lang='lat' dir='ltr'><strong>nihil</strong></span> 
     </span>
     <span class='ocr_line' id='line_1_14' title="bbox 281 4244 1582 4336; baseline 0.004 -26"><span class='ocrx_word' id='word_1_106' title='bbox 281 4244 371 4311; x_wconf 75' lang='lat' dir='ltr'><strong>siud</strong></span> <span class='ocrx_word' id='word_1_107' title='bbox 398 4247 462 4313; x_wconf 89' lang='lat' dir='ltr'><strong>nisi</strong></span> <span class='ocrx_word' id='word_1_108' title='bbox 487 4248 629 4335; x_wconf 80' lang='lat' dir='ltr'><strong>priorem</strong></span> <span class='ocrx_word' id='word_1_109' title='bbox 657 4248 833 4317; x_wconf 89' lang='lat' dir='ltr'><strong>editionem</strong></span> <span class='ocrx_word' id='word_1_110' title='bbox 857 4252 1011 4336; x_wconf 88' lang='lat' dir='ltr'><strong>repetere</strong></span> <span class='ocrx_word' id='word_1_111' title='bbox 1041 4249 1210 4316; x_wconf 79' lang='lat' dir='ltr'><strong>vellemus</strong></span> <span class='ocrx_word' id='word_1_112' title='bbox 1250 4247 1390 4316; x_wconf 85' lang='lat' dir='ltr'><strong>Preeier</strong></span> <span class='ocrx_word' id='word_1_113' title='bbox 1418 4266 1477 4316; x_wconf 88' lang='lat' dir='ltr'><strong>ees</strong></span> <span class='ocrx_word' id='word_1_114' title='bbox 1497 4249 1582 4315; x_wconf 92' lang='lat' dir='ltr'><strong>enlm</strong></span> 
     </span>
     <span class='ocr_line' id='line_1_15' title="bbox 281 4367 1582 4457; baseline 0.002 -24"><span class='ocrx_word' id='word_1_115' title='bbox 281 4368 458 4451; x_wconf 87' lang='lat' dir='ltr'><strong>loetloues,</strong></span> <span class='ocrx_word' id='word_1_116' title='bbox 480 4388 563 4456; x_wconf 84' lang='lat' dir='ltr'><strong>quas</strong></span> <span class='ocrx_word' id='word_1_117' title='bbox 584 4388 626 4437; x_wconf 89' lang='lat' dir='ltr'><strong>ex</strong></span> <span class='ocrx_word' id='word_1_118' title='bbox 647 4371 789 4457; x_wconf 86' lang='lat' dir='ltr'><strong>aliquot,</strong></span> <span class='ocrx_word' id='word_1_119' title='bbox 812 4389 880 4437; x_wconf 92' lang='lat' dir='ltr'><strong>non</strong></span> <span class='ocrx_word' id='word_1_120' title='bbox 892 4371 1002 4437; x_wconf 87' lang='lat' dir='ltr'><strong>multis</strong></span> <span class='ocrx_word' id='word_1_121' title='bbox 1017 4371 1083 4437; x_wconf 86' lang='lat' dir='ltr'><strong>illis</strong></span> <span class='ocrx_word' id='word_1_122' title='bbox 1096 4369 1265 4438; x_wconf 80' lang='lat' dir='ltr'><strong>eodiellrus</strong></span> <span class='ocrx_word' id='word_1_123' title='bbox 1279 4372 1468 4457; x_wconf 82' lang='lat' dir='ltr'><strong>exscriptas</strong></span> <span class='ocrx_word' id='word_1_124' title='bbox 1481 4367 1582 4438; x_wconf 80' lang='lat' dir='ltr'><strong>Orel-</strong></span> 
     </span>
     <span class='ocr_line' id='line_1_16' title="bbox 281 4490 1583 4579; baseline 0.002 -24"><span class='ocrx_word' id='word_1_125' title='bbox 281 4490 346 4555; x_wconf 91' lang='lat' dir='ltr'><strong>lius</strong></span> <span class='ocrx_word' id='word_1_126' title='bbox 372 4491 407 4556; x_wconf 93' lang='lat' dir='ltr'><strong>in</strong></span> <span class='ocrx_word' id='word_1_127' title='bbox 433 4492 536 4558; x_wconf 85' lang='lat' dir='ltr'><strong>variis</strong></span> <span class='ocrx_word' id='word_1_128' title='bbox 562 4493 696 4579; x_wconf 88' lang='lat' dir='ltr'><strong>seriptis</strong></span> <span class='ocrx_word' id='word_1_129' title='bbox 723 4492 897 4578; x_wconf 72' lang='lat' dir='ltr'><strong>Tullianis,</strong></span> <span class='ocrx_word' id='word_1_130' title='bbox 926 4510 1009 4579; x_wconf 85' lang='lat' dir='ltr'><strong>quae</strong></span> <span class='ocrx_word' id='word_1_131' title='bbox 1035 4495 1113 4579; x_wconf 86' lang='lat' dir='ltr'><strong>post</strong></span> <span class='ocrx_word' id='word_1_132' title='bbox 1134 4493 1309 4560; x_wconf 85' lang='lat' dir='ltr'><strong>editionem</strong></span> <span class='ocrx_word' id='word_1_133' title='bbox 1330 4494 1484 4560; x_wconf 91' lang='lat' dir='ltr'><strong>maiorem</strong></span> <span class='ocrx_word' id='word_1_134' title='bbox 1504 4492 1583 4558; x_wconf 85' lang='lat' dir='ltr'><strong>vul-</strong></span> 
     </span>
     <span class='ocr_line' id='line_1_17' title="bbox 283 4613 1582 4703; baseline 0.001 -25"><span class='ocrx_word' id='word_1_135' title='bbox 283 4614 392 4703; x_wconf 81' lang='lat' dir='ltr'><strong>gavit,</strong></span> <span class='ocrx_word' id='word_1_136' title='bbox 419 4613 483 4680; x_wconf 89' lang='lat' dir='ltr'><strong>ium</strong></span> <span class='ocrx_word' id='word_1_137' title='bbox 509 4614 583 4701; x_wconf 90' lang='lat' dir='ltr'><strong>lpse</strong></span> <span class='ocrx_word' id='word_1_138' title='bbox 603 4615 637 4680; x_wconf 93' lang='lat' dir='ltr'><strong>in</strong></span> <span class='ocrx_word' id='word_1_139' title='bbox 657 4614 761 4682; x_wconf 89' lang='lat' dir='ltr'><strong>lucem</strong></span> <span class='ocrx_word' id='word_1_140' title='bbox 790 4613 989 4702; x_wconf 80' lang='lat' dir='ltr'><strong>protulerat,</strong></span> <span class='ocrx_word' id='word_1_141' title='bbox 1018 4616 1126 4681; x_wconf 87' lang='lat' dir='ltr'><strong>nullas</strong></span> <span class='ocrx_word' id='word_1_142' title='bbox 1146 4616 1219 4682; x_wconf 84' lang='lat' dir='ltr'><strong>iere</strong></span> <span class='ocrx_word' id='word_1_143' title='bbox 1239 4616 1323 4682; x_wconf 84' lang='lat' dir='ltr'><strong>elias</strong></span> <span class='ocrx_word' id='word_1_144' title='bbox 1343 4615 1458 4703; x_wconf 86' lang='lat' dir='ltr'><strong>copias</strong></span> <span class='ocrx_word' id='word_1_145' title='bbox 1476 4613 1520 4681; x_wconf 87' lang='lat' dir='ltr'><strong>ab</strong></span> <span class='ocrx_word' id='word_1_146' title='bbox 1541 4632 1582 4679; x_wconf 88' lang='lat' dir='ltr'><strong>eo</strong></span> 
     </span>
     <span class='ocr_line' id='line_1_18' title="bbox 284 4734 1584 4824; baseline 0 -24"><span class='ocrx_word' id='word_1_147' title='bbox 284 4734 445 4802; x_wconf 85' lang='lat' dir='ltr'><strong>eolleoies</strong></span> <span class='ocrx_word' id='word_1_148' title='bbox 463 4735 667 4823; x_wconf 87' lang='lat' dir='ltr'><strong>invenimus,</strong></span> <span class='ocrx_word' id='word_1_149' title='bbox 687 4735 900 4823; x_wconf 87' lang='lat' dir='ltr'><strong>eodloumque</strong></span> <span class='ocrx_word' id='word_1_150' title='bbox 921 4737 1206 4824; x_wconf 80' lang='lat' dir='ltr'><strong>paucissimorum,</strong></span> <span class='ocrx_word' id='word_1_151' title='bbox 1227 4736 1402 4823; x_wconf 82' lang='lat' dir='ltr'><strong>exquibus</strong></span> <span class='ocrx_word' id='word_1_152' title='bbox 1422 4735 1584 4804; x_wconf 80' lang='lat' dir='ltr'><strong>lectiones</strong></span> 
     </span>
     <span class='ocr_line' id='line_1_19' title="bbox 285 4852 1584 4948; baseline 0.001 -26"><span class='ocrx_word' id='word_1_153' title='bbox 285 4855 471 4943; x_wconf 85' lang='lat' dir='ltr'><strong>desoriptae</strong></span> <span class='ocrx_word' id='word_1_154' title='bbox 491 4857 525 4922; x_wconf 92' lang='lat' dir='ltr'><strong>ln</strong></span> <span class='ocrx_word' id='word_1_155' title='bbox 547 4852 662 4924; x_wconf 86' lang='lat' dir='ltr'><strong>(ltellti</strong></span> <span class='ocrx_word' id='word_1_156' title='bbox 684 4857 816 4925; x_wconf 81' lang='lat' dir='ltr'><strong>schedis</strong></span> <span class='ocrx_word' id='word_1_157' title='bbox 835 4861 991 4945; x_wconf 75' lang='lat' dir='ltr'><strong>repertae</strong></span> <span class='ocrx_word' id='word_1_158' title='bbox 1011 4862 1103 4945; x_wconf 88' lang='lat' dir='ltr'><strong>sunt,</strong></span> <span class='ocrx_word' id='word_1_159' title='bbox 1123 4859 1300 4925; x_wconf 92' lang='lat' dir='ltr'><strong>nonnullos</strong></span> <span class='ocrx_word' id='word_1_160' title='bbox 1321 4861 1387 4926; x_wconf 90' lang='lat' dir='ltr'><strong>tam</strong></span> <span class='ocrx_word' id='word_1_161' title='bbox 1404 4857 1584 4948; x_wconf 80' lang='lat' dir='ltr'><strong>negligen-</strong></span> 
     </span>
     <span class='ocr_line' id='line_1_20' title="bbox 284 4978 1584 5065; baseline 0.001 -23"><span class='ocrx_word' id='word_1_162' title='bbox 284 4980 337 5044; x_wconf 88' lang='lat' dir='ltr'><strong>ter</strong></span> <span class='ocrx_word' id='word_1_163' title='bbox 356 4978 499 5046; x_wconf 84' lang='lat' dir='ltr'><strong>eollatos</strong></span> <span class='ocrx_word' id='word_1_164' title='bbox 520 4997 595 5046; x_wconf 87' lang='lat' dir='ltr'><strong>esso</strong></span> <span class='ocrx_word' id='word_1_165' title='bbox 614 4980 850 5065; x_wconf 85' lang='lat' dir='ltr'><strong>intelleximus,</strong></span> <span class='ocrx_word' id='word_1_166' title='bbox 878 4984 932 5062; x_wconf 87' lang='lat' dir='ltr'><strong>ut,</strong></span> <span class='ocrx_word' id='word_1_167' title='bbox 960 4982 989 5047; x_wconf 91' lang='lat' dir='ltr'><strong>si</strong></span> <span class='ocrx_word' id='word_1_168' title='bbox 1010 4999 1069 5048; x_wconf 91' lang='lat' dir='ltr'><strong>eos</strong></span> <span class='ocrx_word' id='word_1_169' title='bbox 1090 4979 1247 5048; x_wconf 82' lang='lat' dir='ltr'><strong>adhibere</strong></span> <span class='ocrx_word' id='word_1_170' title='bbox 1267 4980 1445 5058; x_wconf 82' lang='lat' dir='ltr'><strong>vellemus,</strong></span> <span class='ocrx_word' id='word_1_171' title='bbox 1467 4980 1584 5044; x_wconf 90' lang='lat' dir='ltr'><strong>lterum</strong></span> 
     </span>
     <span class='ocr_line' id='line_1_21' title="bbox 285 5098 1586 5190; baseline -0.001 -24"><span class='ocrx_word' id='word_1_172' title='bbox 285 5100 474 5169; x_wconf 74' lang='lat' dir='ltr'><strong>excutiendi</strong></span> <span class='ocrx_word' id='word_1_173' title='bbox 496 5100 697 5168; x_wconf 87' lang='lat' dir='ltr'><strong>viderentur.</strong></span> <span class='ocrx_word' id='word_1_174' title='bbox 738 5098 854 5170; x_wconf 73' lang='lat' dir='ltr'><strong>(lodex</strong></span> <span class='ocrx_word' id='word_1_175' title='bbox 883 5106 1007 5185; x_wconf 89' lang='lat' dir='ltr'><strong>autem,</strong></span> <span class='ocrx_word' id='word_1_176' title='bbox 1034 5120 1128 5190; x_wconf 84' lang='lat' dir='ltr'><strong>quem</strong></span> <span class='ocrx_word' id='word_1_177' title='bbox 1154 5102 1253 5170; x_wconf 83' lang='lat' dir='ltr'><strong>laelle</strong></span> <span class='ocrx_word' id='word_1_178' title='bbox 1282 5101 1385 5167; x_wconf 90' lang='lat' dir='ltr'><strong>totius</strong></span> <span class='ocrx_word' id='word_1_179' title='bbox 1404 5104 1586 5186; x_wconf 75' lang='lat' dir='ltr'><strong>apparatus</strong></span> 
     </span>
     <span class='ocr_line' id='line_1_22' title="bbox 285 5219 1586 5310; baseline -0.001 -24"><span class='ocrx_word' id='word_1_180' title='bbox 285 5222 439 5309; x_wconf 88' lang='lat' dir='ltr'><strong>optimum</strong></span> <span class='ocrx_word' id='word_1_181' title='bbox 459 5225 681 5310; x_wconf 84' lang='lat' dir='ltr'><strong>existimares,</strong></span> <span class='ocrx_word' id='word_1_182' title='bbox 702 5224 883 5291; x_wconf 87' lang='lat' dir='ltr'><strong>Beruensls</strong></span> <span class='ocrx_word' id='word_1_183' title='bbox 904 5219 1098 5306; x_wconf 69' lang='lat' dir='ltr'><strong>num.10⁴l,</strong></span> <span class='ocrx_word' id='word_1_184' title='bbox 1119 5222 1296 5310; x_wconf 77' lang='lat' dir='ltr'><strong>tequidem</strong></span> <span class='ocrx_word' id='word_1_185' title='bbox 1317 5225 1408 5289; x_wconf 89' lang='lat' dir='ltr'><strong>totus</strong></span> <span class='ocrx_word' id='word_1_186' title='bbox 1424 5219 1586 5289; x_wconf 81' lang='lat' dir='ltr'><strong>allicien-</strong></span> 
     </span>
     <span class='ocr_line' id='line_1_23' title="bbox 285 5340 1587 5434; baseline -0.002 -25"><span class='ocrx_word' id='word_1_187' title='bbox 285 5342 348 5411; x_wconf 86' lang='lat' dir='ltr'><strong>dus</strong></span> <span class='ocrx_word' id='word_1_188' title='bbox 376 5349 463 5430; x_wconf 86' lang='lat' dir='ltr'><strong>erat,</strong></span> <span class='ocrx_word' id='word_1_189' title='bbox 491 5365 564 5414; x_wconf 88' lang='lat' dir='ltr'><strong>eum</strong></span> <span class='ocrx_word' id='word_1_190' title='bbox 590 5346 740 5413; x_wconf 84' lang='lat' dir='ltr'><strong>Halmius</strong></span> <span class='ocrx_word' id='word_1_191' title='bbox 767 5350 886 5434; x_wconf 90' lang='lat' dir='ltr'><strong>postea</strong></span> <span class='ocrx_word' id='word_1_192' title='bbox 914 5345 1067 5413; x_wconf 82' lang='lat' dir='ltr'><strong>Parisino</strong></span> <span class='ocrx_word' id='word_1_193' title='bbox 1096 5364 1182 5411; x_wconf 85' lang='lat' dir='ltr'><strong>num.</strong></span> <span class='ocrx_word' id='word_1_194' title='bbox 1204 5340 1312 5410; x_wconf 73' lang='lat'><strong>7794</strong></span> <span class='ocrx_word' id='word_1_195' title='bbox 1333 5359 1493 5425; x_wconf 80' lang='lat' dir='ltr'><strong>excusso,</strong></span> <span class='ocrx_word' id='word_1_196' title='bbox 1523 5360 1587 5428; x_wconf 85' lang='lat' dir='ltr'><strong>quo</strong></span> 
     </span>
     <span class='ocr_line' id='line_1_24' title="bbox 286 5462 1589 5555; baseline -0.002 -23"><span class='ocrx_word' id='word_1_197' title='bbox 286 5466 420 5535; x_wconf 86' lang='lat' dir='ltr'><strong>esedem</strong></span> <span class='ocrx_word' id='word_1_198' title='bbox 447 5469 546 5555; x_wconf 90' lang='lat' dir='ltr'><strong>plane</strong></span> <span class='ocrx_word' id='word_1_199' title='bbox 574 5470 742 5536; x_wconf 76' lang='lat' dir='ltr'><strong>orationes</strong></span> <span class='ocrx_word' id='word_1_200' title='bbox 769 5471 997 5551; x_wconf 84' lang='lat' dir='ltr'><strong>eontinentur,</strong></span> <span class='ocrx_word' id='word_1_201' title='bbox 1028 5485 1071 5533; x_wconf 85' lang='lat' dir='ltr'><strong>ex</strong></span> <span class='ocrx_word' id='word_1_202' title='bbox 1095 5466 1287 5534; x_wconf 82' lang='lat' dir='ltr'><strong>certissimis</strong></span> <span class='ocrx_word' id='word_1_203' title='bbox 1306 5462 1437 5531; x_wconf 86' lang='lat' dir='ltr'><strong>indietis</strong></span> <span class='ocrx_word' id='word_1_204' title='bbox 1457 5480 1589 5553; x_wconf 76' lang='lat' dir='ltr'><strong>eogno-</strong></span> 
     </span>
     <span class='ocr_line' id='line_1_25' title="bbox 285 5586 1588 5679; baseline -0.005 -23"><span class='ocrx_word' id='word_1_205' title='bbox 285 5589 393 5656; x_wconf 77' lang='lat' dir='ltr'><strong>visset</strong></span> <span class='ocrx_word' id='word_1_206' title='bbox 424 5592 525 5679; x_wconf 84' lang='lat' dir='ltr'><strong>atque</strong></span> <span class='ocrx_word' id='word_1_207' title='bbox 557 5590 797 5661; x_wconf 79' lang='lat' dir='ltr'><strong>deelarauisset</strong></span> <span class='ocrx_word' id='word_1_208' title='bbox 827 5591 1030 5658; x_wconf 86' lang='lat' dir='ltr'><strong>Beruensem</strong></span> <span class='ocrx_word' id='word_1_209' title='bbox 1061 5607 1104 5655; x_wconf 84' lang='lat' dir='ltr'><strong>ex</strong></span> <span class='ocrx_word' id='word_1_210' title='bbox 1135 5588 1225 5654; x_wconf 93' lang='lat' dir='ltr'><strong>nullo</strong></span> <span class='ocrx_word' id='word_1_211' title='bbox 1254 5587 1320 5653; x_wconf 86' lang='lat' dir='ltr'><strong>slio</strong></span> <span class='ocrx_word' id='word_1_212' title='bbox 1350 5586 1486 5652; x_wconf 86' lang='lat' dir='ltr'><strong>nisiex</strong></span> <span class='ocrx_word' id='word_1_213' title='bbox 1515 5586 1588 5671; x_wconf 88' lang='lat' dir='ltr'><strong>ipso</strong></span> 
     </span>
     <span class='ocr_line' id='line_1_26' title="bbox 286 5702 1592 5804; baseline -0.005 -26"><span class='ocrx_word' id='word_1_214' title='bbox 286 5707 440 5780; x_wconf 74' lang='lat' dir='ltr'><strong>Parisino</strong></span> <span class='ocrx_word' id='word_1_215' title='bbox 472 5710 675 5804; x_wconf 74' lang='lat' dir='ltr'><strong>desumptum</strong></span> <span class='ocrx_word' id='word_1_216' title='bbox 701 5733 793 5790; x_wconf 89' lang='lat' dir='ltr'><strong>esse;</strong></span> <span class='ocrx_word' id='word_1_217' title='bbox 824 5714 869 5783; x_wconf 86' lang='lat' dir='ltr'><strong>ei.</strong></span> <span class='ocrx_word' id='word_1_218' title='bbox 896 5712 984 5783; x_wconf 86' lang='lat' dir='ltr'><strong>Nor.</strong></span> <span class='ocrx_word' id='word_1_219' title='bbox 1009 5731 1090 5780; x_wconf 85' lang='lat' dir='ltr'><strong>mus</strong></span> <span class='ocrx_word' id='word_1_220' title='bbox 1115 5710 1223 5780; x_wconf 85' lang='lat' dir='ltr'><strong>ltlren</strong></span> <span class='ocrx_word' id='word_1_221' title='bbox 1242 5708 1365 5799; x_wconf 82' lang='lat' dir='ltr'><strong>vnn,</strong></span> <span class='ocrx_word' id='word_1_222' title='bbox 1395 5726 1428 5794; x_wconf 89' lang='lat' dir='ltr'><strong>p.</strong></span> <span class='ocrx_word' id='word_1_223' title='bbox 1448 5702 1529 5774; x_wconf 69' lang='grc'><strong>322</strong></span> <span class='ocrx_word' id='word_1_224' title='bbox 1556 5708 1592 5774; x_wconf 88' lang='lat' dir='ltr'><strong>et</strong></span> 
     </span>
    </p>

    <p class='ocr_par' dir='ltr' id='par_1_5' title="bbox 1318 5816 1339 5855">
     <span class='ocr_line' id='line_1_27' title="bbox 1318 5816 1339 5855; baseline 0 0"><span class='ocrx_word' id='word_1_225' title='bbox 1318 5816 1339 5855; x_wconf 61' lang='grc' dir='ltr'><strong>θ</strong></span> 
     </span>
    </p>
   </div>
   <div class='ocr_carea' id='block_1_5' title="bbox 0 0 1925 7348">
    <p class='ocr_par' dir='ltr' id='par_1_6' title="bbox 0 0 1925 7348">
     <span class='ocr_line' id='line_1_28' title="bbox 0 0 1925 7348; baseline 0 0"><span class='ocrx_word' id='word_1_226' title='bbox 0 0 1925 7348; x_wconf 95' lang='lat' dir='ltr'><strong> </strong></span> 
     </span>
    </p>
   </div>
  </div>
 </body>
</html>
