3800 7350
306 1159 390 1225 ltro
660 1159 812 1225 osculo
833 1159 913 1224 PRO
934 1159 1043 1224 REGE
1064 1160 1271 1226 DEIOTARO

304 1350 418 1393 causae
440 1334 560 1412 partem
581 1335 785 1392 reservatum.
827 1328 863 1392 ld
885 1336 991 1392 autem
1014 1329 1089 1412 quid
1112 1331 1181 1391 est?
1203 1337 1234 1392 te
1254 1336 1289 1391 nt
1304 1326 1397 1411 plane
1412 1328 1562 1393 Deiotaro
1577 1350 1629 1393 re·
1660 1383 1668 1397 ,

305 1424 449 1488 conciliet
471 1421 570 1485 oratio
593 1443 673 1486 mea.
714 1425 785 1486 Non
806 1423 891 1486 enim
914 1423 977 1487 iam
999 1430 1105 1485 metuo
1127 1442 1167 1486 ne
1193 1431 1228 1484 tu
1251 1421 1295 1485 illi
1317 1442 1518 1496 suscenseas,
1545 1422 1629 1487 illud

303 1538 416 1581 vereor
436 1537 477 1579 ne
498 1515 558 1578 tibi
578 1516 669 1580 illum
687 1536 870 1580 suscensere
890 1515 1012 1598 aliquid
1027 1517 1207 1599 suspicere:
1229 1515 1315 1599 qnod
1331 1516 1420 1580 abest
1433 1517 1628 1598 longissime,

304 1611 381 1674 mibi
403 1609 511 1683 crede,
535 1610 659 1673 Caesar.
694 1610 777 1687 Quid
800 1610 883 1672 enim
907 1610 1040 1672 retineat
1062 1629 1119 1692 per
1140 1617 1171 1673 te
1193 1609 1351 1683 meminit,
1374 1630 1440 1674 non
1455 1610 1532 1693 quid
1548 1612 1630 1674 ami-

279 1705 396 1769 tserit:
422 1724 527 1787 neque
554 1723 589 1766 se
616 1723 636 1767 a
662 1713 694 1767 te
721 1703 887 1766 multatum
909 1703 1091 1776 arbitratur,
1114 1703 1186 1777 sed,
1209 1723 1278 1766 cum
1302 1704 1497 1768 existimares
1518 1705 1628 1769 multis

303 1797 360 1861 tibi
382 1798 479 1860 multa
501 1816 571 1861 esse
593 1796 772 1870 tribuenda,
801 1815 865 1879 quo
889 1796 993 1859 minus
1014 1817 1033 1859 a
1054 1817 1106 1871 se,
1134 1797 1190 1880 qui
1219 1795 1253 1858 in
1276 1796 1376 1860 altera
1395 1805 1483 1880 parte
1504 1796 1629 1872 luisset,

303 1910 340 1953 ea
367 1911 507 1955 sumeres
535 1910 600 1953 non
629 1891 795 1954 recusavit
837 1886 888 1950 36.
911 1890 1035 1954 Etenim
1064 1890 1091 1953 si
1120 1889 1295 1953 Antiochus
1317 1892 1448 1973 Magnus
1473 1892 1543 1967 ille,
1569 1911 1629 1955 rex

301 1985 410 2059 Asiae,
433 2005 519 2061 cum,
541 1991 748 2067 posteaquam
770 2004 789 2045 a
807 1983 843 2046 L.
859 1982 1009 2065 Scipione
1031 1983 1172 2047 devictus
1186 1991 1249 2058 est,
1271 1985 1375 2047 Tauro
1389 1991 1481 2049 tenus
1494 2006 1628 2068 regnare

301 2080 405 2141 iussus
439 2087 523 2141 esset
555 2096 741 2160 omnemque
770 2076 852 2140 banc
877 2078 1000 2152 Asiam,
1034 2097 1116 2161 quae
1143 2085 1192 2140 est
1217 2098 1302 2140 nnnc
1323 2085 1432 2140 nostra
1452 2079 1628 2162 provincia,

264 2172 473 2248 remisisset,
496 2173 602 2236 dicere
624 2177 672 2234 est
692 2170 806 2234 solitus
826 2170 964 2253 benigne
987 2171 1048 2233 sibi
1070 2190 1089 2233 a
1110 2171 1231 2253 populo
1246 2172 1387 2234 llomano
1406 2192 1476 2236 esse
1498 2170 1627 2246 lactum,

303 2266 389 2348 quod
410 2266 504 2330 nimis
526 2283 639 2347 magna
666 2263 887 2348 procuratione
914 2264 1066 2327 liberatus
1096 2262 1228 2326 modicis
1249 2266 1339 2348 regni
1361 2265 1502 2328 terminis
1523 2274 1629 2328 ntere-

302 2368 370 2421 turs
391 2367 495 2442 potest
515 2357 614 2421 multo
636 2356 760 2421 lucilius
783 2378 817 2420 se
839 2358 1007 2421 Deiotarus
1030 2357 1197 2420 consolari.
1232 2358 1290 2421 Ille
1311 2359 1396 2423 enim
1416 2358 1533 2424 luroris
1547 2359 1628 2422 mul-

302 2460 366 2515 tam
388 2453 572 2527 sustulerat,
600 2450 653 2514 bic
676 2452 800 2514 enoris.
845 2450 958 2514 Omnia
980 2460 1013 2513 tu
1033 2451 1200 2526 Deiotaro,
1223 2452 1352 2526 Caesar,
1383 2453 1532 2528 tribuisti,
1554 2472 1627 2516 cnm

304 2553 337 2608 et
355 2546 419 2628 ipsi
440 2555 473 2609 et
493 2543 557 2609 filio
580 2564 697 2608 nomen
717 2545 839 2626 regium
861 2544 1055 2608 concessisti.
1088 2545 1158 2609 lloc
1171 2544 1298 2608 nomine
1312 2553 1435 2609 retento
1449 2555 1545 2629 atque
1560 2565 1628 2609 ser-

267 2644 375 2703 ravato
396 2639 518 2702 nullum
540 2638 730 2702 beneficium
751 2638 861 2721 populi
883 2638 1031 2713 Romani,
1059 2638 1181 2702 nullum
1206 2639 1358 2702 iudicium
1381 2638 1476 2702 dese
1498 2647 1627 2704 senatus

304 2733 501 2796 imminutum
523 2741 624 2815 putat.
656 2734 771 2815 blaguo
795 2732 901 2795 animo
925 2739 957 2794 et
978 2739 1082 2795 erecto
1105 2738 1167 2807 est,
1193 2752 1252 2795 nec
1272 2751 1422 2816 umquam
1444 2733 1628 2796 succumbet

305 2827 457 2901 inimicis,
479 2847 521 2891 ne
541 2826 686 2890 lonunae
709 2825 847 2909 quidem.
880 2822 932 2888 37.
954 2827 1053 2890 llulta
1074 2846 1108 2889 se
1130 2826 1297 2890 arbitratur
1319 2834 1351 2890 et
1371 2828 1532 2912 peperisse
1552 2834 1627 2888 ante

304 2919 396 2983 factis
417 2929 450 2983 et
469 2920 586 2983 babere
607 2920 640 2982 in
662 2919 769 2983 animo
792 2926 887 3004 atque
902 2919 1027 2994 virtute,
1051 2938 1133 3003 quae
1147 2921 1236 2983 nullo
1250 2920 1344 2984 modo
1360 2919 1460 3003 possit
1472 2920 1627 2996 amittere.

307 3012 396 3090 Quae
419 3014 502 3077 enim
523 3014 650 3077 lortuna
670 3021 724 3076 aut
746 3014 819 3096 quis
841 3033 932 3078 casus
954 3022 1008 3076 aut
1028 3032 1110 3096 quae
1131 3020 1218 3076 tanta
1240 3014 1340 3097 possit
1357 3014 1471 3077 iniuria
1486 3013 1628 3077 omnium

269 3108 530 3191 toimperatorum
552 3107 591 3170 de
612 3108 761 3171 Deiotaro
785 3106 912 3171 decreta
934 3106 1064 3171 delerel
1087 3108 1135 3169 Ab
1157 3107 1303 3171 omnibns
1324 3109 1408 3169 enim
1425 3113 1474 3170 est
1487 3113 1629 3179 omatus,

307 3203 376 3283 qui,
398 3210 605 3285 posteaquam
628 3201 661 3263 in
684 3202 795 3264 castris
817 3219 889 3263 esse
902 3200 1009 3283 potnit
1021 3221 1078 3286 per
1091 3208 1241 3275 aetatem,
1263 3201 1296 3263 in
1310 3200 1398 3274 Asia,
1421 3200 1629 3285 Cappadocia,

307 3298 423 3369 Ponto,
453 3295 576 3368 Cilicia,
604 3294 694 3377 Syria
719 3293 803 3357 bella
825 3301 1009 3376 gesserunt:
1038 3302 1165 3358 senatus
1187 3315 1264 3358 vero
1285 3294 1405 3357 indicia
1425 3292 1465 3356 de
1486 3293 1542 3356 illo
1563 3300 1629 3356 tam

308 3389 405 3451 multa
427 3395 553 3472 tamque
574 3383 762 3460 honorifica,
785 3406 868 3471 qnae
889 3388 1026 3469 publicis
1047 3387 1158 3471 populi
1173 3389 1305 3452 llomani
1318 3387 1430 3451 litteris
1443 3405 1629 3450 monumen·

307 3482 413 3567 lisque
439 3483 623 3564 consignata
649 3487 737 3554 sunt,
766 3500 849 3564 quae
878 3501 1028 3565 umquam
1057 3488 1194 3545 vetustas
1221 3483 1335 3545 obruet
1362 3488 1417 3545 aut
1437 3500 1520 3564 qnae
1541 3487 1629 3543 tanta

269 3576 426 3640 atdelebit
445 3576 584 3639 oblivio?
607 3572 692 3650 Quid
714 3575 753 3637 de
776 3576 890 3638 virtute
912 3575 981 3637 eins
995 3575 1122 3638 dicaml
1146 3574 1186 3638 de
1201 3576 1415 3658 magnitudine
1429 3575 1535 3649 animi,
1557 3593 1628 3656 gra·

308 3672 416 3746 vitate,
443 3668 640 3735 constantia?
668 3689 751 3754 quae
778 3689 887 3732 omnes
915 3667 1000 3733 docti
1026 3678 1121 3754 atque
1151 3669 1310 3755 sapientes
1331 3690 1470 3745 summa,
1499 3668 1627 3753 quidam

307 3953 394 4013 nensi,
418 3950 506 4000 nviro
523 3947 602 3998 docto
623 3947 739 4008 (eutecio
760 3960 794 3997 au
814 3948 982 4012 Bongarsic‘l)
1006 3948 1153 4014 adscripta:
1172 3951 1375 4014 praetervolarunt
1391 3947 1470 4001 codd.
1487 3946 1544 4000 rell.
1562 3952 1591 3999 et
1607 3950 1627 3999 0

309 4055 334 4065 -
349 4029 383 4078 ud
399 4024 538 4077 eutrerucm
553 4028 654 4086 portem
669 4036 761 4073 causae
777 4024 808 4080 F:
827 4025 862 4073 od
877 4029 1016 4074 extremus
1031 4038 1123 4075 ccum
1139 4026 1204 4088 (sine
1219 4026 1326 4088 portem)
1344 4024 1404 4076 eod.
1421 4023 1494 4074 idem
1511 4023 1538 4074 in
1554 4035 1628 4073 mar-

305 4102 365 4167 gine
389 4099 431 4151 ed.
451 4097 556 4159 Lamb,
580 4099 644 4148 ttet
660 4096 770 4148 Hclmst.
790 4125 817 4133 —
842 4099 865 4148 4.
884 4105 1010 4149 servatum
1027 4101 1091 4150 F.—
1110 4101 1170 4161 quid
1185 4105 1221 4150 est
1240 4113 1331 4163 margo
1353 4098 1508 4151 bernensis:
1530 4099 1629 4161 euque

304 4185 339 4229 est
356 4178 434 4230 codd.
453 4178 508 4227 noti
529 4177 555 4224 et
576 4174 596 4223 0
621 4199 648 4208 —
674 4172 882 4224 reconcilieturtt
905 4175 1055 4234 (reconciliet
1070 4176 1205 4226 Detotburo
1221 4177 1275 4240 rapt
1292 4176 1317 4238 F)
1337 4202 1365 4211 -
1390 4174 1416 4225 2.
1434 4175 1470 4224 sur
1486 4179 1515 4224 tu
1531 4175 1578 4225 Fu
1598 4202 1625 4211 -

297 4266 443 4305 ·susceusccs
458 4250 538 4302 BDE
560 4249 597 4312 (et
613 4250 652 4297 sic
669 4247 684 4311 S
702 4247 754 4309 38):
777 4261 918 4298 suracusas
935 4251 1032 4300 Fuso
1051 4277 1077 4286 -
1103 4251 1127 4302 3.
1145 4249 1197 4314 tibi]
1215 4257 1242 4300 tu
1258 4252 1279 4300 D
1301 4250 1382 4316 (titum
1397 4249 1494 4312 aliquid
1510 4249 1554 4299 tibi
1569 4263 1628 4298 sue-

304 4330 443 4392 ceusereF)
463 4325 848 4388 -suspteerltrsusptcers'sl
867 4353 893 4362 -
912 4329 936 4377 s.
955 4324 1627 4388 uepueClt:uont'-ruuttutuueeseF—ect-

304 4408 418 4456 obrutus
433 4403 559 4454 BDEll:
583 4401 737 4451 existimaret
753 4399 825 4450 FSO
843 4426 870 4437 -
894 4402 919 4451 6.
937 4402 995 4464 quo]
1016 4402 1101 4465 queD
1121 4426 1148 4437 -
1173 4413 1191 4449 a
1205 4413 1231 4450 se
1246 4400 1290 4462 qui
1305 4400 1331 4449 tu
1347 4414 1375 4450 o.
1389 4414 1418 4462 p.
1434 4399 1520 4462 [00404
1535 4400 1626 4460 Bern.,

304 4483 320 4531 2
333 4482 451 4532 Menace.
470 4480 497 4528 et
512 4473 628 4526 nonnulli
645 4472 700 4525 alii:
718 4474 815 4537 esseque·
831 4474 858 4524 iu
873 4475 955 4526 attero
969 4482 1042 4539 porte
1056 4475 1173 4540 potuisset
1184 4475 1269 4536 CFR,
1288 4475 1337 4527 sed
1349 4476 1383 4526 E:
1401 4475 1428 4525 iu
1438 4475 1546 4526 wora
1559 4488 1627 4537 pur-

305 4562 353 4604 tem
371 4582 398 4591 -
417 4554 441 4603 7.
459 4563 556 4601 sumere
571 4549 615 4600 FS
635 4574 661 4585 -
685 4549 709 4598 8.
727 4561 785 4598 curu
801 4549 864 4599 cn:
888 4550 931 4612 put
947 4551 965 4599 l‘
984 4578 1011 4587 -
1034 4551 1062 4600 t.
1082 4552 1116 4610 n,
1142 4549 1272 4611 antona..
1290 4550 1306 4599 5
1323 4549 1423 4600 Oxonn.
1442 4563 1504 4601 cum
1520 4547 1626 4602 Vsterio

306 4629 417 4678 Maximo
433 4626 476 4686 lv,
495 4626 519 4687 t,
538 4627 589 4675 ert.
608 4623 635 4673 9:
654 4625 680 4674 P.
698 4624 731 4684 Fi
754 4637 807 4679 om,
826 4624 877 4674 CO
896 4651 924 4663 -
944 4626 1052 4676 dwtctus
1067 4629 1102 4675 est
1117 4622 1273 4674 Lambinus:
1292 4628 1327 4674 est
1342 4637 1396 4675 om.
1415 4624 1494 4676 codd.
1512 4627 1540 4676 et
1556 4626 1576 4676 0
1595 4652 1624 4662 -

305 4703 329 4752 0.
346 4703 427 4752 tusses
442 4706 477 4752 est
494 4701 552 4761 l'll,
575 4711 608 4748 ex
624 4711 677 4761 qna
693 4697 805 4749 lectione
823 4700 945 4749 Garatoni
961 4701 1000 4751 sic
1016 4698 1106 4751 locum
1123 4700 1269 4750 constituit:
1287 4713 1336 4750 rear
1350 4699 1437 4762 Adae,
1455 4700 1512 4763 put,
1526 4705 1626 4764 posteo-

305 4790 382 4838 puum
391 4803 405 4812 -
415 4803 429 4812 -
440 4776 547 4825 deuictus
564 4774 645 4823 Tauro
664 4777 734 4823 uuus
755 4785 864 4837 repncre
884 4776 966 4824 tusuu
980 4780 1029 4837 est,
1052 4788 1149 4826 omuun
1164 4776 1229 4824 boue
1243 4775 1330 4825 mam
1339 4800 1377 4812 ·-
1387 4774 1508 4826 ausisset
1523 4776 1575 4826 ost.
1595 4801 1623 4810 -

305 4865 382 4912 quam
401 4851 480 4900 uostrr'
498 4850 655 4911 prostremam
675 4849 786 4912 [meust
806 4849 823 4897 F
843 4874 870 4884 -
898 4850 1051 4911 tusculum
1071 4862 1121 4901 esse
1137 4850 1157 4900 E
1174 4848 1255 4901 solus.
1276 4877 1303 4887 -
1331 4850 1372 4900 ll.
1390 4850 1627 4912 quod--uteretur

304 4929 410 4991 praeter
425 4925 558 4976 Valerium
575 4925 715 4976 llarimum
733 4924 817 4975 babet
832 4922 987 4975 scholiastes
1002 4925 1099 4975 Lucani
1114 4924 1148 4974 nd
1161 4925 1213 4986 Vll,
1226 4925 1285 4975 087.
1299 4951 1326 4961 -
1344 4925 1435 4975 modici
1451 4925 1470 4976 F
1483 4951 1511 4963 -
1530 4925 1571 4975 40.
1582 4925 1626 4988 [α-

303 5002 376 5050 cr'ttus
390 5001 434 5050 boc
449 5013 474 5049 se
491 5001 510 5050 0
530 5023 557 5034 -
583 4998 663 5047 muto
684 4998 747 5057 BE;
771 5011 863 5060 pereum
883 4998 990 5047 muttum
1012 5000 1029 5048 S
1051 5025 1077 5034 -
1103 4999 1142 5050 43.
1160 4999 1293 5049 seututerut
1309 4998 1472 5051 Coloniensis
1489 4998 1623 5051 Gulielmi:

303 5077 455 5127 ssuttnucrct
472 5075 534 5133 clu
552 5072 662 5122 subiect
678 5072 704 5122 F.
723 5071 762 5122 Cl.
777 5071 863 5123 Madv.
878 5073 897 5132 t,
915 5085 941 5137 p.
955 5073 1012 5123 2⁰2.
1030 5075 1066 5134 ll,
1084 5088 1110 5139 p.
1123 5075 1180 5135 340,
1199 5075 1245 5138 qut
1262 5073 1469 5139 comparavitde
1481 5076 1535 5126 nat.
1548 5075 1623 5126 deor.

305 5150 352 5210 lll,
371 5151 386 5211 ἓ
402 5151 448 5199 82:
468 5160 562 5210 poenus
576 5146 682 5196 sustulit.
702 5171 728 5180 -
748 5143 789 5196 tl.
807 5145 889 5210 atque]
906 5152 930 5196 et
946 5148 964 5198 F
982 5172 1010 5184 -
1028 5155 1125 5199 seruato
1142 5150 1205 5201 CR:
1226 5153 1369 5200 cosmato
1386 5149 1433 5200 FO
1452 5175 1480 5186 -
1499 5150 1539 5198 ts.
1557 5149 1626 5199 iudi-

304 5225 371 5273 cium
388 5225 417 5273 de
432 5229 531 5274 unctus
545 5222 655 5271 ccrueetto
671 5219 798 5270 inimicum
812 5225 887 5282 putet
904 5223 923 5272 a
943 5249 971 5258 -
994 5222 1034 5272 tc.
1050 5229 1131 5273 erecto
1148 5224 1242 5275 DFR:
1265 5229 1332 5274 recto
1348 5224 1423 5275 BES
1442 5252 1470 5263 -
1487 5238 1626 5286 suppum

308 5300 324 5347 4·
344 5325 370 5334 -
389 5299 429 5347 tl.
448 5311 491 5347 uec
507 5297 565 5361 [ort.
586 5297 602 5346 l'
621 5322 648 5330 —
663 5296 786 5358 peperisse
803 5296 874 5346 Fas
891 5294 992 5346 schol:
1010 5299 1130 5360 reperisse
1145 5298 1209 5358 sn,
1227 5299 1363 5360 repperisse
1379 5297 1399 5347 E
1417 5299 1448 5361 (et
1461 5301 1585 5362 peperisse
1599 5313 1625 5350 ee

305 5373 360 5423 orb.
379 5374 405 5436 Ρ)
425 5400 452 5409 -
471 5377 546 5422 autes
563 5372 606 5421 l's
624 5393 652 5406 -
671 5369 712 5419 40.
730 5374 775 5419 aut
790 5370 867 5420 ettam
882 5384 947 5433 puae
965 5376 1038 5421 mutu
1052 5373 1149 5422 intuto
1165 5374 1275 5424 emulum
1290 5374 1350 5436 imp.
1368 5373 1495 5424 aeuum
1507 5379 1626 5437 poteraut

305 5450 403 5498 decretu
419 5449 443 5498 d.
463 5449 480 5498 F
498 5472 525 5482 -
544 5446 585 5495 00.
604 5444 769 5495 deDetoturo
785 5458 838 5496 om.
857 5446 890 5505 ll;
908 5447 939 5496 de
955 5447 1084 5497 om.D—-
1102 5449 1167 5498 errtm
1182 5449 1383 5499 ertomotusc:
1401 5449 1564 5500 erteuiruiis
1580 5463 1625 5500 or-

305 5529 379 5572 natus
394 5524 428 5583 R,
447 5521 538 5573 Coton.
557 5521 674 5582 Gruteri,
692 5519 736 5570 ed.
753 5521 854 5572 Veneta
872 5519 935 5572 stra
953 5520 1009 5584 (sed
1026 5523 1046 5573 lt
1063 5525 1091 5572 et
1106 5523 1172 5573 ven.
1190 5524 1234 5585 ts);
1251 5524 1318 5574 scier
1333 5523 1365 5573 its
1379 5523 1411 5585 (ts
1426 5524 1453 5587 0)
1469 5529 1575 5575 emetur
1589 5530 1625 5576 est
1736 5522 1739 5528 '

304 5599 352 5648 FO
371 5625 397 5633 -
416 5599 457 5648 04.
476 5597 625 5662 rudperti
644 5623 672 5632 —
690 5597 905 5658 operosus&
923 5596 1182 5658 iucopcdocr'all-
1200 5598 1241 5649 22.
1258 5599 1623 5650 Pcutoom.B-strtoBl)

304 5673 352 5723 ER
372 5699 397 5708 -
415 5672 571 5722 tudutoBE
590 5698 618 5709 -
641 5670 681 5721 03.
698 5671 840 5733 pupttetstt
859 5698 886 5708 -
908 5672 1207 5735 montmmttsqueBDtt
1225 5698 1253 5708 -
1276 5671 1318 5724 il.
1336 5685 1625 5736 puoeumpuomos-

301 5747 589 5799 tustcsobnreretE-
616 5747 658 5798 bt.
677 5747 707 5796 de
729 5745 833 5812 mopuit.
857 5747 920 5797 Cll:
947 5746 1008 5809 puts
1027 5747 1058 5798 de
1077 5748 1182 5811 erupuit.
1201 5748 1248 5799 FO
1267 5775 1295 5786 -
1320 5748 1619 5809 stpsueueeumm

303 5822 408 5882 quedem
424 5827 447 5872 et
464 5822 492 5872 F.
