3800 7350
706 1207 779 1274 Cre.
801 1209 1004 1273 iix-xxi.
1032 1208 1079 1293 §3
1100 1207 1245 1276 tt-ltt.
1532 1210 1615 1279 taut

294 1379 468 1444 Antonium
495 1382 678 1443 transeantt
706 1381 836 1442 Brutum
863 1379 1049 1442 obsideant?
1077 1381 1230 1443 Mutinam
1258 1399 1440 1463 expugnare
1462 1384 1613 1466 cupiant?

296 1472 384 1550 Quid
410 1473 450 1535 de
478 1473 579 1536 Pansa
601 1480 633 1536 et
653 1472 756 1535 Hirtio
779 1472 916 1557 loquort
946 1473 1076 1547 Caesar,
1106 1473 1257 1557 singulari
1280 1474 1396 1555 pietate
1418 1475 1614 1553 adolescens,

294 1567 454 1651 poteritne
477 1586 512 1630 se
533 1574 656 1643 tenere,
679 1568 754 1650 quin
776 1569 813 1629 l).
828 1569 915 1630 Bruti
938 1568 1092 1648 sanguine
1114 1588 1234 1651 poenas
1255 1569 1374 1651 patrias
1387 1574 1613 1653 persequatur?

294 1662 405 1744 ltaque
432 1658 576 1724 fecerunt
605 1660 711 1724 uthis
737 1661 848 1725 litteris
870 1661 960 1723 lectis
982 1660 1021 1722 ad
1043 1663 1236 1725 munitiones
1257 1662 1390 1744 propius
1411 1663 1614 1726 accederent:

293 1772 358 1837 quo
387 1754 490 1817 maior
517 1754 700 1819 adolescens
723 1754 837 1817 Caesar
858 1755 1041 1837 maioreque
1064 1754 1194 1817 deorum
1216 1754 1438 1817 immortalium
1460 1756 1638 1821 beneficiat

292 1847 339 1909 rei
360 1846 506 1931 publicae
527 1856 621 1912 natus
643 1855 704 1922 cst,
728 1849 782 1931 qui
797 1846 883 1910 nulla
898 1847 1005 1928 specie
1020 1848 1143 1929 paterni
1158 1848 1293 1910 nominis
1309 1867 1367 1910 nec
1383 1847 1500 1929 pietate
1516 1847 1615 1911 abdu-

219 1951 222 1957 '
293 1949 362 2004 ctus
383 1959 535 2024 umquam
551 1949 609 2018 est,
632 1941 688 2006 sed
706 1941 856 2022 intelligit
877 1941 1046 2004 maximam
1067 1941 1217 2023 pietatem
1233 1941 1473 2004 conservatione
1494 1941 1615 2023 patriae

292 2033 457 2097 contineri.
500 2032 550 2100 47.
575 2035 669 2111 Quod
690 2035 718 2098 si
739 2035 874 2117 partium
897 2042 1054 2097 certamen
1077 2042 1173 2110 esset,
1196 2053 1330 2117 quarum
1352 2034 1481 2097 omnino
1499 2054 1616 2097 nomen

293 2128 483 2192 exstinctum
505 2135 571 2203 est,
591 2129 786 2192 Antoniusne
807 2128 913 2211 potius
936 2134 968 2189 et
989 2128 1154 2190 Ventidius
1177 2137 1283 2210 partes
1299 2127 1442 2191 Caesaris
1464 2126 1615 2190 deiende·

292 2228 364 2284 rent
391 2240 487 2303 quam
515 2224 650 2305 primum
680 2221 808 2312 Caesar,
839 2220 1024 2284 adolescens
1054 2241 1175 2284 summa
1196 2223 1312 2310 pietate
1334 2229 1366 2285 et
1387 2222 1539 2283 memoria
1559 2240 1653 2305 puto

292 2317 392 2379 rentis
421 2315 487 2392 sui,
517 2315 633 2379 deinde
663 2315 765 2378 Pansa
793 2320 824 2377 et
852 2314 989 2390 Hirtius,
1017 2314 1072 2396 qui
1099 2315 1191 2398 quasi
1222 2335 1340 2378 cornua
1362 2314 1425 2377 duo
1448 2322 1617 2380 tenuerunt

294 2409 436 2473 Caesaris
464 2416 549 2486 tum,
578 2429 649 2473 cum
677 2406 751 2471 illae
778 2427 852 2471 vere
879 2416 985 2490 partes
1006 2409 1219 2472 vocabantur?
1252 2408 1418 2472 Haerere
1440 2429 1521 2492 quae
1543 2417 1618 2473 sunt

290 2511 412 2588 partes,
435 2523 505 2567 cum
526 2503 636 2568 ulteris
658 2509 786 2566 senatus
801 2503 987 2578 auctoritas,
1009 2501 1119 2586 populi
1135 2504 1268 2567 Romani
1281 2501 1424 2577 lihertas,
1445 2503 1492 2565 rei
1513 2503 1617 2585 publi-

292 2618 348 2662 cae
370 2597 455 2662 salus
477 2597 638 2681 proposita
661 2597 715 2671 sit,
738 2596 845 2661 alteris
861 2595 975 2660 caedes
988 2597 1159 2671 bonorum,
1180 2597 1267 2660 urbis
1282 2597 1453 2679 italiaeque
1468 2596 1616 2678 partitiol

291 2691 377 2755 XXI.
399 2692 572 2756 Veniamus
593 2690 766 2775 aliquando
788 2690 828 2754 ad
844 2690 1026 2753 clausulam.
1063 2690 1231 2772 Legatos
1253 2690 1384 2753 venire
1405 2710 1483 2753 non
1506 2691 1654 2758 credant

290 2784 439 2848 —bene
467 2807 518 2850 me
550 2786 705 2850 novit-
730 2784 754 2866 †
782 2784 868 2868 quod
900 2784 1023 2858 venias,
1057 2786 1219 2867 proposito
1253 2784 1438 2868 praesertim
1468 2785 1615 2867 exemplo

289 2877 484 2943 Dolabellae.
531 2879 692 2942 Sanctiore
726 2886 831 2952 erunt,
865 2878 975 2952 credo,
1007 2880 1075 2941 iure
1106 2876 1201 2960 legati
1231 2898 1326 2962 quam
1355 2877 1418 2941 duo
1450 2879 1616 2953 consules,

290 2981 399 3036 contra
430 2992 511 3056 quos
539 2992 625 3035 arma
653 2970 733 3048 fert,
766 2992 860 3056 quam
892 2971 1024 3046 Caesar,
1054 2973 1144 3034 cuius
1173 2974 1270 3054 patris
1293 2973 1407 3035 damen
1428 2980 1491 3047 est,
1522 2992 1615 3055 quam

291 3065 404 3131 consul
426 3065 623 3149 designatus,
653 3086 747 3150 quem
769 3072 942 3149 oppugnat,
969 3085 1064 3150 quam
1086 3064 1220 3139 Mutina,
1244 3086 1338 3148 quam
1360 3064 1497 3140 obsidet,
1521 3084 1616 3148 quam

291 3159 406 3244 patria,
429 3159 479 3223 eui
501 3150 567 3243 igni
589 3159 735 3242 ferroque
757 3160 928 3223 minitatur.
972 3155 1022 3221 48.
1047 3159 1134 3222 Cum
1157 3160 1344 3232 venerint,
1374 3179 1469 3242 quae
1490 3165 1654 3242 postu-sn

289 3257 370 3319 lant
391 3273 625 3336 cognoscam.
664 3252 750 3328 Quin
771 3260 805 3316 tu
827 3253 894 3316 abis
915 3253 948 3315 iu
964 3253 1078 3316 malam
1094 3259 1215 3336 pestem
1229 3253 1410 3335 malumque
1425 3252 1615 3316 cruciatuml

289 3349 337 3413 Ad
366 3355 398 3411 te
423 3348 592 3431 quisquam
614 3348 721 3411 veniat
741 3347 803 3411 nisi
823 3347 964 3410 Ventidii
986 3347 1121 3411 similist
1151 3345 1263 3410 Oriens
1285 3346 1467 3409 incendium
1490 3346 1544 3428 qui
1566 3365 1616 3408 re-

289 3445 503 3525 stinguerent,
526 3460 666 3504 summos
681 3440 766 3504 viros
787 3440 949 3516 misimus;
972 3441 1160 3524 repudiasti:
1182 3441 1314 3504 nuncin
1328 3447 1445 3503 tantam
1459 3436 1617 3503 dammam

290 3547 419 3621 tamque
448 3535 653 3598 inveteratam
683 3535 860 3609 mittamus,
890 3556 961 3598 cum
984 3535 1088 3598 locum
1112 3535 1169 3597 tibi
1190 3535 1349 3618 reliquum
1370 3553 1435 3598 non
1457 3532 1551 3595 modo
1574 3532 1615 3595 ad

288 3652 414 3716 pacem,
438 3630 494 3694 sed
516 3648 556 3692 ne
579 3628 618 3691 ad
641 3626 835 3692 deditionem
859 3628 987 3712 quidem
1008 3627 1146 3693 feceris?
1622 3650 1652 3701 η

372 3726 462 3789 Hanc
484 3743 543 3806 ego
566 3721 747 3806 epistolam,
775 3729 880 3805 patres
903 3723 1090 3806 conscripti,
1120 3742 1185 3785 non
1207 3742 1271 3806 quo
1293 3722 1382 3785 illum
1404 3721 1535 3805 dignum
1556 3744 1615 3806 pu·

286 3831 386 3886 tarem
415 3819 559 3893 recitari,
588 3818 644 3881 sed
671 3823 706 3879 ut
728 3816 979 3880 confessionibus
1001 3817 1100 3900 ipsius
1123 3816 1230 3880 omnia
1251 3816 1406 3900 patefacta
1426 3819 1493 3881 eius
1514 3820 1614 3901 parri-

290 3914 373 3979 cidia
394 3913 555 3976 videretis.
598 3906 649 3972 ta.
673 3910 751 3973 Cum
773 3909 834 3974 boc
856 3929 966 3993 pacem
982 3912 1023 3974 it.
1038 3911 1194 3992 Lepidus,
1216 3912 1264 3973 vir
1280 3910 1497 3975 amatissimus
1512 3912 1613 3975 omni·

287 4008 346 4070 bns
375 4013 406 4069 et
434 4006 558 4069 virtutis
588 4012 619 4068 et
644 4004 789 4069 fortunae
818 4006 930 4080 bonis,
964 4004 989 4067 si
1018 4002 1096 4067 haec
1118 4004 1255 4080 rideret,
1283 4004 1422 4088 denique
1443 4012 1498 4068 aut
1517 4006 1614 4070 uellet

286 4101 357 4164 tieri
388 4107 443 4163 aut
466 4099 815 4183 possearbitrareturt
847 4098 986 4162 «Prius
1013 4098 1133 4161 undis
1164 4097 1360 4173 flammas,
1388 4106 1424 4162 ut
1448 4099 1493 4162 ait
1519 4106 1649 4182 potitaan

287 4193 394 4258 neseio
424 4193 512 4277 quis,
538 4192 625 4275 prius
653 4192 793 4275 denique
822 4192 928 4255 omnia
958 4211 1051 4274 quam
1080 4198 1133 4254 aut
1155 4213 1226 4256 eum
1247 4193 1391 4256 Antoniis
1412 4193 1612 4276 respublica

352 4408 377 4457 4.
395 4406 502 4456 Brutum
518 4404 645 4454 obsideant
660 4417 713 4454 om.
732 4406 744 4453 t
761 4431 788 4442 -
814 4404 838 4454 4.
858 4405 1145 4467 Quid--peraequatur
1161 4417 1215 4455 om.
1234 4407 1245 4455 t
1263 4431 1290 4441 -
1313 4405 1403 4468 loquor
1418 4408 1442 4456 i:
1461 4406 1552 4469 loquar
1568 4407 1611 4458 ab

289 4510 316 4520 -
335 4483 359 4534 3.
375 4481 498 4545 potentne
514 4479 575 4530 abi
587 4494 593 4530 :
607 4481 699 4543 ponne
716 4481 735 4529 0
753 4492 815 4530 cum
832 4479 910 4530 codd.
929 4480 1049 4530 Ferrarii.
1070 4507 1098 4516 -
1117 4481 1178 4542 quin
1196 4492 1250 4530 om.
1268 4478 1297 4529 b¹
1317 4506 1342 4517 -
1362 4480 1387 4532 l.
1405 4486 1433 4530 ut
1450 4483 1519 4532 mei:
1537 4483 1574 4532 uti
1591 4484 1610 4533 0
1684 4502 1689 4517 =

276 4582 315 4624 ,-
334 4558 359 4607 t.
378 4556 542 4607 Canmom.
560 4555 616 4605 t-
635 4556 803 4605 mamrei—
823 4555 1198 4618 eqottttat-pama-
1216 4557 1240 4606 t.
1258 4558 1449 4618 uniquamtin
1466 4558 1612 4622 margha-

286 4631 333 4682 bet
348 4644 389 4696 pr.
407 4643 444 4681 m.
462 4629 524 4680 add.
545 4632 606 4681 ante
623 4629 743 4680 Muclus
755 4656 783 4666 -
801 4636 837 4681 set
852 4632 964 4696 scripsi:
982 4637 1006 4682 et
1021 4631 1064 4681 ab
1075 4636 1099 4693 t;
1118 4645 1172 4684 om.
1185 4633 1223 4682 40
1241 4659 1268 4669 -
1287 4634 1404 4698 intellegit
1420 4636 1456 4683 at
1472 4658 1499 4668 —
1519 4632 1543 4684 8.
1560 4646 1613 4695 pa-

285 4712 353 4757 trum
369 4707 380 4754 t
399 4729 426 4743 -
445 4716 553 4766 quorum
569 4708 580 4755 t
596 4732 624 4741 -
644 4705 668 4756 9.
686 4706 823 4757 extinctum
840 4707 893 4758 mei
912 4731 940 4744 -
960 4707 1118 4757 antoniinea
1138 4735 1165 4745 -
1184 4709 1225 4758 40.
1241 4709 1352 4770 pnmun
1368 4722 1421 4760 om.
1441 4709 1449 4758 i
1468 4736 1495 4746 -
1514 4709 1555 4759 tt.
1574 4714 1612 4760 te-

284 4779 385 4830 nuerint
404 4783 458 4828 tun
479 4782 490 4829 t
513 4805 540 4816 -
566 4781 607 4830 tn.
624 4780 682 4831 tllae
703 4781 868 4843 ducenartes
883 4796 941 4832 mm
957 4783 1043 4833 etune
1058 4782 1153 4834 mediis
1171 4795 1224 4834 om.
1243 4786 1253 4833 t
1269 4811 1303 4821 -
1324 4784 1365 4834 43.
1383 4786 1462 4847 reip.
1481 4797 1534 4834 om.
1553 4786 1563 4835 t
1581 4812 1608 4821 —

286 4855 325 4907 tt.
344 4853 413 4904 urbis
429 4866 483 4905 om.
502 4855 552 4913 at;
570 4853 631 4906 vide
648 4869 683 4906 ne
699 4855 774 4920 plura
792 4860 853 4920 post
869 4857 990 4908 taimen
1006 4857 1187 4908 interciderint
1203 4856 1262 4909 coll.
1275 4871 1314 4908 or.
1327 4859 1358 4920 V,
1377 4872 1400 4909 c.
1414 4859 1429 4908 3
1447 4860 1482 4909 in.
1501 4861 1528 4909 et
1544 4859 1610 4920 lllll,

285 4931 299 4996 S
317 4930 358 4982 ts.
379 4956 407 4966 -
427 4930 467 4979 ta.
485 4931 572 4980 uenire
586 4931 662 4981 uelint
677 4945 727 4981 non
744 4933 817 4982 eredo
833 4945 849 4982 a
867 4933 916 4994 test
931 4932 1007 4982 uelim
1023 4930 1100 4982 lectio
1117 4934 1190 4982 varia
1207 4931 1241 4980 ad
1259 4933 1425 4995 sequentem)
1445 4959 1472 4968 -
1492 4934 1534 4983 to.
1546 4934 1613 4995 quod

283 5006 371 5056 uenias
388 5007 413 5054 t:
432 5004 507 5055 uelint
523 5019 572 5067 quo
587 5007 675 5056 uenia
691 5005 724 5066 b;
743 5006 831 5057 team
848 5008 914 5068 quod
929 5008 1015 5057 ueniat
1027 5006 1137 5069 (ueniant
1149 5007 1165 5069 4)
1178 5008 1226 5065 at;
1245 5005 1333 5056 bellum
1351 5021 1399 5069 quo
1415 5009 1499 5058 ueniat
1510 5008 1543 5066 03
1562 5021 1611 5069 quo

282 5081 358 5131 edint
377 5081 479 5131 ueniant
496 5081 563 5129 coni.
582 5081 637 5130 Bau
653 5082 677 5142 l,
694 5094 721 5146 p.
740 5081 785 5142 34,
808 5084 837 5131 ut
856 5083 908 5133 sint
924 5081 1007 5132 verba
1024 5082 1145 5140 Antonii3
1168 5094 1217 5142 quo
1232 5082 1335 5132 ueniam
1351 5079 1430 5132 Orelli
1446 5082 1503 5130 Vol.
1522 5081 1564 5141 w,
1583 5082 1608 5143 t,

283 5168 310 5219 p.
328 5155 388 5213 59l;
414 5154 473 5205 lort.
492 5155 552 5216 qnia
567 5156 652 5204 venias
670 5157 797 5219 monacile
810 5171 838 5219 p.
856 5169 879 5206 c.
896 5155 1060 5206 Dolabellae?
1078 5181 1105 5191 -
1130 5157 1170 5206 l'l.
1188 5156 1311 5206 sanctiore
1330 5154 1359 5205 b¹
1376 5159 1404 5205 et
1421 5154 1480 5205 cod.
1500 5153 1609 5206 colon:

283 5230 418 5279 sanctiores
434 5224 521 5278 sb²ti
539 5254 566 5263 -
585 5229 612 5278 ui
628 5229 683 5279 iure
699 5243 754 5280 a—
775 5231 815 5281 48.
834 5244 909 5293 quam
926 5232 1011 5281 consul
1027 5244 1080 5282 om.
1096 5234 1106 5282 t
1126 5256 1153 5268 -
1173 5232 1214 5282 tt.
1227 5231 1352 5294 obpugnat
1369 5245 1424 5281 a—
1443 5231 1535 5281 obsedit
1550 5244 1565 5279 a
1580 5257 1607 5268 -

283 5306 324 5356 40.
336 5306 449 5355 minema
465 5303 600 5368 i—quae]
613 5307 749 5367 quamt-
765 5307 895 5369 polluant
911 5305 999 5357 ab¹t:
1014 5307 1137 5369 postulent
1153 5306 1187 5355 40
1199 5307 1226 5354 et
1241 5304 1260 5354 b
1273 5319 1341 5356 corr.
1357 5318 1394 5356 m.
1409 5307 1463 5356 l.—
1482 5306 1523 5356 44.
1542 5307 1610 5357 uenti

283 5380 427 5430 dirsimitirt
443 5408 471 5418 -
489 5379 530 5431 44.
548 5385 694 5443 tantamque
709 5381 835 5431 inuentam
846 5380 919 5431 br„
935 5381 999 5447 aen]
1017 5381 1102 5432 eumb
1116 5410 1144 5418 -
1162 5379 1250 5445 boun]
1268 5381 1353 5441 noca3
1372 5382 1432 5432 tort.
1445 5381 1609 5431 nonnullum

282 5453 365 5506 tomen
377 5482 404 5492 —
422 5455 546 5518 reliquunt
563 5455 612 5504 ni:
630 5456 743 5506 relictum
753 5454 792 5506 bt
809 5457 849 5518 (er
859 5457 997 5519 rellatum),
1010 5456 1058 5507 sed
1076 5458 1103 5507 in
1113 5456 1132 5506 b
1143 5461 1168 5506 ct
1183 5457 1210 5506 ln
1221 5468 1272 5506 ras.
1289 5483 1316 5492 -
1329 5458 1371 5507 at.
1385 5454 1557 5519 offensionibus
1573 5457 1609 5506 at

285 5557 313 5566 -
326 5530 404 5580 taes
418 5530 499 5593 serene
515 5528 611 5581 lonnb
626 5556 653 5566 -
666 5529 730 5579 troci
744 5555 771 5567 -
784 5530 940 5581 uidaetom.
955 5534 965 5580 t
978 5558 1005 5567 -
1024 5532 1133 5596 lutici
1149 5536 1194 5580 aut
1208 5543 1279 5592 possa
1292 5530 1324 5580 b:
1341 5531 1397 5594 fleri
1410 5542 1481 5592 posse
1497 5532 1545 5587 at;
1564 5535 1610 5580 aaut

281 5603 338 5668 tini
351 5616 421 5665 posse
438 5604 475 5653 i0
488 5629 515 5641 -
534 5606 607 5654 undis
621 5607 726 5668 namma
742 5602 841 5668 aliquot
857 5605 1021 5656 recentiores
1038 5604 1096 5656 libri
1114 5606 1241 5655 Ferrarii:
1264 5607 1346 5656 undas
1365 5607 1495 5670 Muniam
1511 5606 1564 5655 mei
1582 5609 1608 5655 et

282 5677 403 5744 plerique
416 5677 505 5738 codd.;
520 5694 577 5730 aem
592 5682 665 5730 antis
679 5683 785 5745 flamma
801 5679 844 5730 ed.
860 5681 959 5746 arypn.
973 5682 1046 5732 4550.
1065 5681 1166 5732 Eodem
1178 5681 1248 5731 dicto
1259 5683 1391 5745 Augustus
1408 5693 1473 5730 usus
1485 5683 1525 5730 cst
1536 5679 1608 5744 apud

281 5756 358 5805 Dion.
371 5752 421 5813 LV,
436 5753 481 5803 ta:
500 5750 552 5805 τοῦ
569 5752 600 5804 tt
616 5751 711 5821 δήμου
729 5751 845 5827 σφόδρα
861 5755 1027 5823 ἐγκειμένου
1042 5754 1080 5823 τῷ
1092 5751 1247 5824 Αὐγούστῳ
1265 5756 1312 5807 ἵνα
1328 5751 1475 5826 καταγάγῃ
1487 5749 1541 5818 τὴν
1553 5754 1607 5806 da-

281 5828 387 5899 γατέρα
403 5821 503 5893 αὑτοῦ,
526 5829 640 5882 θᾶσσον
661 5823 721 5897 ἔφη
741 5829 796 5902 πῦρ
818 5825 899 5883 ὕδατι
919 5829 1119 5898 μαθήσεσθαι
1141 5825 1161 5898 ἢ
1177 5831 1289 5898 ἐκείνην
1305 5826 1553 5896 καταχθήσεσθαι.
1571 5857 1605 5869 -·

281 5903 559 5968 tununnenmei:
577 5907 781 5971 nescioquio-
797 5907 1095 5972 pluet-eunomi3
1113 5921 1185 5972 quens
1201 5910 1252 5961 t-
1270 5906 1437 5971 antennam
1455 5909 1602 5961 maniat.
