3800 7350
276 1215 359 1286 4004
690 1222 842 1290 ORATIO
862 1223 941 1289 PRO
963 1225 1006 1290 hl.
1029 1221 1175 1289 canno

275 1391 369 1455 sicuti
392 1392 571 1455 meminisse
593 1411 651 1455 vos
672 1393 816 1469 arbitror,
838 1393 992 1478 permulta
1013 1393 1220 1457 maximarum
1240 1412 1307 1455 non
1326 1410 1475 1477 expressa
1496 1392 1595 1475 signa,

276 1485 332 1549 sed
354 1486 537 1549 adumbrata
552 1487 713 1550 virtutum.
746 1487 898 1551 Utebatur
912 1487 1094 1551 hominibus
1108 1486 1259 1571 improbis
1275 1487 1397 1550 multis:
1420 1485 1596 1570 etquidem

277 1580 404 1663 optimis
434 1598 468 1642 sc
496 1580 572 1643 viris
600 1580 742 1643 deditum
770 1601 840 1645 csse
868 1582 1045 1645 simulabat.
1087 1581 1186 1643 Erant
1210 1579 1295 1664 apud
1317 1578 1407 1643 illum
1428 1580 1597 1644 illecebrae

275 1673 445 1737 libidinum
475 1673 612 1737 multae:
645 1682 736 1737 erant
766 1676 861 1738 etiarn
890 1676 1063 1738 industriae
1099 1672 1229 1757 qnidam
1260 1672 1378 1735 stimuli
1407 1694 1444 1737 ac
1470 1674 1597 1737 laboris.

253 1766 464 1849 tFlaqrabant
484 1767 562 1831 vitia
583 1766 723 1830 libidinis
745 1769 829 1852 apud
851 1769 957 1832 illum:
980 1769 1129 1851 rigebant
1150 1768 1243 1830 etiam
1259 1766 1363 1830 studia
1383 1768 1429 1831 rei
1445 1767 1597 1831 militaris.

276 1863 387 1945 Neque
409 1882 468 1945 eqo
490 1880 639 1945 nmquam
661 1860 758 1926 fuisse
781 1862 843 1927 tale
865 1870 1040 1927 monstrum
1063 1864 1096 1925 in
1118 1862 1209 1925 terris
1231 1861 1329 1925 ullum
1352 1872 1445 1945 puto,
1474 1869 1536 1927 iam
1558 1880 1600 1924 ex

153 2029 155 2033 ⁸
276 1956 441 2018 contrariis
469 1956 665 2039 diversisque
688 1963 719 2019 et
741 1956 822 2019 inter
843 1977 877 2020 se
898 1957 1111 2040 pugnantibus
1132 1962 1262 2019 naturae
1286 1954 1396 2018 studiis
1418 1954 1600 2039 cupiditati·

275 2047 401 2132 busque
428 2052 607 2113 conflatum.
650 2050 702 2111 Vl.
726 2045 776 2112 l3.
799 2050 879 2127 Quis
909 2050 1092 2113 clarioribus
1122 2048 1199 2113 viris
1222 2047 1357 2132 quodam
1388 2054 1529 2131 tempore
1551 2047 1600 2108 iu-

276 2141 432 2206 cundiori
454 2144 526 2227 quis
547 2142 740 2225 turpioribus
762 2145 980 2207 coniunctiori
1003 2143 1076 2227 quis
1098 2143 1174 2206 civis
1196 2142 1362 2205 meliorum
1384 2142 1521 2225 partium
1543 2141 1601 2204 ali·

240 2236 431 2321 liquando?
460 2237 532 2321 quis
560 2236 689 2299 taetrior
716 2236 817 2300 hostis
838 2238 914 2301 huic
936 2237 1081 2301 civitati?
1109 2236 1181 2319 quis
1203 2236 1236 2299 in
1258 2234 1473 2318 voluptatibus
1495 2232 1601 2318 inqui-

276 2330 406 2394 natiorl
428 2331 501 2415 quis
522 2331 556 2393 in
578 2329 738 2394 laboribus
760 2332 954 2416 patientiori
977 2330 1050 2414 quis
1072 2330 1105 2392 in
1125 2329 1296 2412 rapacitate
1312 2330 1457 2392 avarior‘l
1479 2326 1551 2411 quis
1566 2326 1601 2389 in

276 2423 443 2507 largitione
465 2424 617 2488 effusior?
650 2423 708 2487 llla
729 2445 822 2501 vero,
844 2426 981 2499 iudices,
1002 2424 1037 2486 in
1059 2423 1115 2486 illo
1136 2421 1265 2487 homine
1288 2422 1442 2485 mirabilia
1461 2419 1601 2496 fuerunt,

277 2517 545 2600 comprehendere
567 2518 682 2582 multos
703 2520 851 2595 amicitia,
875 2520 957 2583 tueri
979 2517 1143 2602 obsequio,
1165 2536 1236 2580 cum
1259 2517 1405 2580 omnibus
1427 2515 1601 2578 communi·

277 2629 348 2674 care
370 2611 457 2695 quod
478 2610 632 2688 habebat,
658 2614 775 2678 servire
797 2614 991 2698 temporibus
1012 2632 1140 2677 snorum
1161 2614 1301 2676 omnium
1322 2611 1469 2697 pecunia,
1490 2610 1601 2694 gratia,

241 2705 384 2770 talebore
406 2706 566 2789 corporis,
590 2706 709 2771 scelere
732 2708 843 2782 etiam,
865 2707 892 2770 si
915 2726 997 2789 opus
1019 2712 1118 2780 esset,
1141 2713 1172 2769 et
1193 2706 1340 2771 audacia:
1362 2725 1489 2769 versare
1510 2724 1599 2799 snam

277 2806 420 2865 naturam
448 2806 482 2864 et
506 2820 615 2883 regere
644 2801 685 2865 ad
716 2809 841 2885 tempus
869 2808 965 2885 atque
993 2800 1056 2864 huc
1078 2807 1110 2864 et
1130 2799 1206 2864 illuc
1227 2808 1377 2885 torquere
1399 2820 1436 2864 ac
1457 2797 1600 2864 flectere:

277 2914 348 2957 cnm
370 2894 512 2958 tristibus
534 2914 660 2970 severe,
682 2915 753 2959 cum
775 2895 915 2960 remissis
936 2894 1090 2970 iucunde,
1114 2915 1185 2959 cum
1207 2894 1337 2958 senibus
1359 2894 1506 2977 graviter,
1528 2914 1600 2957 cum

277 2987 439 3052 iuventute
462 2989 608 3064 comiter,
631 3007 701 3051 eum
723 2989 910 3053 facinorosis
932 2987 1096 3064 audacter,
1129 3008 1202 3051 cum
1230 2987 1410 3052 libidinosis
1437 2987 1600 3051 luxuriose

277 3081 392 3144 rivere.
437 3076 487 3144 44.
509 3081 576 3144 llac
597 3081 652 3146 ille
674 3091 738 3147 tam
759 3084 847 3146 varia
868 3083 1097 3167 multiplicique
1118 3089 1230 3145 natura
1244 3102 1314 3146 eum
1330 3102 1441 3145 omnes
1456 3080 1600 3146 omnibus

240 3189 320 3239 etex
348 3176 440 3238 terris
469 3174 614 3239 homines
643 3178 802 3260 improbos
831 3177 1031 3260 audacesque
1064 3177 1247 3259 collegerat,
1280 3177 1464 3239 tumeliam
1486 3176 1600 3239 multos

276 3269 375 3332 fortes
396 3268 479 3332 viros
502 3279 534 3332 et
553 3270 655 3333 bonos
678 3271 784 3352 specie
808 3269 944 3355 quadam
960 3270 1085 3333 virtutis
1107 3271 1306 3333 assimulatae
1320 3271 1458 3334 tenebat.
1490 3273 1600 3353 Neque

278 3381 428 3445 umquam
451 3381 491 3425 ex
513 3362 568 3451 illo
591 3362 718 3426 delendi
742 3364 836 3427 huius
858 3364 983 3446 imperii
1006 3371 1068 3426 tam
1091 3364 1324 3427 consceleratus
1347 3365 1482 3448 impetus
1504 3366 1602 3428 exsti·

276 3457 384 3530 tisset,
405 3455 466 3519 nisi
487 3462 534 3518 tot
555 3456 706 3519 vitiorum
729 3464 815 3522 mum
837 3459 1016 3522 immanitas
1039 3458 1228 3541 quibusdam
1249 3457 1409 3521 facilitatis
1428 3464 1459 3520 et
1480 3458 1601 3540 patien-

276 3551 340 3614 tiae
362 3550 521 3613 radicibus
543 3550 705 3614 niteretur.
749 3552 853 3628 Quare
882 3554 943 3634 ista
965 3552 1120 3625 conditio,
1153 3550 1291 3626 iudices,
1324 3557 1507 3636 respuatur,
1541 3572 1599 3615 nec

238 3643 431 3710 toCatilinae
461 3644 683 3709 familiaritatis
712 3648 829 3710 crimen
858 3646 1004 3723 haereat3
1034 3653 1083 3710 est
1104 3647 1186 3711 enim
1211 3666 1378 3710 commune
1400 3666 1470 3709 cum
1493 3646 1600 3710 multis

278 3744 310 3803 et
337 3760 408 3803 cum
438 3739 628 3823 quibusdam
657 3741 752 3804 etiam
780 3742 884 3805 bonis.
925 3744 976 3805 Me
1002 3742 1124 3826 ipsum,
1157 3761 1224 3815 me,
1256 3742 1404 3825 inquam,
1437 3741 1599 3824 quondam

277 3854 379 3918 paene
401 3834 456 3897 ille
480 3833 620 3916 decepit,
643 3854 713 3897 cum
736 3842 767 3898 et
789 3836 866 3899 ciris
888 3835 965 3898 mihi
987 3837 1090 3899 bonus
1113 3844 1144 3899 et
1166 3836 1277 3918 optimi
1297 3835 1451 3918 cuiusque
1466 3834 1599 3918 cupidus

277 3935 309 3992 et
336 3924 443 3992 firmus
473 3928 592 3991 amicus
619 3928 788 3993 ac-fidelis
813 3930 989 3994 videretur:
1018 3931 1108 3994 cuius
1138 3944 1196 4012 eqo
1226 3929 1366 3992 facinora
1388 3926 1491 3992 oculis
1511 3925 1600 4009 prius

278 4042 374 4108 wem
403 4022 572 4108 opinione,
605 4023 748 4087 manibus
776 4032 848 4088 ante
877 4044 972 4108 quam
1000 4024 1179 4108 suspicione
1208 4023 1421 4106 deprehendi:
1455 4022 1545 4084 cuius
1567 4021 1600 4084 in

239 4117 400 4200 comagnis
422 4117 555 4180 catervis
577 4115 750 4180 amicorum
777 4119 805 4181 si
832 4117 893 4181 fuit
914 4118 1009 4181 etiam
1032 4116 1171 4191 Caelius,
1201 4117 1300 4198 magis
1322 4122 1370 4179 est
1390 4121 1427 4178 ut
1446 4117 1516 4199 ipse
1533 4134 1601 4178 mo·

277 4211 357 4276 leste
378 4210 459 4275 ferat
480 4229 601 4274 enasse
623 4231 675 4285 se,
698 4212 793 4276 sicuti
814 4232 878 4275 non
900 4231 1072 4296 numquam
1093 4212 1127 4275 in
1153 4210 1266 4275 eodem
1289 4208 1418 4273 homine
1444 4229 1495 4273 me
1520 4227 1601 4293 qno·

278 4325 341 4389 qne
371 4305 487 4368 erroris
514 4306 578 4368 mei
604 4306 761 4389 paenitet,
796 4327 891 4391 quam
919 4312 955 4370 ut
981 4306 1070 4369 istius
1092 4306 1247 4369 amicitiae
1269 4305 1387 4367 crimen
1407 4302 1601 4367 reformidet.

277 4392 345 4461 Vll.
367 4394 418 4461 45.
440 4399 553 4483 ltaque
581 4419 600 4462 a
625 4398 800 4464 maledictis
822 4401 995 4484 pudicitiae
1016 4399 1055 4463 ad
1079 4400 1304 4463 coniurationis
1325 4396 1477 4461 invidiam
1499 4396 1600 4460 oratio

279 4499 328 4555 est
347 4499 452 4555 vestra
473 4491 620 4576 delapsa·
645 4493 799 4556 Posuistis
822 4496 915 4569 enim,
937 4499 1034 4579 atque
1056 4493 1089 4556 id
1104 4500 1210 4557 tamen
1225 4493 1397 4556 titubanter
1411 4498 1442 4554 et
1457 4490 1600 4565 strictim,

241 4587 507 4652 seconinrationis
528 4588 614 4651 hunc
633 4596 763 4672 propter
784 4588 950 4652 amicitiam
967 4587 1120 4650 Catilinae
1142 4587 1329 4671 participem
1341 4584 1465 4648 fuisse:
1487 4586 1521 4648 in
1536 4604 1600 4668 quo

278 4700 344 4745 non
364 4681 458 4745 modo
480 4682 598 4746 cumen
620 4702 685 4745 non
705 4681 872 4757 haerebat,
901 4681 957 4743 sed
979 4683 1032 4744 vix
1054 4680 1164 4744 diserti
1185 4680 1393 4744 adolescentis
1415 4678 1601 4743 cohaerebat

344 4943 531 4994 iticuid-
554 4955 735 4992 maximianam
756 4945 851 4993 PG-
875 4941 899 4992 3.
918 4955 944 4992 se
965 4941 1026 4991 viris
1047 4941 1101 4991 ded.
1120 4953 1170 4991 osse
1190 4942 1223 4991 P:
1247 4941 1310 4990 ciris
1331 4940 1440 4991 dodim
1461 4942 1599 4992 seEG-

278 5019 413 5071 iaimbroe
428 5017 595 5068 labidicaml’
609 5044 636 5054 -
654 5020 678 5069 5.
692 5017 852 5077 lobidioiis
871 5017 1030 5068 iibldiocmE
1044 5044 1072 5053 —
1091 5017 1202 5080 isaim
1217 5019 1370 5079 cmqacmG
1385 5044 1411 5053 -
1429 5017 1601 5067 tcmsoeEG:

278 5101 360 5146 imos
371 5097 404 5155 P;
422 5100 475 5144 iam
486 5091 552 5150 Col,
572 5106 606 5142 sor
616 5097 668 5140 tam
680 5093 712 5152 L;
731 5094 758 5142 at
769 5106 794 5142 v.
807 5091 894 5142 hledv.
907 5091 941 5141 ad
955 5093 1008 5142 Cic.
1022 5091 1056 5142 de
1068 5092 1141 5142 Pinn.
1155 5104 1181 5155 p.
1195 5091 1287 5140 660.—
1301 5092 1325 5141 7.
1339 5096 1363 5141 et
1378 5092 1443 5142 ister
1453 5090 1520 5143 Col:
1538 5093 1604 5143 iuter

278 5170 383 5230 PEGO,
402 5168 451 5220 sed
468 5169 510 5219 est
525 5169 552 5218 in
568 5170 659 5219 Ponte
675 5169 741 5219 inter
757 5181 838 5233 parva
850 5181 955 5225 rasura;
974 5172 1049 5230 nique
1059 5168 1124 5216 inter
1135 5168 1162 5216 1..
1182 5165 1220 5216 Cf.
1235 5166 1313 5216 etiem
1329 5166 1470 5231 Nipperdei
1481 5166 1601 5231 Prolegg.

278 5244 313 5296 sd
330 5247 406 5296 Caes.
419 5257 445 5308 p.
459 5245 514 5294 tiit.
530 5271 557 5280 -
576 5244 600 5293 9.
619 5244 783 5304 was-ciuis
799 5245 918 5307 Plotium
936 5257 948 5293 s
964 5244 990 5293 in
1008 5243 1063 5305 qais
1078 5244 1104 5292 in
1121 5243 1183 5305 ras.)
1199 5269 1226 5278 -
1245 5243 1285 5292 40.
1299 5243 1448 5292 wemorP:
1467 5242 1601 5301 ιοινίονος

277 5321 382 5372 maior
392 5321 472 5372 ctiam
484 5320 579 5369 fronto
597 5317 686 5378 babet,
700 5320 745 5382 qui
761 5320 793 5380 ll,
811 5321 827 5369 6
844 5332 870 5383 p.
885 5319 932 5368 lot
950 5317 993 5369 cd.
1007 5320 1081 5369 Rom.
1095 5331 1137 5366 vv.
1152 5316 1417 5379 ociscicsa'osibosn
1428 5317 1455 5365 io
1471 5315 1604 5380 icrqiiioac

277 5396 379 5460 spissior
395 5395 479 5446 alleri.
500 5421 528 5430 -
548 5392 587 5444 44.
605 5393 705 5444 baberet
721 5407 793 5458 susp.
812 5394 930 5452 Ernesti;
949 5396 977 5444 st
992 5393 1080 5444 firmat
1096 5392 1201 5443 babebat
1217 5393 1298 5444 etiam
1316 5393 1409 5442 Fronto
1427 5390 1435 5442 l
1462 5393 1505 5442 cit.
1525 5390 1603 5456 paulo

279 5470 395 5522 inferius.
416 5495 443 5505 -
463 5470 503 5519 lo.
521 5473 544 5518 ct
560 5480 614 5517 om.
633 5468 683 5518 EG
699 5472 727 5518 et
742 5471 774 5529 P,
793 5467 842 5519 sed
859 5469 902 5518 bic
919 5469 946 5517 in
964 5479 1017 5517 ras.
1032 5495 1059 5504 —
1077 5468 1186 5518 coactio
1201 5471 1220 5518 P
1240 5494 1266 5504 -
1288 5467 1328 5517 46.
1346 5471 1428 5531 tepere
1438 5466 1564 5516 Graevius
1577 5469 1605 5517 et

279 5557 347 5596 unns
358 5545 440 5595 oxon.
456 5570 483 5580 -
503 5544 544 5592 48.
555 5542 731 5606 sociomotiol’
745 5570 772 5579 -
785 5545 952 5594 audacterl':
970 5543 1100 5593 comto
1114 5543 1235 5594 EGO·
1254 5542 1294 5593 49.
1308 5541 1418 5592 omoisC
1432 5568 1460 5578 -
1478 5542 1520 5591 st.
1531 5541 1604 5605 fortis

279 5620 346 5671 C·
365 5618 565 5670 odrinabtoel’
584 5644 611 5654 -
636 5618 677 5669 33.
696 5618 790 5668 abaci
806 5620 872 5670 EG:
894 5618 991 5668 mendi
1007 5620 1026 5668 P
1045 5644 1072 5654 -
1091 5618 1210 5668 ectitissct
1226 5620 1246 5669 P
1265 5642 1291 5652 -
1312 5616 1354 5667 23.
1371 5615 1511 5678 facilitatis
1525 5616 1555 5668 1²¹
1573 5641 1602 5652 -

278 5694 320 5745 27.
337 5695 432 5757 optmni
448 5697 477 5756 P,
494 5692 544 5744 sed
559 5698 601 5757 opt
618 5692 644 5742 in
662 5705 714 5743 res.
735 5720 762 5729 -
780 5693 821 5744 28.
838 5694 903 5758 fidas
919 5690 1012 5743 hamb.
1032 5693 1100 5742 coni.
1116 5719 1142 5728 -
1161 5692 1202 5742 29.
1221 5690 1355 5754 mopiam
1371 5693 1435 5740 P-
1451 5691 1521 5741 caica
1537 5692 1601 5741 PG:

278 5769 320 5818 osi
334 5769 369 5825 E;
386 5769 459 5819 luitis
474 5769 576 5820 Ernesti
593 5778 666 5831 susp.
687 5795 714 5804 -
732 5767 774 5818 30.
790 5766 827 5833 ut]
844 5782 892 5818 osc
907 5769 926 5818 4,
944 5770 972 5819 et
988 5766 1085 5818 deinde
1102 5781 1179 5830 quom
1194 5781 1249 5818 esar.
1263 5792 1291 5802 -
1310 5765 1351 5817 33.
1366 5766 1478 5828 poenitet
1492 5768 1525 5817 P:
1541 5777 1604 5828 poo-

278 5843 340 5894 oitct
354 5842 416 5894 0-
434 5843 475 5895 33.
492 5842 663 5907 impudicitias
677 5842 746 5893 coni.
759 5843 894 5903 Garatonl;
912 5844 939 5894 at
955 5842 989 5893 cl.
1007 5854 1033 5907 p.
1053 5841 1126 5905 ⁴002,
1145 5843 1176 5894 43
1193 5844 1221 5892 et
1237 5854 1263 5907 p.
1282 5839 1355 5901 4003,
1369 5840 1410 5892 32.
1421 5866 1448 5877 -
1467 5839 1508 5893 34.
1520 5844 1604 5893 imon

155 5915 159 5923 '
283 5919 422 5971 omG-
441 5915 1375 5983 36.erimiacooniobaerebothamb.suep.tnmerg.-deoestil’.
