<?xml version="1.0" encoding="UTF-8"?>
<!DOCTYPE html PUBLIC "-//W3C//DTD XHTML 1.0 Transitional//EN"
    "http://www.w3.org/TR/xhtml1/DTD/xhtml1-transitional.dtd">
<html xmlns="http://www.w3.org/1999/xhtml" xml:lang="en" lang="en">
 <head>
  <title>
</title>
<meta http-equiv="Content-Type" content="text/html;charset=utf-8" />
  <meta name='ocr-system' content='tesseract 3.04.00' />
  <meta name='ocr-capabilities' content='ocr_page ocr_carea ocr_par ocr_line ocrx_word'/>
</head>
<body>
  <div class='ocr_page' id='page_1' title='image "./operaquaesupers08halmgoog/operaquaesupers08halmgoog_0172.png"; bbox 0 0 3800 7350; ppageno 0'>
   <div class='ocr_carea' id='block_1_1' title="bbox 310 1174 1203 1242">
    <p class='ocr_par' dir='ltr' id='par_1_1' title="bbox 310 1174 1203 1242">
     <span class='ocr_line' id='line_1_1' title="bbox 310 1174 1203 1242; baseline 0 -1"><span class='ocrx_word' id='word_1_1' title='bbox 310 1174 373 1241; x_wconf 68' lang='grc'><strong>804</strong></span> <span class='ocrx_word' id='word_1_2' title='bbox 736 1176 889 1242; x_wconf 73' lang='lat' dir='ltr'>ORATIO</span> <span class='ocrx_word' id='word_1_3' title='bbox 911 1176 965 1242; x_wconf 78' lang='lat' dir='ltr'><strong>llll</strong></span> <span class='ocrx_word' id='word_1_4' title='bbox 986 1176 1104 1242; x_wconf 80' lang='lat' dir='ltr'>DOMO</span> <span class='ocrx_word' id='word_1_5' title='bbox 1125 1177 1203 1241; x_wconf 78' lang='lat' dir='ltr'><strong>sul</strong></span> 
     </span>
    </p>
   </div>
   <div class='ocr_carea' id='block_1_2' title="bbox 199 1345 1638 4427">
    <p class='ocr_par' dir='ltr' id='par_1_2' title="bbox 199 1345 1638 3300">
     <span class='ocr_line' id='line_1_2' title="bbox 311 1345 1635 1429; baseline 0.003 -18"><span class='ocrx_word' id='word_1_6' title='bbox 311 1351 440 1413; x_wconf 92' lang='lat' dir='ltr'><strong>domum</strong></span> <span class='ocrx_word' id='word_1_7' title='bbox 466 1347 635 1410; x_wconf 85' lang='lat' dir='ltr'><strong>venderet:</strong></span> <span class='ocrx_word' id='word_1_8' title='bbox 668 1366 738 1410; x_wconf 91' lang='lat' dir='ltr'><strong>oum</strong></span> <span class='ocrx_word' id='word_1_9' title='bbox 767 1346 821 1409; x_wconf 89' lang='lat' dir='ltr'><strong>ille</strong></span> <span class='ocrx_word' id='word_1_10' title='bbox 850 1345 883 1409; x_wconf 94' lang='lat' dir='ltr'><strong>id</strong></span> <span class='ocrx_word' id='word_1_11' title='bbox 912 1355 1057 1429; x_wconf 78' lang='lat' dir='ltr'>negaret,</span> <span class='ocrx_word' id='word_1_12' title='bbox 1085 1346 1186 1429; x_wconf 90' lang='lat' dir='ltr'><strong>primo</strong></span> <span class='ocrx_word' id='word_1_13' title='bbox 1216 1366 1249 1410; x_wconf 90' lang='lat' dir='ltr'><strong>ss</strong></span> <span class='ocrx_word' id='word_1_14' title='bbox 1281 1346 1452 1411; x_wconf 79' lang='lat' dir='ltr'>luminibus</span> <span class='ocrx_word' id='word_1_15' title='bbox 1473 1350 1543 1414; x_wconf 90' lang='lat' dir='ltr'><strong>eius</strong></span> <span class='ocrx_word' id='word_1_16' title='bbox 1565 1371 1635 1415; x_wconf 88' lang='lat' dir='ltr'><strong>esse</strong></span> 
     </span>
     <span class='ocr_line' id='line_1_3' title="bbox 311 1437 1636 1507; baseline 0.002 -2"><span class='ocrx_word' id='word_1_17' title='bbox 311 1443 542 1505; x_wconf 87' lang='lat' dir='ltr'><strong>obstructurum</strong></span> <span class='ocrx_word' id='word_1_18' title='bbox 564 1440 748 1504; x_wconf 78' lang='lat' dir='ltr'><strong>minabatur.</strong></span> <span class='ocrx_word' id='word_1_19' title='bbox 780 1437 964 1504; x_wconf 83' lang='lat' dir='ltr'><strong>Affirmabat</strong></span> <span class='ocrx_word' id='word_1_20' title='bbox 982 1443 1147 1505; x_wconf 77' lang='lat' dir='ltr'><strong>Postumus</strong></span> <span class='ocrx_word' id='word_1_21' title='bbox 1162 1461 1197 1504; x_wconf 91' lang='lat' dir='ltr'><strong>se</strong></span> <span class='ocrx_word' id='word_1_22' title='bbox 1214 1441 1285 1505; x_wconf 81' lang='lat' dir='ltr'><strong>rivo</strong></span> <span class='ocrx_word' id='word_1_23' title='bbox 1299 1440 1385 1504; x_wconf 89' lang='lat' dir='ltr'><strong>illam</strong></span> <span class='ocrx_word' id='word_1_24' title='bbox 1401 1443 1530 1506; x_wconf 90' lang='lat' dir='ltr'><strong>domum</strong></span> <span class='ocrx_word' id='word_1_25' title='bbox 1545 1444 1636 1507; x_wconf 89' lang='lat' dir='ltr'><strong>istius</strong></span> 
     </span>
     <span class='ocr_line' id='line_1_4' title="bbox 310 1533 1636 1621; baseline 0.001 -22"><span class='ocrx_word' id='word_1_26' title='bbox 310 1555 483 1620; x_wconf 82' lang='lat' dir='ltr'><strong>numquam</strong></span> <span class='ocrx_word' id='word_1_27' title='bbox 503 1533 649 1598; x_wconf 84' lang='lat' dir='ltr'><strong>futuram.</strong></span> <span class='ocrx_word' id='word_1_28' title='bbox 681 1536 801 1598; x_wconf 83' lang='lat' dir='ltr'><strong>Acutus</strong></span> <span class='ocrx_word' id='word_1_29' title='bbox 824 1534 1011 1598; x_wconf 88' lang='lat' dir='ltr'><strong>adolescens</strong></span> <span class='ocrx_word' id='word_1_30' title='bbox 1027 1555 1066 1598; x_wconf 88' lang='lat' dir='ltr'><strong>ex</strong></span> <span class='ocrx_word' id='word_1_31' title='bbox 1082 1534 1185 1616; x_wconf 91' lang='lat' dir='ltr'><strong>ipsius</strong></span> <span class='ocrx_word' id='word_1_32' title='bbox 1200 1554 1344 1598; x_wconf 89' lang='lat' dir='ltr'><strong>sermone</strong></span> <span class='ocrx_word' id='word_1_33' title='bbox 1361 1534 1535 1611; x_wconf 83' lang='lat' dir='ltr'>intellexit,</span> <span class='ocrx_word' id='word_1_34' title='bbox 1558 1537 1636 1621; x_wconf 90' lang='lat' dir='ltr'><strong>quid</strong></span> 
     </span>
     <span class='ocr_line' id='line_1_5' title="bbox 310 1627 1637 1712; baseline 0 -19"><span class='ocrx_word' id='word_1_35' title='bbox 310 1627 378 1693; x_wconf 86' lang='lat' dir='ltr'><strong>lieri</strong></span> <span class='ocrx_word' id='word_1_36' title='bbox 399 1636 574 1712; x_wconf 77' lang='lat' dir='ltr'><strong>oporteret:</strong></span> <span class='ocrx_word' id='word_1_37' title='bbox 595 1627 756 1691; x_wconf 87' lang='lat' dir='ltr'><strong>bominem</strong></span> <span class='ocrx_word' id='word_1_38' title='bbox 778 1648 901 1692; x_wconf 87' lang='lat' dir='ltr'><strong>venena</strong></span> <span class='ocrx_word' id='word_1_39' title='bbox 924 1628 1119 1711; x_wconf 87' lang='lat' dir='ltr'><strong>apertissime</strong></span> <span class='ocrx_word' id='word_1_40' title='bbox 1142 1628 1288 1692; x_wconf 85' lang='lat' dir='ltr'><strong>sustulit:</strong></span> <span class='ocrx_word' id='word_1_41' title='bbox 1320 1630 1397 1692; x_wconf 90' lang='lat' dir='ltr'><strong>emit</strong></span> <span class='ocrx_word' id='word_1_42' title='bbox 1419 1629 1547 1693; x_wconf 92' lang='lat' dir='ltr'><strong>domum</strong></span> <span class='ocrx_word' id='word_1_43' title='bbox 1570 1630 1637 1693; x_wconf 88' lang='lat' dir='ltr'><strong>lici·</strong></span> 
     </span>
     <span class='ocr_line' id='line_1_6' title="bbox 287 1718 1637 1805; baseline -0.001 -18"><span class='ocrx_word' id='word_1_44' title='bbox 287 1724 463 1787; x_wconf 76' lang='lat' dir='ltr'><strong>ttaton&#39;bus</strong></span> <span class='ocrx_word' id='word_1_45' title='bbox 485 1720 665 1803; x_wconf 76' lang='lat' dir='ltr'><strong>defatigatis</strong></span> <span class='ocrx_word' id='word_1_46' title='bbox 685 1742 784 1804; x_wconf 89' lang='lat' dir='ltr'><strong>prope</strong></span> <span class='ocrx_word' id='word_1_47' title='bbox 799 1721 931 1785; x_wconf 90' lang='lat' dir='ltr'><strong>dimidio</strong></span> <span class='ocrx_word' id='word_1_48' title='bbox 948 1723 1051 1785; x_wconf 90' lang='lat' dir='ltr'><strong>carius</strong></span> <span class='ocrx_word' id='word_1_49' title='bbox 1067 1741 1161 1805; x_wconf 89' lang='lat' dir='ltr'><strong>quam</strong></span> <span class='ocrx_word' id='word_1_50' title='bbox 1176 1722 1410 1785; x_wconf 77' lang='lat' dir='ltr'><strong>aestimabatur.</strong></span> <span class='ocrx_word' id='word_1_51' title='bbox 1445 1718 1516 1784; x_wconf 83' lang='grc'><strong>446.</strong></span> <span class='ocrx_word' id='word_1_52' title='bbox 1533 1722 1637 1798; x_wconf 87' lang='lat' dir='ltr'><strong>Quor-</strong></span> 
     </span>
     <span class='ocr_line' id='line_1_7' title="bbox 311 1812 1633 1899; baseline -0.002 -19"><span class='ocrx_word' id='word_1_53' title='bbox 311 1836 380 1880; x_wconf 90' lang='lat' dir='ltr'><strong>sum</strong></span> <span class='ocrx_word' id='word_1_54' title='bbox 400 1816 497 1899; x_wconf 89' lang='lat' dir='ltr'><strong>igitur</strong></span> <span class='ocrx_word' id='word_1_55' title='bbox 516 1812 595 1878; x_wconf 87' lang='lat' dir='ltr'><strong>baec</strong></span> <span class='ocrx_word' id='word_1_56' title='bbox 615 1816 715 1878; x_wconf 88' lang='lat' dir='ltr'><strong>oratio</strong></span> <span class='ocrx_word' id='word_1_57' title='bbox 737 1815 895 1896; x_wconf 72' lang='lat' dir='ltr'><strong>pertinet?</strong></span> <span class='ocrx_word' id='word_1_58' title='bbox 927 1816 1047 1878; x_wconf 86' lang='lat' dir='ltr'><strong>Domus</strong></span> <span class='ocrx_word' id='word_1_59' title='bbox 1069 1814 1124 1877; x_wconf 88' lang='lat' dir='ltr'><strong>illa</strong></span> <span class='ocrx_word' id='word_1_60' title='bbox 1146 1835 1217 1878; x_wconf 88' lang='lat' dir='ltr'><strong>mea</strong></span> <span class='ocrx_word' id='word_1_61' title='bbox 1237 1836 1335 1898; x_wconf 89' lang='lat' dir='ltr'><strong>prope</strong></span> <span class='ocrx_word' id='word_1_62' title='bbox 1357 1822 1423 1879; x_wconf 86' lang='lat' dir='ltr'><strong>tota</strong></span> <span class='ocrx_word' id='word_1_63' title='bbox 1443 1822 1543 1878; x_wconf 80' lang='lat' dir='ltr'><strong>vacua</strong></span> <span class='ocrx_word' id='word_1_64' title='bbox 1565 1825 1633 1880; x_wconf 86' lang='lat' dir='ltr'><strong>est:</strong></span> 
     </span>
     <span class='ocr_line' id='line_1_8' title="bbox 310 1907 1637 1994; baseline -0.001 -20"><span class='ocrx_word' id='word_1_65' title='bbox 310 1912 364 1974; x_wconf 82' lang='lat' dir='ltr'><strong>vix</strong></span> <span class='ocrx_word' id='word_1_66' title='bbox 384 1930 457 1994; x_wconf 89' lang='lat' dir='ltr'><strong>pars</strong></span> <span class='ocrx_word' id='word_1_67' title='bbox 478 1908 605 1971; x_wconf 88' lang='lat' dir='ltr'><strong>aedium</strong></span> <span class='ocrx_word' id='word_1_68' title='bbox 626 1927 766 1971; x_wconf 90' lang='lat' dir='ltr'><strong>mearum</strong></span> <span class='ocrx_word' id='word_1_69' title='bbox 790 1907 912 1971; x_wconf 90' lang='lat' dir='ltr'><strong>decima</strong></span> <span class='ocrx_word' id='word_1_70' title='bbox 933 1907 973 1970; x_wconf 92' lang='lat' dir='ltr'><strong>ad</strong></span> <span class='ocrx_word' id='word_1_71' title='bbox 996 1907 1099 1971; x_wconf 89' lang='lat' dir='ltr'><strong>Catuli</strong></span> <span class='ocrx_word' id='word_1_72' title='bbox 1113 1908 1270 1991; x_wconf 90' lang='lat' dir='ltr'><strong>porticum</strong></span> <span class='ocrx_word' id='word_1_73' title='bbox 1285 1910 1428 1971; x_wconf 88' lang='lat' dir='ltr'><strong>accessit.</strong></span> <span class='ocrx_word' id='word_1_74' title='bbox 1462 1908 1563 1972; x_wconf 83' lang='lat' dir='ltr'><strong>Causa</strong></span> <span class='ocrx_word' id='word_1_75' title='bbox 1577 1909 1637 1973; x_wconf 85' lang='lat' dir='ltr'><strong>luit</strong></span> 
     </span>
     <span class='ocr_line' id='line_1_9' title="bbox 310 2002 1636 2085; baseline -0.001 -18"><span class='ocrx_word' id='word_1_76' title='bbox 310 2002 481 2067; x_wconf 86' lang='lat' dir='ltr'><strong>ambulatio</strong></span> <span class='ocrx_word' id='word_1_77' title='bbox 503 2009 534 2065; x_wconf 93' lang='lat' dir='ltr'><strong>et</strong></span> <span class='ocrx_word' id='word_1_78' title='bbox 554 2010 791 2065; x_wconf 88' lang='lat' dir='ltr'><strong>monumentum</strong></span> <span class='ocrx_word' id='word_1_79' title='bbox 813 2010 846 2065; x_wconf 89' lang='lat' dir='ltr'><strong>et</strong></span> <span class='ocrx_word' id='word_1_80' title='bbox 867 2003 927 2065; x_wconf 89' lang='lat' dir='ltr'><strong>ista</strong></span> <span class='ocrx_word' id='word_1_81' title='bbox 949 2003 1132 2084; x_wconf 74' lang='lat' dir='ltr'><strong>Tanagraea</strong></span> <span class='ocrx_word' id='word_1_82' title='bbox 1153 2002 1468 2085; x_wconf 87' lang='lat' dir='ltr'><strong>oppressalibertate</strong></span> <span class='ocrx_word' id='word_1_83' title='bbox 1485 2002 1636 2066; x_wconf 89' lang='lat' dir='ltr'><strong>Libertas.</strong></span> 
     </span>
     <span class='ocr_line' id='line_1_10' title="bbox 310 2095 1636 2178; baseline -0.001 -18"><span class='ocrx_word' id='word_1_84' title='bbox 310 2098 348 2160; x_wconf 94' lang='lat' dir='ltr'><strong>ln</strong></span> <span class='ocrx_word' id='word_1_85' title='bbox 368 2095 487 2159; x_wconf 90' lang='lat' dir='ltr'><strong>Palatio</strong></span> <span class='ocrx_word' id='word_1_86' title='bbox 514 2095 726 2178; x_wconf 87' lang='lat' dir='ltr'><strong>pulcherrimo</strong></span> <span class='ocrx_word' id='word_1_87' title='bbox 751 2103 921 2178; x_wconf 89' lang='lat' dir='ltr'><strong>prospectu</strong></span> <span class='ocrx_word' id='word_1_88' title='bbox 942 2095 1098 2178; x_wconf 90' lang='lat' dir='ltr'><strong>porticum</strong></span> <span class='ocrx_word' id='word_1_89' title='bbox 1120 2115 1192 2158; x_wconf 90' lang='lat' dir='ltr'><strong>cum</strong></span> <span class='ocrx_word' id='word_1_90' title='bbox 1214 2095 1417 2159; x_wconf 76' lang='lat' dir='ltr'><strong>conclavibus</strong></span> <span class='ocrx_word' id='word_1_91' title='bbox 1439 2096 1636 2178; x_wconf 82' lang='lat' dir='ltr'><strong>pavimenta·</strong></span> 
     </span>
     <span class='ocr_line' id='line_1_11' title="bbox 274 2187 1634 2273; baseline 0.001 -23"><span class='ocrx_word' id='word_1_92' title='bbox 274 2199 374 2255; x_wconf 85' lang='lat' dir='ltr'><strong>tetam</strong></span> <span class='ocrx_word' id='word_1_93' title='bbox 396 2196 571 2253; x_wconf 79' lang='lat' dir='ltr'><strong>trecentum</strong></span> <span class='ocrx_word' id='word_1_94' title='bbox 592 2188 707 2273; x_wconf 93' lang='lat' dir='ltr'><strong>pedum</strong></span> <span class='ocrx_word' id='word_1_95' title='bbox 730 2189 953 2271; x_wconf 83' lang='lat' dir='ltr'><strong>concupierat,</strong></span> <span class='ocrx_word' id='word_1_96' title='bbox 976 2187 1205 2270; x_wconf 88' lang='lat' dir='ltr'><strong>amplissimum</strong></span> <span class='ocrx_word' id='word_1_97' title='bbox 1226 2188 1424 2271; x_wconf 82' lang='lat' dir='ltr'><strong>peristylum,</strong></span> <span class='ocrx_word' id='word_1_98' title='bbox 1447 2197 1550 2252; x_wconf 90' lang='lat' dir='ltr'><strong>cetera</strong></span> <span class='ocrx_word' id='word_1_99' title='bbox 1565 2190 1634 2252; x_wconf 90' lang='lat' dir='ltr'><strong>eins</strong></span> 
     </span>
     <span class='ocr_line' id='line_1_12' title="bbox 311 2280 1636 2364; baseline -0.002 -16"><span class='ocrx_word' id='word_1_100' title='bbox 311 2281 413 2358; x_wconf 90' lang='lat' dir='ltr'><strong>modi,</strong></span> <span class='ocrx_word' id='word_1_101' title='bbox 435 2282 528 2346; x_wconf 81' lang='lat' dir='ltr'><strong>facile</strong></span> <span class='ocrx_word' id='word_1_102' title='bbox 548 2290 583 2345; x_wconf 92' lang='lat' dir='ltr'><strong>ut</strong></span> <span class='ocrx_word' id='word_1_103' title='bbox 604 2282 744 2346; x_wconf 93' lang='lat' dir='ltr'><strong>omnium</strong></span> <span class='ocrx_word' id='word_1_104' title='bbox 758 2282 870 2345; x_wconf 89' lang='lat' dir='ltr'><strong>domos</strong></span> <span class='ocrx_word' id='word_1_105' title='bbox 886 2289 918 2345; x_wconf 89' lang='lat' dir='ltr'><strong>et</strong></span> <span class='ocrx_word' id='word_1_106' title='bbox 934 2281 1061 2345; x_wconf 84' lang='lat' dir='ltr'><strong>laxitate</strong></span> <span class='ocrx_word' id='word_1_107' title='bbox 1076 2289 1109 2344; x_wconf 89' lang='lat' dir='ltr'><strong>et</strong></span> <span class='ocrx_word' id='word_1_108' title='bbox 1124 2280 1275 2364; x_wconf 86' lang='lat' dir='ltr'><strong>dignitate</strong></span> <span class='ocrx_word' id='word_1_109' title='bbox 1291 2290 1472 2364; x_wconf 79' lang='lat' dir='ltr'><strong>superaret:</strong></span> <span class='ocrx_word' id='word_1_110' title='bbox 1494 2282 1636 2346; x_wconf 88' lang='lat' dir='ltr'><strong>ethome</strong></span> 
     </span>
     <span class='ocr_line' id='line_1_13' title="bbox 311 2374 1637 2460; baseline -0.004 -18"><span class='ocrx_word' id='word_1_111' title='bbox 311 2378 495 2460; x_wconf 88' lang='lat' dir='ltr'><strong>religiosus,</strong></span> <span class='ocrx_word' id='word_1_112' title='bbox 523 2396 594 2439; x_wconf 89' lang='lat' dir='ltr'><strong>cum</strong></span> <span class='ocrx_word' id='word_1_113' title='bbox 615 2376 711 2439; x_wconf 91' lang='lat' dir='ltr'><strong>aedes</strong></span> <span class='ocrx_word' id='word_1_114' title='bbox 733 2396 818 2439; x_wconf 91' lang='lat' dir='ltr'><strong>meas</strong></span> <span class='ocrx_word' id='word_1_115' title='bbox 840 2375 924 2438; x_wconf 89' lang='lat' dir='ltr'><strong>idem</strong></span> <span class='ocrx_word' id='word_1_116' title='bbox 947 2379 1066 2439; x_wconf 87' lang='lat' dir='ltr'><strong>emeret</strong></span> <span class='ocrx_word' id='word_1_117' title='bbox 1086 2381 1119 2438; x_wconf 90' lang='lat' dir='ltr'><strong>et</strong></span> <span class='ocrx_word' id='word_1_118' title='bbox 1140 2374 1308 2447; x_wconf 86' lang='lat' dir='ltr'><strong>venderet,</strong></span> <span class='ocrx_word' id='word_1_119' title='bbox 1330 2383 1435 2438; x_wconf 85' lang='lat' dir='ltr'><strong>tamen</strong></span> <span class='ocrx_word' id='word_1_120' title='bbox 1457 2376 1520 2439; x_wconf 89' lang='lat' dir='ltr'><strong>illis</strong></span> <span class='ocrx_word' id='word_1_121' title='bbox 1541 2377 1637 2438; x_wconf 91' lang='lat' dir='ltr'><strong>tantis</strong></span> 
     </span>
     <span class='ocr_line' id='line_1_14' title="bbox 311 2467 1638 2551; baseline -0.005 -14"><span class='ocrx_word' id='word_1_122' title='bbox 311 2471 450 2537; x_wconf 88' lang='lat' dir='ltr'><strong>tenebris</strong></span> <span class='ocrx_word' id='word_1_123' title='bbox 482 2489 548 2532; x_wconf 94' lang='lat' dir='ltr'><strong>non</strong></span> <span class='ocrx_word' id='word_1_124' title='bbox 574 2476 624 2533; x_wconf 91' lang='lat' dir='ltr'><strong>est</strong></span> <span class='ocrx_word' id='word_1_125' title='bbox 651 2489 748 2533; x_wconf 90' lang='lat' dir='ltr'><strong>ausus</strong></span> <span class='ocrx_word' id='word_1_126' title='bbox 776 2490 867 2533; x_wconf 91' lang='lat' dir='ltr'><strong>suum</strong></span> <span class='ocrx_word' id='word_1_127' title='bbox 897 2489 1014 2532; x_wconf 90' lang='lat' dir='ltr'><strong>nomen</strong></span> <span class='ocrx_word' id='word_1_128' title='bbox 1042 2467 1191 2551; x_wconf 90' lang='lat' dir='ltr'><strong>emptioni</strong></span> <span class='ocrx_word' id='word_1_129' title='bbox 1220 2467 1267 2530; x_wconf 89' lang='lat' dir='ltr'><strong>illi</strong></span> <span class='ocrx_word' id='word_1_130' title='bbox 1295 2469 1484 2533; x_wconf 86' lang='lat' dir='ltr'><strong>adscribere.</strong></span> <span class='ocrx_word' id='word_1_131' title='bbox 1529 2470 1638 2532; x_wconf 88' lang='lat' dir='ltr'><strong>Posuit</strong></span> 
     </span>
     <span class='ocr_line' id='line_1_15' title="bbox 312 2562 1637 2646; baseline -0.005 -16"><span class='ocrx_word' id='word_1_132' title='bbox 312 2567 478 2630; x_wconf 86' lang='lat' dir='ltr'><strong>Scatonem</strong></span> <span class='ocrx_word' id='word_1_133' title='bbox 499 2563 607 2637; x_wconf 90' lang='lat' dir='ltr'><strong>illum,</strong></span> <span class='ocrx_word' id='word_1_134' title='bbox 628 2563 787 2627; x_wconf 90' lang='lat' dir='ltr'><strong>bominem</strong></span> <span class='ocrx_word' id='word_1_135' title='bbox 810 2582 868 2626; x_wconf 89' lang='lat' dir='ltr'><strong>sua</strong></span> <span class='ocrx_word' id='word_1_136' title='bbox 889 2562 1005 2625; x_wconf 83' lang='lat' dir='ltr'><strong>virtute</strong></span> <span class='ocrx_word' id='word_1_137' title='bbox 1027 2569 1190 2644; x_wconf 87' lang='lat' dir='ltr'><strong>egentem,</strong></span> <span class='ocrx_word' id='word_1_138' title='bbox 1211 2569 1248 2626; x_wconf 92' lang='lat' dir='ltr'><strong>ut</strong></span> <span class='ocrx_word' id='word_1_139' title='bbox 1267 2562 1304 2635; x_wconf 92' lang='lat' dir='ltr'><strong>is,</strong></span> <span class='ocrx_word' id='word_1_140' title='bbox 1328 2563 1431 2646; x_wconf 91' lang='lat' dir='ltr'><strong>quiin</strong></span> <span class='ocrx_word' id='word_1_141' title='bbox 1445 2564 1568 2637; x_wconf 81' lang='lat' dir='ltr'><strong>Marsis,</strong></span> <span class='ocrx_word' id='word_1_142' title='bbox 1582 2563 1637 2626; x_wconf 93' lang='lat' dir='ltr'><strong>ubi</strong></span> 
     </span>
     <span class='ocr_line' id='line_1_16' title="bbox 275 2654 1637 2730; baseline -0.001 -10"><span class='ocrx_word' id='word_1_143' title='bbox 275 2667 403 2723; x_wconf 62' lang='lat' dir='ltr'><strong>sennua</strong></span> <span class='ocrx_word' id='word_1_144' title='bbox 427 2664 489 2730; x_wconf 88' lang='lat' dir='ltr'><strong>est,</strong></span> <span class='ocrx_word' id='word_1_145' title='bbox 512 2663 644 2730; x_wconf 61' lang='lat' dir='ltr'><strong>tactuum</strong></span> <span class='ocrx_word' id='word_1_146' title='bbox 666 2656 717 2720; x_wconf 90' lang='lat' dir='ltr'><strong>cni</strong></span> <span class='ocrx_word' id='word_1_147' title='bbox 738 2656 848 2719; x_wconf 90' lang='lat' dir='ltr'><strong>imbris</strong></span> <span class='ocrx_word' id='word_1_148' title='bbox 869 2654 990 2718; x_wconf 88' lang='lat' dir='ltr'><strong>vitandi</strong></span> <span class='ocrx_word' id='word_1_149' title='bbox 1013 2675 1108 2718; x_wconf 87' lang='lat' dir='ltr'><strong>causa</strong></span> <span class='ocrx_word' id='word_1_150' title='bbox 1129 2654 1328 2730; x_wconf 86' lang='lat' dir='ltr'><strong>succederet,</strong></span> <span class='ocrx_word' id='word_1_151' title='bbox 1349 2655 1412 2718; x_wconf 89' lang='lat' dir='ltr'><strong>iam</strong></span> <span class='ocrx_word' id='word_1_152' title='bbox 1435 2656 1559 2719; x_wconf 86' lang='lat' dir='ltr'><strong>nullum</strong></span> <span class='ocrx_word' id='word_1_153' title='bbox 1581 2655 1637 2718; x_wconf 92' lang='lat' dir='ltr'><strong>ba·</strong></span> 
     </span>
     <span class='ocr_line' id='line_1_17' title="bbox 311 2748 1638 2829; baseline -0.005 -10"><span class='ocrx_word' id='word_1_154' title='bbox 311 2756 418 2829; x_wconf 88' lang='lat' dir='ltr'><strong>beret,</strong></span> <span class='ocrx_word' id='word_1_155' title='bbox 448 2750 544 2815; x_wconf 87' lang='lat' dir='ltr'><strong>aedes</strong></span> <span class='ocrx_word' id='word_1_156' title='bbox 573 2750 607 2811; x_wconf 92' lang='lat' dir='ltr'><strong>in</strong></span> <span class='ocrx_word' id='word_1_157' title='bbox 633 2750 753 2813; x_wconf 90' lang='lat' dir='ltr'><strong>Palatio</strong></span> <span class='ocrx_word' id='word_1_158' title='bbox 775 2748 988 2812; x_wconf 89' lang='lat' dir='ltr'><strong>nobilissimas</strong></span> <span class='ocrx_word' id='word_1_159' title='bbox 1011 2748 1124 2811; x_wconf 88' lang='lat' dir='ltr'><strong>emisse</strong></span> <span class='ocrx_word' id='word_1_160' title='bbox 1147 2769 1182 2812; x_wconf 90' lang='lat' dir='ltr'><strong>se</strong></span> <span class='ocrx_word' id='word_1_161' title='bbox 1205 2748 1333 2813; x_wconf 80' lang='lat' dir='ltr'><strong>diceret</strong></span> <span class='ocrx_word' id='word_1_162' title='bbox 1376 2748 1562 2813; x_wconf 77' lang='lat' dir='ltr'><strong>Interiorem</strong></span> <span class='ocrx_word' id='word_1_163' title='bbox 1585 2769 1638 2812; x_wconf 89' lang='lat' dir='ltr'><strong>ae-</strong></span> 
     </span>
     <span class='ocr_line' id='line_1_18' title="bbox 311 2842 1638 2929; baseline -0.004 -18"><span class='ocrx_word' id='word_1_164' title='bbox 311 2848 398 2912; x_wconf 92' lang='lat' dir='ltr'><strong>dium</strong></span> <span class='ocrx_word' id='word_1_165' title='bbox 420 2852 541 2929; x_wconf 81' lang='lat' dir='ltr'><strong>partem</strong></span> <span class='ocrx_word' id='word_1_166' title='bbox 563 2844 735 2926; x_wconf 78' lang='lat' dir='ltr'><strong>assignavit</strong></span> <span class='ocrx_word' id='word_1_167' title='bbox 756 2862 821 2905; x_wconf 90' lang='lat' dir='ltr'><strong>non</strong></span> <span class='ocrx_word' id='word_1_168' title='bbox 843 2861 919 2905; x_wconf 91' lang='lat' dir='ltr'><strong>suae</strong></span> <span class='ocrx_word' id='word_1_169' title='bbox 941 2843 1026 2924; x_wconf 91' lang='lat' dir='ltr'><strong>genti</strong></span> <span class='ocrx_word' id='word_1_170' title='bbox 1049 2842 1215 2917; x_wconf 86' lang='lat' dir='ltr'><strong>Fonteiae,</strong></span> <span class='ocrx_word' id='word_1_171' title='bbox 1237 2844 1293 2906; x_wconf 89' lang='lat' dir='ltr'><strong>sed</strong></span> <span class='ocrx_word' id='word_1_172' title='bbox 1316 2843 1456 2917; x_wconf 89' lang='lat' dir='ltr'><strong>Clodiae,</strong></span> <span class='ocrx_word' id='word_1_173' title='bbox 1478 2863 1572 2927; x_wconf 94' lang='lat' dir='ltr'><strong>quam</strong></span> <span class='ocrx_word' id='word_1_174' title='bbox 1586 2863 1638 2906; x_wconf 89' lang='lat' dir='ltr'><strong>re·</strong></span> 
     </span>
     <span class='ocr_line' id='line_1_19' title="bbox 199 2933 1638 3026; baseline -0.003 -21"><span class='ocrx_word' id='word_1_175' title='bbox 199 2933 203 2940; x_wconf 61' lang='grc'><strong>”</strong></span> <span class='ocrx_word' id='word_1_176' title='bbox 310 2942 421 3026; x_wconf 82' lang='lat' dir='ltr'><strong>liquit,</strong></span> <span class='ocrx_word' id='word_1_177' title='bbox 443 2958 539 3023; x_wconf 81' lang='lat' dir='ltr'><strong>quem</strong></span> <span class='ocrx_word' id='word_1_178' title='bbox 559 2937 593 2999; x_wconf 91' lang='lat' dir='ltr'><strong>in</strong></span> <span class='ocrx_word' id='word_1_179' title='bbox 615 2956 779 2999; x_wconf 87' lang='lat' dir='ltr'><strong>numerum</strong></span> <span class='ocrx_word' id='word_1_180' title='bbox 802 2955 843 2999; x_wconf 81' lang='lat' dir='ltr'><strong>ex</strong></span> <span class='ocrx_word' id='word_1_181' title='bbox 865 2935 971 2999; x_wconf 91' lang='lat' dir='ltr'><strong>multis</strong></span> <span class='ocrx_word' id='word_1_182' title='bbox 994 2935 1112 2999; x_wconf 87' lang='lat' dir='ltr'><strong>Clodiis</strong></span> <span class='ocrx_word' id='word_1_183' title='bbox 1133 2956 1227 2999; x_wconf 91' lang='lat' dir='ltr'><strong>nemo</strong></span> <span class='ocrx_word' id='word_1_184' title='bbox 1243 2955 1361 3000; x_wconf 90' lang='lat' dir='ltr'><strong>nomen</strong></span> <span class='ocrx_word' id='word_1_185' title='bbox 1376 2938 1480 3012; x_wconf 88' lang='lat' dir='ltr'><strong>dedit,</strong></span> <span class='ocrx_word' id='word_1_186' title='bbox 1503 2938 1565 3001; x_wconf 90' lang='lat' dir='ltr'><strong>nisi</strong></span> <span class='ocrx_word' id='word_1_187' title='bbox 1582 2945 1638 3001; x_wconf 89' lang='lat' dir='ltr'><strong>aut</strong></span> 
     </span>
     <span class='ocr_line' id='line_1_20' title="bbox 311 3027 1637 3118; baseline -0.002 -22"><span class='ocrx_word' id='word_1_188' title='bbox 311 3039 450 3118; x_wconf 87' lang='lat' dir='ltr'><strong>egestate</strong></span> <span class='ocrx_word' id='word_1_189' title='bbox 472 3038 529 3095; x_wconf 88' lang='lat' dir='ltr'><strong>aut</strong></span> <span class='ocrx_word' id='word_1_190' title='bbox 549 3030 668 3094; x_wconf 89' lang='lat' dir='ltr'><strong>scelere</strong></span> <span class='ocrx_word' id='word_1_191' title='bbox 690 3029 843 3113; x_wconf 88' lang='lat' dir='ltr'><strong>perditus.</strong></span> <span class='ocrx_word' id='word_1_192' title='bbox 875 3029 964 3092; x_wconf 87' lang='lat' dir='ltr'><strong>Hauc</strong></span> <span class='ocrx_word' id='word_1_193' title='bbox 980 3050 1046 3104; x_wconf 88' lang='lat' dir='ltr'><strong>vos,</strong></span> <span class='ocrx_word' id='word_1_194' title='bbox 1068 3027 1251 3111; x_wconf 86' lang='lat' dir='ltr'><strong>pontifices,</strong></span> <span class='ocrx_word' id='word_1_195' title='bbox 1273 3038 1401 3105; x_wconf 87' lang='lat' dir='ltr'><strong>tantam,</strong></span> <span class='ocrx_word' id='word_1_196' title='bbox 1424 3038 1487 3095; x_wconf 88' lang='lat' dir='ltr'><strong>tam</strong></span> <span class='ocrx_word' id='word_1_197' title='bbox 1508 3033 1637 3106; x_wconf 84' lang='lat' dir='ltr'><strong>variam,</strong></span> 
     </span>
     <span class='ocr_line' id='line_1_21' title="bbox 201 3121 1638 3211; baseline -0.001 -20"><span class='ocrx_word' id='word_1_198' title='bbox 201 3142 205 3151; x_wconf 88' lang='lat'><strong>·</strong></span> <span class='ocrx_word' id='word_1_199' title='bbox 274 3134 376 3191; x_wconf 81' lang='lat' dir='ltr'><strong>aotam</strong></span> <span class='ocrx_word' id='word_1_200' title='bbox 397 3144 511 3190; x_wconf 83' lang='lat' dir='ltr'><strong>novam</strong></span> <span class='ocrx_word' id='word_1_201' title='bbox 532 3123 669 3187; x_wconf 90' lang='lat' dir='ltr'><strong>inomni</strong></span> <span class='ocrx_word' id='word_1_202' title='bbox 690 3141 805 3205; x_wconf 87' lang='lat' dir='ltr'><strong>genere</strong></span> <span class='ocrx_word' id='word_1_203' title='bbox 819 3121 1030 3195; x_wconf 84' lang='lat' dir='ltr'><strong>voluntatem,</strong></span> <span class='ocrx_word' id='word_1_204' title='bbox 1052 3123 1298 3206; x_wconf 90' lang='lat' dir='ltr'><strong>impudentiam,</strong></span> <span class='ocrx_word' id='word_1_205' title='bbox 1321 3124 1494 3201; x_wconf 87' lang='lat' dir='ltr'><strong>audaciam,</strong></span> <span class='ocrx_word' id='word_1_206' title='bbox 1517 3126 1638 3211; x_wconf 91' lang='lat' dir='ltr'><strong>cupidi-</strong></span> 
     </span>
     <span class='ocr_line' id='line_1_22' title="bbox 312 3216 700 3300; baseline -0.018 -15"><span class='ocrx_word' id='word_1_207' title='bbox 312 3228 407 3285; x_wconf 88' lang='lat' dir='ltr'><strong>tatem</strong></span> <span class='ocrx_word' id='word_1_208' title='bbox 429 3216 700 3300; x_wconf 76' lang='lat' dir='ltr'><strong>comprobabitis?</strong></span> 
     </span>
    </p>

    <p class='ocr_par' dir='ltr' id='par_1_3' title="bbox 311 3306 1637 3585">
     <span class='ocr_line' id='line_1_23' title="bbox 396 3306 1637 3397; baseline 0.002 -23"><span class='ocrx_word' id='word_1_209' title='bbox 396 3312 490 3374; x_wconf 83' lang='lat' dir='ltr'><strong>XLV.</strong></span> <span class='ocrx_word' id='word_1_210' title='bbox 513 3306 585 3372; x_wconf 74' lang='lat' dir='ltr'><strong>tlt.</strong></span> <span class='ocrx_word' id='word_1_211' title='bbox 606 3309 768 3383; x_wconf 81' lang='lat' dir='ltr'><strong>Pontifex,</strong></span> <span class='ocrx_word' id='word_1_212' title='bbox 791 3308 910 3392; x_wconf 89' lang='lat' dir='ltr'><strong>inquit,</strong></span> <span class='ocrx_word' id='word_1_213' title='bbox 933 3309 1043 3373; x_wconf 87' lang='lat' dir='ltr'><strong>adluit.</strong></span> <span class='ocrx_word' id='word_1_214' title='bbox 1079 3314 1148 3374; x_wconf 90' lang='lat' dir='ltr'><strong>Non</strong></span> <span class='ocrx_word' id='word_1_215' title='bbox 1170 3320 1202 3374; x_wconf 91' lang='lat' dir='ltr'><strong>te</strong></span> <span class='ocrx_word' id='word_1_216' title='bbox 1223 3311 1339 3395; x_wconf 89' lang='lat' dir='ltr'><strong>pudet,</strong></span> <span class='ocrx_word' id='word_1_217' title='bbox 1360 3333 1430 3376; x_wconf 91' lang='lat' dir='ltr'><strong>cum</strong></span> <span class='ocrx_word' id='word_1_218' title='bbox 1451 3314 1536 3396; x_wconf 91' lang='lat' dir='ltr'><strong>apud</strong></span> <span class='ocrx_word' id='word_1_219' title='bbox 1558 3334 1637 3397; x_wconf 89' lang='lat' dir='ltr'><strong>pon·</strong></span> 
     </span>
     <span class='ocr_line' id='line_1_24' title="bbox 312 3399 1636 3487; baseline -0.002 -16"><span class='ocrx_word' id='word_1_220' title='bbox 312 3404 412 3471; x_wconf 84' lang='lat' dir='ltr'><strong>tilices</strong></span> <span class='ocrx_word' id='word_1_221' title='bbox 433 3423 484 3467; x_wconf 90' lang='lat' dir='ltr'><strong>res</strong></span> <span class='ocrx_word' id='word_1_222' title='bbox 506 3410 632 3485; x_wconf 87' lang='lat' dir='ltr'><strong>agatur,</strong></span> <span class='ocrx_word' id='word_1_223' title='bbox 660 3399 840 3487; x_wconf 87' lang='lat' dir='ltr'><strong>pontificem</strong></span> <span class='ocrx_word' id='word_1_224' title='bbox 862 3404 984 3478; x_wconf 89' lang='lat' dir='ltr'><strong>dicere,</strong></span> <span class='ocrx_word' id='word_1_225' title='bbox 1007 3424 1070 3467; x_wconf 92' lang='lat' dir='ltr'><strong>nan</strong></span> <span class='ocrx_word' id='word_1_226' title='bbox 1093 3404 1261 3486; x_wconf 89' lang='lat' dir='ltr'><strong>collegium</strong></span> <span class='ocrx_word' id='word_1_227' title='bbox 1282 3401 1466 3487; x_wconf 73' lang='lat' dir='ltr'><strong>pontificum</strong></span> <span class='ocrx_word' id='word_1_228' title='bbox 1486 3406 1636 3482; x_wconf 85' lang='lat' dir='ltr'><strong>adtuisse,</strong></span> 
     </span>
     <span class='ocr_line' id='line_1_25' title="bbox 311 3495 1636 3585; baseline -0.001 -22"><span class='ocrx_word' id='word_1_229' title='bbox 311 3499 495 3585; x_wconf 86' lang='lat' dir='ltr'><strong>praesertim</strong></span> <span class='ocrx_word' id='word_1_230' title='bbox 523 3518 594 3560; x_wconf 92' lang='lat' dir='ltr'><strong>cum</strong></span> <span class='ocrx_word' id='word_1_231' title='bbox 622 3497 767 3560; x_wconf 88' lang='lat' dir='ltr'><strong>tribunus</strong></span> <span class='ocrx_word' id='word_1_232' title='bbox 795 3495 838 3579; x_wconf 93' lang='lat' dir='ltr'><strong>pl.</strong></span> <span class='ocrx_word' id='word_1_233' title='bbox 860 3496 911 3559; x_wconf 89' lang='lat' dir='ltr'><strong>vel</strong></span> <span class='ocrx_word' id='word_1_234' title='bbox 933 3497 1119 3561; x_wconf 86' lang='lat' dir='ltr'><strong>denuntiare</strong></span> <span class='ocrx_word' id='word_1_235' title='bbox 1147 3498 1288 3580; x_wconf 87' lang='lat' dir='ltr'><strong>potueris</strong></span> <span class='ocrx_word' id='word_1_236' title='bbox 1309 3498 1361 3562; x_wconf 87' lang='lat' dir='ltr'><strong>vel</strong></span> <span class='ocrx_word' id='word_1_237' title='bbox 1383 3499 1478 3561; x_wconf 88' lang='lat' dir='ltr'><strong>etiam</strong></span> <span class='ocrx_word' id='word_1_238' title='bbox 1501 3504 1636 3583; x_wconf 82' lang='lat' dir='ltr'><strong>cogeret</strong></span> 
     </span>
    </p>

    <p class='ocr_par' dir='ltr' id='par_1_4' title="bbox 274 3587 1636 4427">
     <span class='ocr_line' id='line_1_26' title="bbox 275 3587 1635 3675; baseline -0.003 -16"><span class='ocrx_word' id='word_1_239' title='bbox 275 3596 402 3659; x_wconf 71' lang='lat' dir='ltr'><strong>satiato:</strong></span> <span class='ocrx_word' id='word_1_240' title='bbox 423 3589 591 3672; x_wconf 89' lang='lat' dir='ltr'><strong>collegium</strong></span> <span class='ocrx_word' id='word_1_241' title='bbox 610 3609 678 3652; x_wconf 92' lang='lat' dir='ltr'><strong>nan</strong></span> <span class='ocrx_word' id='word_1_242' title='bbox 696 3587 879 3652; x_wconf 86' lang='lat' dir='ltr'><strong>adhibuisti.</strong></span> <span class='ocrx_word' id='word_1_243' title='bbox 920 3588 1026 3666; x_wconf 86' lang='lat' dir='ltr'><strong>Quidt</strong></span> <span class='ocrx_word' id='word_1_244' title='bbox 1050 3590 1089 3654; x_wconf 94' lang='lat' dir='ltr'><strong>de</strong></span> <span class='ocrx_word' id='word_1_245' title='bbox 1112 3591 1246 3674; x_wconf 92' lang='lat' dir='ltr'><strong>collegio</strong></span> <span class='ocrx_word' id='word_1_246' title='bbox 1269 3592 1340 3675; x_wconf 90' lang='lat' dir='ltr'><strong>quis</strong></span> <span class='ocrx_word' id='word_1_247' title='bbox 1363 3591 1489 3655; x_wconf 88' lang='lat' dir='ltr'><strong>tandem</strong></span> <span class='ocrx_word' id='word_1_248' title='bbox 1511 3592 1635 3657; x_wconf 72' lang='lat' dir='ltr'><strong>adluitt</strong></span> 
     </span>
     <span class='ocr_line' id='line_1_27' title="bbox 311 3683 1635 3766; baseline -0.001 -13"><span class='ocrx_word' id='word_1_249' title='bbox 311 3693 461 3753; x_wconf 89' lang='lat' dir='ltr'><strong>Posuerat</strong></span> <span class='ocrx_word' id='word_1_250' title='bbox 482 3686 566 3749; x_wconf 90' lang='lat' dir='ltr'><strong>enim</strong></span> <span class='ocrx_word' id='word_1_251' title='bbox 587 3684 822 3757; x_wconf 88' lang='lat' dir='ltr'><strong>auctoritatem,</strong></span> <span class='ocrx_word' id='word_1_252' title='bbox 850 3702 932 3766; x_wconf 89' lang='lat' dir='ltr'><strong>quae</strong></span> <span class='ocrx_word' id='word_1_253' title='bbox 955 3685 1059 3748; x_wconf 90' lang='lat' dir='ltr'><strong>estin</strong></span> <span class='ocrx_word' id='word_1_254' title='bbox 1083 3684 1133 3749; x_wconf 92' lang='lat' dir='ltr'><strong>bis</strong></span> <span class='ocrx_word' id='word_1_255' title='bbox 1160 3686 1317 3761; x_wconf 91' lang='lat' dir='ltr'><strong>omnibus,</strong></span> <span class='ocrx_word' id='word_1_256' title='bbox 1342 3685 1360 3720; x_wconf 63' lang='lat'><strong>*³</strong></span> <span class='ocrx_word' id='word_1_257' title='bbox 1375 3683 1423 3721; x_wconf 71' lang='lat'><strong>*³*</strong></span> <span class='ocrx_word' id='word_1_258' title='bbox 1443 3686 1501 3750; x_wconf 92' lang='lat' dir='ltr'><strong>sed</strong></span> <span class='ocrx_word' id='word_1_259' title='bbox 1530 3695 1635 3752; x_wconf 67' lang='lat' dir='ltr'><strong>nmen</strong></span> 
     </span>
     <span class='ocr_line' id='line_1_28' title="bbox 311 3776 1635 3866; baseline -0.002 -19"><span class='ocrx_word' id='word_1_260' title='bbox 311 3789 406 3866; x_wconf 89' lang='lat' dir='ltr'><strong>auget</strong></span> <span class='ocrx_word' id='word_1_261' title='bbox 434 3786 465 3842; x_wconf 89' lang='lat' dir='ltr'><strong>et</strong></span> <span class='ocrx_word' id='word_1_262' title='bbox 490 3785 576 3842; x_wconf 86' lang='lat' dir='ltr'><strong>aetas</strong></span> <span class='ocrx_word' id='word_1_263' title='bbox 597 3784 630 3840; x_wconf 92' lang='lat' dir='ltr'><strong>et</strong></span> <span class='ocrx_word' id='word_1_264' title='bbox 653 3776 754 3841; x_wconf 88' lang='lat' dir='ltr'><strong>honos</strong></span> <span class='ocrx_word' id='word_1_265' title='bbox 776 3777 977 3858; x_wconf 87' lang='lat' dir='ltr'><strong>dignitatem:</strong></span> <span class='ocrx_word' id='word_1_266' title='bbox 999 3798 1078 3861; x_wconf 92' lang='lat' dir='ltr'><strong>opus</strong></span> <span class='ocrx_word' id='word_1_267' title='bbox 1101 3784 1168 3842; x_wconf 87' lang='lat' dir='ltr'><strong>erat</strong></span> <span class='ocrx_word' id='word_1_268' title='bbox 1189 3779 1285 3842; x_wconf 84' lang='lat' dir='ltr'><strong>etiam</strong></span> <span class='ocrx_word' id='word_1_269' title='bbox 1308 3779 1454 3856; x_wconf 89' lang='lat' dir='ltr'><strong>scientia,</strong></span> <span class='ocrx_word' id='word_1_270' title='bbox 1484 3802 1579 3866; x_wconf 89' lang='lat' dir='ltr'><strong>quam</strong></span> <span class='ocrx_word' id='word_1_271' title='bbox 1607 3783 1635 3845; x_wconf 91' lang='lat' dir='ltr'><strong>si</strong></span> 
     </span>
     <span class='ocr_line' id='line_1_29' title="bbox 311 3869 1635 3955; baseline -0.003 -14"><span class='ocrx_word' id='word_1_272' title='bbox 311 3895 421 3941; x_wconf 73' lang='lat' dir='ltr'><strong>onnes</strong></span> <span class='ocrx_word' id='word_1_273' title='bbox 442 3872 603 3938; x_wconf 87' lang='lat' dir='ltr'><strong>consecuti</strong></span> <span class='ocrx_word' id='word_1_274' title='bbox 626 3879 717 3944; x_wconf 88' lang='lat' dir='ltr'><strong>sunt,</strong></span> <span class='ocrx_word' id='word_1_275' title='bbox 745 3876 851 3933; x_wconf 88' lang='lat' dir='ltr'><strong>tamen</strong></span> <span class='ocrx_word' id='word_1_276' title='bbox 872 3878 956 3933; x_wconf 89' lang='lat' dir='ltr'><strong>certe</strong></span> <span class='ocrx_word' id='word_1_277' title='bbox 982 3873 1148 3955; x_wconf 86' lang='lat' dir='ltr'><strong>peritiores</strong></span> <span class='ocrx_word' id='word_1_278' title='bbox 1169 3879 1310 3937; x_wconf 84' lang='lat' dir='ltr'><strong>vetustas</strong></span> <span class='ocrx_word' id='word_1_279' title='bbox 1331 3873 1417 3937; x_wconf 88' lang='lat' dir='ltr'><strong>l&#39;acit.</strong></span> <span class='ocrx_word' id='word_1_280' title='bbox 1461 3869 1532 3937; x_wconf 88' lang='lat' dir='ltr'><strong>ll8.</strong></span> <span class='ocrx_word' id='word_1_281' title='bbox 1554 3873 1635 3950; x_wconf 79' lang='lat' dir='ltr'><strong>Quis</strong></span> 
     </span>
     <span class='ocr_line' id='line_1_30' title="bbox 312 3962 1634 4052; baseline -0.002 -19"><span class='ocrx_word' id='word_1_282' title='bbox 312 3988 386 4052; x_wconf 91' lang='lat' dir='ltr'><strong>ergo</strong></span> <span class='ocrx_word' id='word_1_283' title='bbox 413 3965 535 4031; x_wconf 87' lang='lat' dir='ltr'><strong>adluitt</strong></span> <span class='ocrx_word' id='word_1_284' title='bbox 563 3966 688 4039; x_wconf 87' lang='lat' dir='ltr'><strong>Frater,</strong></span> <span class='ocrx_word' id='word_1_285' title='bbox 715 3962 838 4047; x_wconf 91' lang='lat' dir='ltr'><strong>inquit,</strong></span> <span class='ocrx_word' id='word_1_286' title='bbox 865 3965 976 4029; x_wconf 84' lang='lat' dir='ltr'><strong>uxoris</strong></span> <span class='ocrx_word' id='word_1_287' title='bbox 1002 3986 1102 4030; x_wconf 88' lang='lat' dir='ltr'><strong>meae.</strong></span> <span class='ocrx_word' id='word_1_288' title='bbox 1146 3967 1180 4029; x_wconf 89' lang='lat' dir='ltr'><strong>Si</strong></span> <span class='ocrx_word' id='word_1_289' title='bbox 1202 3967 1419 4031; x_wconf 87' lang='lat' dir='ltr'><strong>auctoritatem</strong></span> <span class='ocrx_word' id='word_1_290' title='bbox 1441 3968 1634 4051; x_wconf 86' lang='lat' dir='ltr'><strong>quaerimus,</strong></span> 
     </span>
     <span class='ocr_line' id='line_1_31' title="bbox 274 4057 1636 4143; baseline -0.005 -14"><span class='ocrx_word' id='word_1_291' title='bbox 274 4064 371 4130; x_wconf 74' lang='lat' dir='ltr'><strong>metsi</strong></span> <span class='ocrx_word' id='word_1_292' title='bbox 392 4062 424 4125; x_wconf 94' lang='lat' dir='ltr'><strong>id</strong></span> <span class='ocrx_word' id='word_1_293' title='bbox 447 4067 496 4124; x_wconf 90' lang='lat' dir='ltr'><strong>est</strong></span> <span class='ocrx_word' id='word_1_294' title='bbox 516 4058 642 4133; x_wconf 90' lang='lat' dir='ltr'><strong>aetatis,</strong></span> <span class='ocrx_word' id='word_1_295' title='bbox 663 4064 700 4120; x_wconf 89' lang='lat' dir='ltr'><strong>ut</strong></span> <span class='ocrx_word' id='word_1_296' title='bbox 721 4057 861 4119; x_wconf 85' lang='lat' dir='ltr'><strong>nondum</strong></span> <span class='ocrx_word' id='word_1_297' title='bbox 884 4067 1073 4123; x_wconf 89' lang='lat' dir='ltr'><strong>consecutus</strong></span> <span class='ocrx_word' id='word_1_298' title='bbox 1094 4061 1151 4134; x_wconf 89' lang='lat' dir='ltr'><strong>sit,</strong></span> <span class='ocrx_word' id='word_1_299' title='bbox 1172 4067 1278 4123; x_wconf 90' lang='lat' dir='ltr'><strong>tamen</strong></span> <span class='ocrx_word' id='word_1_300' title='bbox 1298 4069 1415 4143; x_wconf 86' lang='lat' dir='ltr'><strong>quanta</strong></span> <span class='ocrx_word' id='word_1_301' title='bbox 1437 4067 1485 4124; x_wconf 87' lang='lat' dir='ltr'><strong>est</strong></span> <span class='ocrx_word' id='word_1_302' title='bbox 1505 4063 1538 4124; x_wconf 92' lang='lat' dir='ltr'><strong>iu</strong></span> <span class='ocrx_word' id='word_1_303' title='bbox 1560 4060 1636 4123; x_wconf 93' lang='lat' dir='ltr'><strong>ado·</strong></span> 
     </span>
     <span class='ocr_line' id='line_1_32' title="bbox 311 4148 1636 4235; baseline -0.002 -16"><span class='ocrx_word' id='word_1_304' title='bbox 311 4157 450 4222; x_wconf 86' lang='lat' dir='ltr'><strong>lescente</strong></span> <span class='ocrx_word' id='word_1_305' title='bbox 471 4152 658 4226; x_wconf 85' lang='lat' dir='ltr'><strong>auctoritas,</strong></span> <span class='ocrx_word' id='word_1_306' title='bbox 681 4171 720 4214; x_wconf 90' lang='lat' dir='ltr'><strong>ea</strong></span> <span class='ocrx_word' id='word_1_307' title='bbox 741 4157 871 4235; x_wconf 85' lang='lat' dir='ltr'><strong>propter</strong></span> <span class='ocrx_word' id='word_1_308' title='bbox 891 4159 1010 4217; x_wconf 75' lang='lat' dir='ltr'><strong>tantm</strong></span> <span class='ocrx_word' id='word_1_309' title='bbox 1025 4154 1281 4217; x_wconf 91' lang='lat' dir='ltr'><strong>coniunctionem</strong></span> <span class='ocrx_word' id='word_1_310' title='bbox 1296 4148 1458 4217; x_wconf 80' lang='lat' dir='ltr'><strong>affinitatis</strong></span> <span class='ocrx_word' id='word_1_311' title='bbox 1473 4156 1575 4217; x_wconf 90' lang='lat' dir='ltr'><strong>minor</strong></span> <span class='ocrx_word' id='word_1_312' title='bbox 1588 4163 1636 4217; x_wconf 90' lang='lat' dir='ltr'><strong>est</strong></span> 
     </span>
     <span class='ocr_line' id='line_1_33' title="bbox 310 4243 1633 4332; baseline -0.003 -18"><span class='ocrx_word' id='word_1_313' title='bbox 310 4247 468 4332; x_wconf 84' lang='lat' dir='ltr'><strong>putanda:</strong></span> <span class='ocrx_word' id='word_1_314' title='bbox 490 4247 540 4309; x_wconf 91' lang='lat' dir='ltr'><strong>sin</strong></span> <span class='ocrx_word' id='word_1_315' title='bbox 561 4251 667 4309; x_wconf 88' lang='lat' dir='ltr'><strong>autem</strong></span> <span class='ocrx_word' id='word_1_316' title='bbox 688 4243 821 4307; x_wconf 86' lang='lat' dir='ltr'><strong>scientia</strong></span> <span class='ocrx_word' id='word_1_317' title='bbox 842 4253 890 4309; x_wconf 92' lang='lat' dir='ltr'><strong>est</strong></span> <span class='ocrx_word' id='word_1_318' title='bbox 912 4247 1071 4329; x_wconf 89' lang='lat' dir='ltr'><strong>quaesita,</strong></span> <span class='ocrx_word' id='word_1_319' title='bbox 1094 4247 1167 4330; x_wconf 91' lang='lat' dir='ltr'><strong>quis</strong></span> <span class='ocrx_word' id='word_1_320' title='bbox 1189 4254 1256 4310; x_wconf 90' lang='lat' dir='ltr'><strong>erat</strong></span> <span class='ocrx_word' id='word_1_321' title='bbox 1277 4249 1380 4310; x_wconf 87' lang='lat' dir='ltr'><strong>minus</strong></span> <span class='ocrx_word' id='word_1_322' title='bbox 1401 4248 1522 4331; x_wconf 87' lang='lat' dir='ltr'><strong>peritus</strong></span> <span class='ocrx_word' id='word_1_323' title='bbox 1538 4266 1633 4331; x_wconf 88' lang='lat' dir='ltr'><strong>quam</strong></span> 
     </span>
     <span class='ocr_line' id='line_1_34' title="bbox 311 4338 1634 4427; baseline 0 -22"><span class='ocrx_word' id='word_1_324' title='bbox 311 4343 354 4419; x_wconf 88' lang='lat' dir='ltr'><strong>is,</strong></span> <span class='ocrx_word' id='word_1_325' title='bbox 376 4342 432 4427; x_wconf 92' lang='lat' dir='ltr'><strong>qui</strong></span> <span class='ocrx_word' id='word_1_326' title='bbox 453 4341 560 4424; x_wconf 90' lang='lat' dir='ltr'><strong>paucis</strong></span> <span class='ocrx_word' id='word_1_327' title='bbox 581 4339 645 4402; x_wconf 90' lang='lat' dir='ltr'><strong>illis</strong></span> <span class='ocrx_word' id='word_1_328' title='bbox 667 4338 779 4402; x_wconf 88' lang='lat' dir='ltr'><strong>diebus</strong></span> <span class='ocrx_word' id='word_1_329' title='bbox 801 4339 835 4402; x_wconf 94' lang='lat' dir='ltr'><strong>in</strong></span> <span class='ocrx_word' id='word_1_330' title='bbox 857 4338 1026 4423; x_wconf 88' lang='lat' dir='ltr'><strong>collegium</strong></span> <span class='ocrx_word' id='word_1_331' title='bbox 1040 4344 1190 4405; x_wconf 82' lang='lat' dir='ltr'><strong>veneratt</strong></span> <span class='ocrx_word' id='word_1_332' title='bbox 1212 4341 1268 4424; x_wconf 87' lang='lat' dir='ltr'><strong>qui</strong></span> <span class='ocrx_word' id='word_1_333' title='bbox 1291 4341 1384 4406; x_wconf 87' lang='lat' dir='ltr'><strong>etiam</strong></span> <span class='ocrx_word' id='word_1_334' title='bbox 1405 4341 1464 4404; x_wconf 93' lang='lat' dir='ltr'><strong>tibi</strong></span> <span class='ocrx_word' id='word_1_335' title='bbox 1479 4348 1547 4404; x_wconf 87' lang='lat' dir='ltr'><strong>erat</strong></span> <span class='ocrx_word' id='word_1_336' title='bbox 1568 4360 1634 4405; x_wconf 91' lang='lat' dir='ltr'><strong>ma·</strong></span> 
     </span>
    </p>
   </div>
   <div class='ocr_carea' id='block_1_3' title="bbox 309 4664 1635 5923">
    <p class='ocr_par' dir='ltr' id='par_1_5' title="bbox 309 4664 1635 5923">
     <span class='ocr_line' id='line_1_35' title="bbox 378 4664 1633 4732; baseline -0.002 -13"><span class='ocrx_word' id='word_1_337' title='bbox 378 4668 528 4731; x_wconf 70' lang='lat' dir='ltr'><strong>tortmm</strong></span> <span class='ocrx_word' id='word_1_338' title='bbox 544 4666 598 4716; x_wconf 78' lang='lat' dir='ltr'><strong>GM</strong></span> <span class='ocrx_word' id='word_1_339' title='bbox 616 4691 643 4701; x_wconf 93' lang='lat'>—</span> <span class='ocrx_word' id='word_1_340' title='bbox 663 4666 688 4715; x_wconf 74' lang='lat' dir='ltr'><strong>t.</strong></span> <span class='ocrx_word' id='word_1_341' title='bbox 706 4665 881 4715; x_wconf 65' lang='lat' dir='ltr'><strong>obstrictum</strong></span> <span class='ocrx_word' id='word_1_342' title='bbox 897 4667 976 4715; x_wconf 85' lang='lat' dir='ltr'><strong>Pov</strong></span> <span class='ocrx_word' id='word_1_343' title='bbox 992 4691 1025 4701; x_wconf 91' lang='lat'><em>-</em></span> <span class='ocrx_word' id='word_1_344' title='bbox 1041 4664 1192 4730; x_wconf 61' lang='lat' dir='ltr'><strong>adamabat</strong></span> <span class='ocrx_word' id='word_1_345' title='bbox 1208 4667 1226 4715; x_wconf 98' lang='lat' dir='ltr'><strong>P</strong></span> <span class='ocrx_word' id='word_1_346' title='bbox 1241 4692 1268 4701; x_wconf 94' lang='lat'>-</span> <span class='ocrx_word' id='word_1_347' title='bbox 1286 4665 1310 4715; x_wconf 82' lang='lat'><strong>³.</strong></span> <span class='ocrx_word' id='word_1_348' title='bbox 1330 4666 1471 4716; x_wconf 61' lang='lat' dir='ltr'><strong>motam</strong></span> <span class='ocrx_word' id='word_1_349' title='bbox 1487 4667 1545 4716; x_wconf 93' lang='lat' dir='ltr'><strong>P-</strong></span> <span class='ocrx_word' id='word_1_350' title='bbox 1565 4666 1633 4732; x_wconf 76' lang='lat' dir='ltr'><strong>qaid}</strong></span> 
     </span>
     <span class='ocr_line' id='line_1_36' title="bbox 312 4739 1631 4807; baseline -0.001 -13"><span class='ocrx_word' id='word_1_351' title='bbox 312 4745 355 4807; x_wconf 75' lang='lat' dir='ltr'><strong>qast</strong></span> <span class='ocrx_word' id='word_1_352' title='bbox 370 4744 399 4794; x_wconf 90' lang='lat' dir='ltr'><strong>P¹</strong></span> <span class='ocrx_word' id='word_1_353' title='bbox 418 4765 445 4779; x_wconf 91' lang='lat'>-</span> <span class='ocrx_word' id='word_1_354' title='bbox 465 4739 489 4792; x_wconf 81' lang='lat' dir='ltr'><strong>l.</strong></span> <span class='ocrx_word' id='word_1_355' title='bbox 507 4739 670 4790; x_wconf 77' lang='lat' dir='ltr'><strong>tacitatonbtss</strong></span> <span class='ocrx_word' id='word_1_356' title='bbox 685 4739 878 4802; x_wconf 81' lang='lat' dir='ltr'><strong>Pantagathus:</strong></span> <span class='ocrx_word' id='word_1_357' title='bbox 895 4740 1061 4804; x_wconf 65' lang='lat' dir='ltr'><strong>ngmrtbas</strong></span> <span class='ocrx_word' id='word_1_358' title='bbox 1076 4742 1140 4800; x_wconf 82' lang='lat' dir='ltr'><strong>Pu;</strong></span> <span class='ocrx_word' id='word_1_359' title='bbox 1159 4740 1305 4804; x_wconf 56' lang='lat' dir='ltr'><strong>&amp;galeatus</strong></span> <span class='ocrx_word' id='word_1_360' title='bbox 1322 4741 1356 4798; x_wconf 86' lang='lat' dir='ltr'><strong>V;</strong></span> <span class='ocrx_word' id='word_1_361' title='bbox 1374 4741 1552 4805; x_wconf 78' lang='lat' dir='ltr'><strong>litigationibus</strong></span> <span class='ocrx_word' id='word_1_362' title='bbox 1567 4744 1592 4793; x_wconf 84' lang='lat' dir='ltr'><strong>ll</strong></span> <span class='ocrx_word' id='word_1_363' title='bbox 1604 4766 1631 4778; x_wconf 89' lang='lat'>-</span> 
     </span>
     <span class='ocr_line' id='line_1_37' title="bbox 311 4813 1634 4881; baseline -0.002 -11"><span class='ocrx_word' id='word_1_364' title='bbox 311 4821 337 4870; x_wconf 86' lang='lat' dir='ltr'><strong>e.</strong></span> <span class='ocrx_word' id='word_1_365' title='bbox 354 4817 463 4868; x_wconf 70' lang='lat' dir='ltr'><strong>medio</strong></span> <span class='ocrx_word' id='word_1_366' title='bbox 479 4815 539 4866; x_wconf 84' lang='lat' dir='ltr'><strong>P¹V</strong></span> <span class='ocrx_word' id='word_1_367' title='bbox 557 4840 584 4850; x_wconf 93' lang='lat'>-</span> <span class='ocrx_word' id='word_1_368' title='bbox 603 4813 783 4864; x_wconf 77' lang='lat' dir='ltr'><strong>aestimabatur</strong></span> <span class='ocrx_word' id='word_1_369' title='bbox 799 4814 968 4865; x_wconf 86' lang='lat' dir='ltr'><strong>Garatonius:</strong></span> <span class='ocrx_word' id='word_1_370' title='bbox 989 4815 1136 4866; x_wconf 65' lang='lat' dir='ltr'><strong>somnone</strong></span> <span class='ocrx_word' id='word_1_371' title='bbox 1152 4828 1214 4866; x_wconf 82' lang='lat' dir='ltr'><strong>cunr</strong></span> <span class='ocrx_word' id='word_1_372' title='bbox 1232 4816 1307 4879; x_wconf 84' lang='lat' dir='ltr'><strong>signo</strong></span> <span class='ocrx_word' id='word_1_373' title='bbox 1324 4816 1542 4881; x_wconf 82' lang='lat' dir='ltr'><strong>interpunctionis</strong></span> <span class='ocrx_word' id='word_1_374' title='bbox 1559 4830 1634 4867; x_wconf 90' lang='lat' dir='ltr'><strong>cam-</strong></span> 
     </span>
     <span class='ocr_line' id='line_1_38' title="bbox 311 4887 1632 4958; baseline -0.002 -16"><span class='ocrx_word' id='word_1_375' title='bbox 311 4891 408 4958; x_wconf 85' lang='lat' dir='ltr'><strong>pendio</strong></span> <span class='ocrx_word' id='word_1_376' title='bbox 425 4888 543 4952; x_wconf 77' lang='lat' dir='ltr'><strong>syllabae</strong></span> <span class='ocrx_word' id='word_1_377' title='bbox 558 4901 592 4938; x_wconf 82' lang='lat' dir='ltr'><strong>ar</strong></span> <span class='ocrx_word' id='word_1_378' title='bbox 607 4887 739 4938; x_wconf 87' lang='lat' dir='ltr'><strong>simillimo</strong></span> <span class='ocrx_word' id='word_1_379' title='bbox 756 4887 788 4946; x_wconf 87' lang='lat' dir='ltr'><strong>P;</strong></span> <span class='ocrx_word' id='word_1_380' title='bbox 810 4888 957 4939; x_wconf 68' lang='lat' dir='ltr'><strong>minabat</strong></span> <span class='ocrx_word' id='word_1_381' title='bbox 973 4891 1086 4941; x_wconf 77' lang='lat' dir='ltr'><strong>slavo</strong></span> <span class='ocrx_word' id='word_1_382' title='bbox 1115 4919 1142 4927; x_wconf 97' lang='lat'>-</span> <span class='ocrx_word' id='word_1_383' title='bbox 1165 4903 1309 4953; x_wconf 66' lang='lat' dir='ltr'><strong>quemnam</strong></span> <span class='ocrx_word' id='word_1_384' title='bbox 1324 4892 1344 4941; x_wconf 92' lang='lat' dir='ltr'><strong>P</strong></span> <span class='ocrx_word' id='word_1_385' title='bbox 1367 4913 1394 4927; x_wconf 90' lang='lat'>-</span> <span class='ocrx_word' id='word_1_386' title='bbox 1416 4890 1441 4939; x_wconf 86' lang='grc'><strong>6,</strong></span> <span class='ocrx_word' id='word_1_387' title='bbox 1458 4889 1504 4938; x_wconf 78' lang='lat' dir='ltr'><strong>itta</strong></span> <span class='ocrx_word' id='word_1_388' title='bbox 1520 4901 1577 4940; x_wconf 86' lang='lat' dir='ltr'><strong>mea</strong></span> <span class='ocrx_word' id='word_1_389' title='bbox 1594 4892 1632 4943; x_wconf 89' lang='lat' dir='ltr'><strong>C:</strong></span> 
     </span>
     <span class='ocr_line' id='line_1_39' title="bbox 310 4960 1634 5027; baseline -0.002 -9"><span class='ocrx_word' id='word_1_390' title='bbox 310 4960 1006 5027; x_wconf 70' lang='lat' dir='ltr'><strong>mano—apomeasumlpraeiatams-</strong></span> <span class='ocrx_word' id='word_1_391' title='bbox 1031 4963 1071 5012; x_wconf 85' lang='grc'><strong>40.</strong></span> <span class='ocrx_word' id='word_1_392' title='bbox 1091 4963 1534 5014; x_wconf 67' lang='grc' dir='ltr'><strong>4ήοση44ωΡ4-εἰωο4464-</strong></span> <span class='ocrx_word' id='word_1_393' title='bbox 1554 4966 1634 5016; x_wconf 67' lang='grc'><strong>4444</strong></span> 
     </span>
     <span class='ocr_line' id='line_1_40' title="bbox 311 5036 1630 5102; baseline -0.002 -10"><span class='ocrx_word' id='word_1_394' title='bbox 311 5038 601 5093; x_wconf 65' lang='lat' dir='ltr'><strong>saevaesaeuae.</strong></span> <span class='ocrx_word' id='word_1_395' title='bbox 620 5039 674 5088; x_wconf 78' lang='lat' dir='ltr'><strong>GM</strong></span> <span class='ocrx_word' id='word_1_396' title='bbox 688 5063 716 5072; x_wconf 95' lang='lat'>-</span> <span class='ocrx_word' id='word_1_397' title='bbox 735 5038 775 5087; x_wconf 76' lang='lat' dir='ltr'><strong>tt.</strong></span> <span class='ocrx_word' id='word_1_398' title='bbox 789 5036 857 5085; x_wconf 61' lang='lat' dir='ltr'><strong>aeda</strong></span> <span class='ocrx_word' id='word_1_399' title='bbox 877 5037 970 5085; x_wconf 88' lang='lat' dir='ltr'><strong>PG-</strong></span> <span class='ocrx_word' id='word_1_400' title='bbox 986 5037 1054 5087; x_wconf 83' lang='lat' dir='ltr'><strong>Fort.</strong></span> <span class='ocrx_word' id='word_1_401' title='bbox 1067 5041 1150 5088; x_wconf 84' lang='lat' dir='ltr'><strong>tamea</strong></span> <span class='ocrx_word' id='word_1_402' title='bbox 1164 5039 1193 5088; x_wconf 80' lang='lat' dir='ltr'><strong>to</strong></span> <span class='ocrx_word' id='word_1_403' title='bbox 1208 5038 1265 5088; x_wconf 80' lang='lat' dir='ltr'><strong>iltis.</strong></span> <span class='ocrx_word' id='word_1_404' title='bbox 1285 5038 1323 5089; x_wconf 90' lang='lat' dir='ltr'><strong>Cl.</strong></span> <span class='ocrx_word' id='word_1_405' title='bbox 1336 5052 1362 5102; x_wconf 89' lang='lat' dir='ltr'><strong>p.</strong></span> <span class='ocrx_word' id='word_1_406' title='bbox 1375 5039 1433 5100; x_wconf 79' lang='grc'><strong>867,</strong></span> <span class='ocrx_word' id='word_1_407' title='bbox 1447 5040 1487 5088; x_wconf 89' lang='grc'><strong>40.</strong></span> <span class='ocrx_word' id='word_1_408' title='bbox 1501 5039 1558 5100; x_wconf 85' lang='grc'><strong>909,</strong></span> <span class='ocrx_word' id='word_1_409' title='bbox 1571 5040 1630 5091; x_wconf 85' lang='grc'><strong>3.-</strong></span> 
     </span>
     <span class='ocr_line' id='line_1_41' title="bbox 312 5110 1635 5178; baseline -0.002 -12"><span class='ocrx_word' id='word_1_410' title='bbox 312 5111 567 5167; x_wconf 61' lang='lat' dir='ltr'><strong>taruannense</strong></span> <span class='ocrx_word' id='word_1_411' title='bbox 591 5112 714 5162; x_wconf 62' lang='lat' dir='ltr'><strong>asenberc</strong></span> <span class='ocrx_word' id='word_1_412' title='bbox 730 5113 772 5169; x_wconf 74' lang='lat' dir='ltr'><strong>P⁹;</strong></span> <span class='ocrx_word' id='word_1_413' title='bbox 791 5110 926 5161; x_wconf 66' lang='lat' dir='ltr'><strong>mertam</strong></span> <span class='ocrx_word' id='word_1_414' title='bbox 942 5113 963 5161; x_wconf 88' lang='lat' dir='ltr'>G</span> <span class='ocrx_word' id='word_1_415' title='bbox 977 5137 1004 5146; x_wconf 93' lang='lat'>—</span> <span class='ocrx_word' id='word_1_416' title='bbox 1021 5112 1146 5174; x_wconf 77' lang='lat' dir='ltr'><strong>posaeo:</strong></span> <span class='ocrx_word' id='word_1_417' title='bbox 1163 5115 1247 5174; x_wconf 73' lang='lat' dir='ltr'><strong>peasa</strong></span> <span class='ocrx_word' id='word_1_418' title='bbox 1262 5113 1352 5163; x_wconf 72' lang='lat' dir='ltr'><strong>sedicet</strong></span> <span class='ocrx_word' id='word_1_419' title='bbox 1367 5115 1387 5164; x_wconf 94' lang='lat'>0</span> <span class='ocrx_word' id='word_1_420' title='bbox 1401 5142 1428 5150; x_wconf 97' lang='lat'>-</span> <span class='ocrx_word' id='word_1_421' title='bbox 1447 5113 1487 5164; x_wconf 84' lang='lat' dir='ltr'><strong>tt.</strong></span> <span class='ocrx_word' id='word_1_422' title='bbox 1500 5120 1635 5178; x_wconf 71' lang='lat' dir='ltr'><strong>magestas</strong></span> 
     </span>
     <span class='ocr_line' id='line_1_42' title="bbox 311 5183 1631 5253; baseline -0.004 -9"><span class='ocrx_word' id='word_1_423' title='bbox 311 5189 432 5244; x_wconf 80' lang='lat' dir='ltr'>1²¹an</span> <span class='ocrx_word' id='word_1_424' title='bbox 451 5213 478 5225; x_wconf 96' lang='lat'><em>-</em></span> <span class='ocrx_word' id='word_1_425' title='bbox 498 5188 669 5253; x_wconf 69' lang='grc'><strong>4414444444-</strong></span> <span class='ocrx_word' id='word_1_426' title='bbox 689 5189 728 5238; x_wconf 79' lang='lat' dir='ltr'><strong>ts.</strong></span> <span class='ocrx_word' id='word_1_427' title='bbox 747 5188 788 5237; x_wconf 86' lang='lat' dir='ltr'><strong>cat</strong></span> <span class='ocrx_word' id='word_1_428' title='bbox 805 5188 886 5238; x_wconf 83' lang='lat' dir='ltr'><strong>Leon.</strong></span> <span class='ocrx_word' id='word_1_429' title='bbox 903 5186 1032 5237; x_wconf 82' lang='lat' dir='ltr'><strong>Ualerius:</strong></span> <span class='ocrx_word' id='word_1_430' title='bbox 1051 5186 1247 5248; x_wconf 80' lang='lat' dir='ltr'><strong>qutPG¹MV3</strong></span> <span class='ocrx_word' id='word_1_431' title='bbox 1266 5183 1408 5250; x_wconf 73' lang='lat' dir='ltr'><strong>qaodtPO</strong></span> <span class='ocrx_word' id='word_1_432' title='bbox 1425 5213 1452 5224; x_wconf 94' lang='lat'><em>-</em></span> <span class='ocrx_word' id='word_1_433' title='bbox 1472 5188 1585 5239; x_wconf 71' lang='lat' dir='ltr'><strong>intristi</strong></span> <span class='ocrx_word' id='word_1_434' title='bbox 1604 5216 1631 5226; x_wconf 91' lang='lat'><em>-</em></span> 
     </span>
     <span class='ocr_line' id='line_1_43' title="bbox 309 5259 1634 5328; baseline -0.002 -11"><span class='ocrx_word' id='word_1_435' title='bbox 309 5268 363 5317; x_wconf 79' lang='lat' dir='ltr'><strong>tas</strong></span> <span class='ocrx_word' id='word_1_436' title='bbox 379 5266 414 5316; x_wconf 91' lang='lat' dir='ltr'><strong>C:</strong></span> <span class='ocrx_word' id='word_1_437' title='bbox 433 5275 487 5313; x_wconf 93' lang='lat' dir='ltr'><strong>om.</strong></span> <span class='ocrx_word' id='word_1_438' title='bbox 502 5265 564 5314; x_wconf 88' lang='grc'><strong>0-</strong></span> <span class='ocrx_word' id='word_1_439' title='bbox 583 5265 705 5316; x_wconf 68' lang='grc' dir='ltr'><strong>46.α4444</strong></span> <span class='ocrx_word' id='word_1_440' title='bbox 720 5262 840 5313; x_wconf 82' lang='lat' dir='ltr'><strong>PGv-</strong></span> <span class='ocrx_word' id='word_1_441' title='bbox 857 5259 986 5324; x_wconf 65' lang='lat' dir='ltr'><strong>mamae]</strong></span> <span class='ocrx_word' id='word_1_442' title='bbox 1003 5261 1109 5316; x_wconf 66' lang='lat' dir='ltr'><strong>enuere</strong></span> <span class='ocrx_word' id='word_1_443' title='bbox 1125 5263 1168 5320; x_wconf 86' lang='lat' dir='ltr'><strong>P¹;</strong></span> <span class='ocrx_word' id='word_1_444' title='bbox 1185 5263 1292 5313; x_wconf 68' lang='grc'><strong>4444444444</strong></span> <span class='ocrx_word' id='word_1_445' title='bbox 1307 5275 1333 5313; x_wconf 84' lang='lat' dir='ltr'><strong>aa</strong></span> <span class='ocrx_word' id='word_1_446' title='bbox 1349 5265 1418 5313; x_wconf 75' lang='lat' dir='ltr'><strong>ps..</strong></span> <span class='ocrx_word' id='word_1_447' title='bbox 1437 5264 1478 5313; x_wconf 82' lang='grc'><strong>47.</strong></span> <span class='ocrx_word' id='word_1_448' title='bbox 1491 5265 1634 5328; x_wconf 73' lang='lat' dir='ltr'><strong>adsignauit</strong></span> 
     </span>
     <span class='ocr_line' id='line_1_44' title="bbox 311 5335 1632 5402; baseline 0 -13"><span class='ocrx_word' id='word_1_449' title='bbox 311 5344 330 5393; x_wconf 89' lang='lat' dir='ltr'><strong>P</strong></span> <span class='ocrx_word' id='word_1_450' title='bbox 349 5366 377 5379; x_wconf 84' lang='lat'>-</span> <span class='ocrx_word' id='word_1_451' title='bbox 394 5339 497 5402; x_wconf 64' lang='lat' dir='ltr'><strong>roasa</strong></span> <span class='ocrx_word' id='word_1_452' title='bbox 513 5337 568 5386; x_wconf 78' lang='lat' dir='ltr'><strong>Gli</strong></span> <span class='ocrx_word' id='word_1_453' title='bbox 585 5361 612 5371; x_wconf 88' lang='lat'><em>-</em></span> <span class='ocrx_word' id='word_1_454' title='bbox 630 5335 738 5397; x_wconf 64' lang='lat' dir='ltr'><strong>asnaa</strong></span> <span class='ocrx_word' id='word_1_455' title='bbox 753 5337 782 5384; x_wconf 85' lang='lat' dir='ltr'><strong>P¹</strong></span> <span class='ocrx_word' id='word_1_456' title='bbox 795 5360 821 5373; x_wconf 93' lang='lat'>-</span> <span class='ocrx_word' id='word_1_457' title='bbox 843 5336 882 5386; x_wconf 74' lang='lat' dir='ltr'><strong>aa.</strong></span> <span class='ocrx_word' id='word_1_458' title='bbox 899 5336 1039 5400; x_wconf 69' lang='lat' dir='ltr'><strong>aarum]</strong></span> <span class='ocrx_word' id='word_1_459' title='bbox 1055 5348 1152 5385; x_wconf 75' lang='lat' dir='ltr'><strong>caeram</strong></span> <span class='ocrx_word' id='word_1_460' title='bbox 1169 5338 1231 5386; x_wconf 88' lang='lat' dir='ltr'><strong>P-</strong></span> <span class='ocrx_word' id='word_1_461' title='bbox 1248 5337 1289 5387; x_wconf 85' lang='grc'><strong>49.</strong></span> <span class='ocrx_word' id='word_1_462' title='bbox 1307 5342 1418 5399; x_wconf 71' lang='lat' dir='ltr'><strong>mamm,</strong></span> <span class='ocrx_word' id='word_1_463' title='bbox 1435 5343 1489 5388; x_wconf 83' lang='lat' dir='ltr'><strong>taos</strong></span> <span class='ocrx_word' id='word_1_464' title='bbox 1500 5337 1632 5389; x_wconf 83' lang='lat' dir='ltr'><strong>Halmius:</strong></span> 
     </span>
     <span class='ocr_line' id='line_1_45' title="bbox 310 5410 1635 5477; baseline -0.002 -9"><span class='ocrx_word' id='word_1_465' title='bbox 310 5421 408 5468; x_wconf 74' lang='lat' dir='ltr'><strong>mm</strong></span> <span class='ocrx_word' id='word_1_466' title='bbox 429 5416 469 5473; x_wconf 84' lang='lat' dir='ltr'><strong>P¹;</strong></span> <span class='ocrx_word' id='word_1_467' title='bbox 492 5417 545 5462; x_wconf 84' lang='lat' dir='ltr'><strong>tam</strong></span> <span class='ocrx_word' id='word_1_468' title='bbox 565 5411 716 5462; x_wconf 72' lang='grc'><strong>4444444440</strong></span> <span class='ocrx_word' id='word_1_469' title='bbox 736 5437 763 5445; x_wconf 95' lang='grc'>-</span> <span class='ocrx_word' id='word_1_470' title='bbox 787 5412 829 5461; x_wconf 73' lang='grc'><strong>40.</strong></span> <span class='ocrx_word' id='word_1_471' title='bbox 844 5410 942 5475; x_wconf 63' lang='lat' dir='ltr'><strong>gaure]</strong></span> <span class='ocrx_word' id='word_1_472' title='bbox 963 5423 1022 5475; x_wconf 79' lang='lat' dir='ltr'><strong>gare</strong></span> <span class='ocrx_word' id='word_1_473' title='bbox 1041 5412 1060 5461; x_wconf 94' lang='lat' dir='ltr'><strong>P</strong></span> <span class='ocrx_word' id='word_1_474' title='bbox 1088 5440 1109 5450; x_wconf 93' lang='lat'><em>-</em></span> <span class='ocrx_word' id='word_1_475' title='bbox 1133 5412 1304 5476; x_wconf 75' lang='lat' dir='ltr'><strong>tapadcattam</strong></span> <span class='ocrx_word' id='word_1_476' title='bbox 1324 5415 1343 5464; x_wconf 95' lang='lat' dir='ltr'><strong>P</strong></span> <span class='ocrx_word' id='word_1_477' title='bbox 1362 5438 1389 5449; x_wconf 92' lang='lat'>-</span> <span class='ocrx_word' id='word_1_478' title='bbox 1413 5414 1635 5477; x_wconf 62' lang='lat' dir='ltr'><strong>thoomprobstts</strong></span> 
     </span>
     <span class='ocr_line' id='line_1_46' title="bbox 311 5482 1633 5556; baseline -0.002 -14"><span class='ocrx_word' id='word_1_479' title='bbox 311 5492 404 5556; x_wconf 81' lang='lat' dir='ltr'><strong>(erasto</strong></span> <span class='ocrx_word' id='word_1_480' title='bbox 420 5490 481 5554; x_wconf 90' lang='lat' dir='ltr'><strong>post</strong></span> <span class='ocrx_word' id='word_1_481' title='bbox 497 5488 549 5537; x_wconf 86' lang='lat' dir='ltr'><strong>hoc</strong></span> <span class='ocrx_word' id='word_1_482' title='bbox 559 5499 585 5535; x_wconf 83' lang='lat' dir='ltr'><strong>v.</strong></span> <span class='ocrx_word' id='word_1_483' title='bbox 598 5483 683 5535; x_wconf 89' lang='lat' dir='ltr'><strong>tribus</strong></span> <span class='ocrx_word' id='word_1_484' title='bbox 699 5483 755 5535; x_wconf 86' lang='lat' dir='ltr'><strong>tere</strong></span> <span class='ocrx_word' id='word_1_485' title='bbox 770 5482 871 5547; x_wconf 80' lang='lat' dir='ltr'><strong>litteris)</strong></span> <span class='ocrx_word' id='word_1_486' title='bbox 884 5487 917 5545; x_wconf 85' lang='lat' dir='ltr'><strong>G;</strong></span> <span class='ocrx_word' id='word_1_487' title='bbox 934 5485 1088 5548; x_wconf 74' lang='lat' dir='ltr'><strong>msssprabati</strong></span> <span class='ocrx_word' id='word_1_488' title='bbox 1103 5492 1160 5537; x_wconf 75' lang='lat' dir='ltr'><strong>aaut</strong></span> <span class='ocrx_word' id='word_1_489' title='bbox 1170 5488 1228 5539; x_wconf 83' lang='lat' dir='ltr'><strong>btv</strong></span> <span class='ocrx_word' id='word_1_490' title='bbox 1239 5513 1266 5524; x_wconf 89' lang='lat'>-</span> <span class='ocrx_word' id='word_1_491' title='bbox 1285 5489 1327 5538; x_wconf 74' lang='lat' dir='ltr'><strong>tt.</strong></span> <span class='ocrx_word' id='word_1_492' title='bbox 1344 5489 1432 5549; x_wconf 76' lang='lat' dir='ltr'><strong>tsqsetd</strong></span> <span class='ocrx_word' id='word_1_493' title='bbox 1442 5490 1471 5539; x_wconf 91' lang='lat' dir='ltr'><strong>P¹</strong></span> <span class='ocrx_word' id='word_1_494' title='bbox 1483 5514 1511 5525; x_wconf 93' lang='lat'>-</span> <span class='ocrx_word' id='word_1_495' title='bbox 1529 5489 1571 5539; x_wconf 76' lang='lat'><strong>23.</strong></span> <span class='ocrx_word' id='word_1_496' title='bbox 1582 5503 1633 5538; x_wconf 84' lang='lat' dir='ltr'><strong>oon</strong></span> 
     </span>
     <span class='ocr_line' id='line_1_47' title="bbox 310 5556 1633 5625; baseline -0.004 -8"><span class='ocrx_word' id='word_1_497' title='bbox 310 5567 354 5617; x_wconf 68' lang='lat' dir='ltr'><strong>Pl:</strong></span> <span class='ocrx_word' id='word_1_498' title='bbox 372 5570 462 5616; x_wconf 74' lang='lat' dir='ltr'><strong>atnoe</strong></span> <span class='ocrx_word' id='word_1_499' title='bbox 477 5560 593 5612; x_wconf 82' lang='lat' dir='ltr'><strong>P¹Glttl</strong></span> <span class='ocrx_word' id='word_1_500' title='bbox 613 5585 640 5594; x_wconf 99' lang='lat'>-</span> <span class='ocrx_word' id='word_1_501' title='bbox 659 5556 700 5608; x_wconf 74' lang='lat' dir='ltr'><strong>tl.</strong></span> <span class='ocrx_word' id='word_1_502' title='bbox 715 5559 809 5619; x_wconf 64' lang='lat' dir='ltr'><strong>pomis</strong></span> <span class='ocrx_word' id='word_1_503' title='bbox 824 5556 853 5609; x_wconf 87' lang='lat' dir='ltr'><strong>P¹</strong></span> <span class='ocrx_word' id='word_1_504' title='bbox 873 5585 900 5596; x_wconf 89' lang='lat'>-</span> <span class='ocrx_word' id='word_1_505' title='bbox 924 5561 965 5611; x_wconf 74' lang='lat'><strong>25.</strong></span> <span class='ocrx_word' id='word_1_506' title='bbox 983 5561 1027 5611; x_wconf 77' lang='lat' dir='ltr'><strong>list</strong></span> <span class='ocrx_word' id='word_1_507' title='bbox 1043 5556 1072 5610; x_wconf 92' lang='lat' dir='ltr'><strong>P¹</strong></span> <span class='ocrx_word' id='word_1_508' title='bbox 1090 5588 1117 5599; x_wconf 87' lang='lat'>-</span> <span class='ocrx_word' id='word_1_509' title='bbox 1136 5564 1177 5614; x_wconf 73' lang='lat'><strong>26.</strong></span> <span class='ocrx_word' id='word_1_510' title='bbox 1195 5563 1369 5614; x_wconf 73' lang='lat' dir='ltr'><strong>awtositatem</strong></span> <span class='ocrx_word' id='word_1_511' title='bbox 1384 5576 1449 5625; x_wconf 82' lang='lat' dir='ltr'><strong>qaae</strong></span> <span class='ocrx_word' id='word_1_512' title='bbox 1465 5562 1502 5613; x_wconf 88' lang='lat' dir='ltr'><strong>C:</strong></span> <span class='ocrx_word' id='word_1_513' title='bbox 1520 5567 1588 5612; x_wconf 83' lang='lat' dir='ltr'><strong>auct.</strong></span> <span class='ocrx_word' id='word_1_514' title='bbox 1605 5564 1633 5612; x_wconf 84' lang='lat' dir='ltr'><strong>io</strong></span> 
     </span>
     <span class='ocr_line' id='line_1_48' title="bbox 309 5633 1633 5701; baseline -0.006 -11"><span class='ocrx_word' id='word_1_515' title='bbox 309 5652 375 5700; x_wconf 81' lang='lat' dir='ltr'><strong>asso,</strong></span> <span class='ocrx_word' id='word_1_516' title='bbox 394 5649 458 5701; x_wconf 81' lang='lat' dir='ltr'><strong>qaae</strong></span> <span class='ocrx_word' id='word_1_517' title='bbox 474 5636 504 5687; x_wconf 88' lang='lat' dir='ltr'><strong>C.</strong></span> <span class='ocrx_word' id='word_1_518' title='bbox 529 5636 664 5685; x_wconf 83' lang='lat' dir='ltr'><strong>Lacunam</strong></span> <span class='ocrx_word' id='word_1_519' title='bbox 685 5644 745 5683; x_wconf 87' lang='lat' dir='ltr'><strong>esse</strong></span> <span class='ocrx_word' id='word_1_520' title='bbox 767 5635 829 5698; x_wconf 91' lang='lat' dir='ltr'><strong>post</strong></span> <span class='ocrx_word' id='word_1_521' title='bbox 843 5647 869 5694; x_wconf 79' lang='lat' dir='ltr'><strong>y.</strong></span> <span class='ocrx_word' id='word_1_522' title='bbox 887 5634 1000 5685; x_wconf 73' lang='lat' dir='ltr'><strong>omaus</strong></span> <span class='ocrx_word' id='word_1_523' title='bbox 1015 5635 1080 5685; x_wconf 87' lang='lat' dir='ltr'><strong>vidit</strong></span> <span class='ocrx_word' id='word_1_524' title='bbox 1096 5637 1293 5688; x_wconf 77' lang='lat' dir='ltr'><strong>Mommsenius.</strong></span> <span class='ocrx_word' id='word_1_525' title='bbox 1314 5663 1341 5674; x_wconf 96' lang='lat'><em>-</em></span> <span class='ocrx_word' id='word_1_526' title='bbox 1365 5635 1406 5687; x_wconf 74' lang='lat'><strong>27.</strong></span> <span class='ocrx_word' id='word_1_527' title='bbox 1422 5633 1526 5687; x_wconf 70' lang='lat' dir='ltr'><strong>misattd</strong></span> <span class='ocrx_word' id='word_1_528' title='bbox 1543 5636 1633 5687; x_wconf 82' lang='lat' dir='ltr'><strong>Po¹v</strong></span> 
     </span>
     <span class='ocr_line' id='line_1_49' title="bbox 314 5707 1633 5773; baseline -0.003 -9"><span class='ocrx_word' id='word_1_529' title='bbox 314 5741 342 5751; x_wconf 97' lang='lat'><em>-</em></span> <span class='ocrx_word' id='word_1_530' title='bbox 359 5715 427 5764; x_wconf 84' lang='lat' dir='ltr'><strong>stc:</strong></span> <span class='ocrx_word' id='word_1_531' title='bbox 446 5711 558 5763; x_wconf 82' lang='lat' dir='ltr'><strong>atsto-</strong></span> <span class='ocrx_word' id='word_1_532' title='bbox 577 5709 618 5760; x_wconf 75' lang='lat' dir='ltr'><strong>tt.</strong></span> <span class='ocrx_word' id='word_1_533' title='bbox 636 5707 708 5771; x_wconf 78' lang='lat' dir='ltr'><strong>aem]</strong></span> <span class='ocrx_word' id='word_1_534' title='bbox 727 5710 828 5768; x_wconf 79' lang='lat' dir='ltr'><strong>arteG3</strong></span> <span class='ocrx_word' id='word_1_535' title='bbox 847 5710 979 5760; x_wconf 83' lang='lat' dir='ltr'><strong>omlt-</strong></span> <span class='ocrx_word' id='word_1_536' title='bbox 995 5709 1123 5772; x_wconf 70' lang='lat' dir='ltr'><strong>postera</strong></span> <span class='ocrx_word' id='word_1_537' title='bbox 1139 5712 1207 5760; x_wconf 70' lang='lat' dir='ltr'><strong>Pt-</strong></span> <span class='ocrx_word' id='word_1_538' title='bbox 1227 5711 1268 5762; x_wconf 78' lang='lat'><strong>29.</strong></span> <span class='ocrx_word' id='word_1_539' title='bbox 1285 5711 1373 5773; x_wconf 79' lang='lat' dir='ltr'><strong>inquid</strong></span> <span class='ocrx_word' id='word_1_540' title='bbox 1389 5712 1461 5760; x_wconf 90' lang='lat' dir='ltr'><strong>P¹-</strong></span> <span class='ocrx_word' id='word_1_541' title='bbox 1478 5711 1518 5761; x_wconf 81' lang='lat'><strong>30.</strong></span> <span class='ocrx_word' id='word_1_542' title='bbox 1536 5715 1633 5772; x_wconf 80' lang='lat' dir='ltr'><strong>quauta</strong></span> 
     </span>
     <span class='ocr_line' id='line_1_50' title="bbox 311 5781 1630 5851; baseline -0.003 -14"><span class='ocrx_word' id='word_1_543' title='bbox 311 5784 615 5851; x_wconf 69' lang='lat' dir='ltr'><strong>quorsumnam.-</strong></span> <span class='ocrx_word' id='word_1_544' title='bbox 635 5781 863 5835; x_wconf 46' lang='lat' dir='ltr'><strong>adath*</strong></span> <span class='ocrx_word' id='word_1_545' title='bbox 882 5785 923 5836; x_wconf 79' lang='grc'><strong>34.</strong></span> <span class='ocrx_word' id='word_1_546' title='bbox 938 5784 1145 5850; x_wconf 67' lang='grc' dir='ltr'><strong>σαβαόιοιίεΡ-</strong></span> <span class='ocrx_word' id='word_1_547' title='bbox 1164 5784 1205 5837; x_wconf 78' lang='lat' dir='ltr'><strong>bt.</strong></span> <span class='ocrx_word' id='word_1_548' title='bbox 1220 5785 1387 5850; x_wconf 66' lang='lat' dir='ltr'><strong>pumat</strong></span> <span class='ocrx_word' id='word_1_549' title='bbox 1402 5785 1528 5837; x_wconf 79' lang='grc'><strong>(44444-</strong></span> <span class='ocrx_word' id='word_1_550' title='bbox 1547 5784 1630 5845; x_wconf 65' lang='lat' dir='ltr'><strong>dtis]</strong></span> 
     </span>
     <span class='ocr_line' id='line_1_51' title="bbox 311 5855 776 5923; baseline -0.011 -10"><span class='ocrx_word' id='word_1_551' title='bbox 311 5855 776 5923; x_wconf 59' lang='lat' dir='ltr'><strong>mut-emulantium.</strong></span> 
     </span>
    </p>
   </div>
   <div class='ocr_carea' id='block_1_4' title="bbox 0 0 1904 7348">
    <p class='ocr_par' dir='ltr' id='par_1_6' title="bbox 0 0 1904 7348">
     <span class='ocr_line' id='line_1_52' title="bbox 0 0 1904 7348; baseline 0 0"><span class='ocrx_word' id='word_1_552' title='bbox 0 0 1904 7348; x_wconf 95' lang='lat' dir='ltr'><strong> </strong></span> 
     </span>
    </p>
   </div>
  </div>
 </body>
</html>
