3800 7350
636 1186 709 1251 cn.
730 1184 1005 1250 xxiv-xxvi.
1032 1181 1079 1269 §t
1100 1182 1260 1251 aa-ca..
1518 1180 1595 1249 rost

280 1359 394 1422 veneni
416 1358 577 1421 celeritate
598 1355 704 1419 dicere
726 1354 881 1419 audebit?
903 1355 1015 1418 Nonne
1037 1354 1137 1437 ipsam
1153 1356 1280 1417 domum
1297 1360 1430 1428 metuet,
1451 1374 1492 1416 ne
1507 1374 1600 1438 quam

281 1472 391 1516 vocem
412 1450 540 1514 eliciat?
563 1468 627 1514 non
649 1450 785 1533 parietes
800 1450 963 1523 conscios,
984 1468 1050 1512 non
1071 1455 1196 1512 noctem
1219 1447 1305 1511 illam
1323 1446 1480 1512 funestam
1496 1467 1532 1511 ac
1555 1449 1602 1512 lu-

282 1555 423 1610 ctuosam
444 1543 684 1627 perhorrescet?
707 1544 770 1606 Sed
791 1550 930 1606 revertar
946 1542 986 1605 ad
1002 1544 1139 1604 crimen:
1161 1541 1216 1605 sed
1232 1541 1315 1603 enim
1330 1540 1408 1604 haec
1421 1540 1502 1605 facta
1515 1542 1602 1604 illius

281 1639 443 1703 clarissimi
475 1657 512 1700 ac
541 1636 701 1700 fortissimi
733 1637 792 1701 viri
823 1637 941 1700 mentio
971 1642 1003 1699 et
1024 1654 1134 1698 vocem
1156 1654 1257 1698 meam
1279 1636 1354 1699 fletu
1377 1634 1550 1698 debilitavit
1570 1641 1603 1697 et

282 1740 418 1796 mentem
441 1730 551 1794 dolore
572 1730 746 1814 impedivit.
1440 1760 1444 1776 ν
1614 1732 1629 1776 ⁵

364 1825 465 1888 XXV.
487 1819 539 1886 dl.
562 1824 624 1887 Sed
646 1832 750 1887 tamen
773 1843 929 1887 venenum
951 1824 1036 1888 unde
1057 1823 1167 1896 fuerit,
1190 1822 1340 1906 quemad
1363 1824 1490 1886 modum
1512 1841 1603 1909 para·

283 1927 349 1983 tum
370 1920 428 1993 sit,
451 1938 515 1982 non
536 1919 659 1981 dicitur.
695 1919 808 1980 Datum
831 1938 901 1981 esse
922 1919 1011 1982 aiunt
1032 1918 1106 1982 huic
1127 1919 1160 1980 P.
1183 1917 1320 1991 Licinio,
1342 1917 1474 2000 pudenti
1496 1916 1605 1980 adole·

282 2013 382 2077 scenti
403 2019 436 2076 et
456 2013 556 2087 bono,
579 2012 677 2074 Caelii
698 2010 859 2074 familiari:
883 2013 1086 2075 coustitutum
1108 2011 1225 2075 factum
1248 2029 1317 2074 esse
1339 2030 1411 2073 cum
1433 2012 1549 2086 servis,
1569 2019 1604 2075 ut

282 2108 427 2171 venirent
453 2107 494 2169 ad
522 2105 652 2168 balneas
680 2105 809 2180 Senias3
838 2105 948 2169 eodem
976 2107 1133 2170 Licinium
1162 2124 1233 2168 esse
1260 2111 1428 2170 venturum
1448 2112 1544 2188 atque
1565 2104 1604 2167 iis

282 2201 397 2265 veneni
420 2200 571 2284 pyxidem
592 2198 788 2262 traditurum.
824 2199 884 2261 llic
914 2199 1048 2282 primum
1070 2199 1148 2261 illud
1169 2198 1314 2283 requiro,
1346 2197 1422 2281 quid
1444 2198 1605 2262 attinuerit
1615 2204 1642 2249 ⁴⁰

282 2293 352 2358 lieri
382 2295 415 2356 in
444 2313 517 2356 eum
545 2292 650 2355 locum
673 2293 892 2365 constitutum,
921 2313 977 2356 cur
997 2291 1043 2356 illi
1066 2292 1146 2356 servi
1169 2311 1234 2354 uon
1256 2291 1296 2354 ad
1318 2291 1457 2355 Caelium
1478 2293 1605 2355 domum
1657 2362 1661 2373 ,

283 2387 436 2452 venerint.
469 2387 502 2449 Si
525 2386 671 2449 manebat
691 2393 778 2448 tanta
801 2386 855 2447 illa
869 2386 1067 2449 consuetudo
1083 2386 1198 2460 Caelii,
1220 2393 1307 2449 tanta
1324 2383 1518 2450 familiaritas
1534 2407 1605 2449 cunr

285 2480 410 2555 Clodia,
439 2479 516 2564 quid
544 2480 734 2564 suspicionis
761 2489 861 2554 esset,
890 2481 916 2543 si
946 2481 1031 2563 apud
1054 2479 1194 2543 Caelium
1227 2479 1367 2542 mulieris
1389 2499 1498 2543 servus
1519 2481 1607 2544 visus

285 2577 390 2638 essetf
423 2576 472 2639 sin
501 2582 604 2637 autem
634 2574 779 2636 iamiam
802 2574 928 2637 suberat
949 2574 1105 2649 simultas,
1136 2575 1290 2638 exstincta
1311 2582 1378 2637 crat
1399 2574 1606 2649 consuetudo,

285 2667 453 2746 discidium
486 2668 666 2740 exstiterat,
697 2665 770 2730 hinc
802 2668 876 2730 illae
908 2668 1056 2732 lacrimae
1088 2669 1236 2731 nimirum
1268 2675 1300 2731 et
1327 2668 1407 2732 haec
1437 2687 1531 2732 causa
1560 2674 1644 2732 est⁴³

285 2761 426 2826 omnium
454 2761 568 2825 horum
593 2760 748 2824 scelerum
776 2770 871 2845 atque
893 2762 1070 2825 criminum.
1092 2795 1135 2807 -—
1164 2758 1216 2824 62.
1238 2762 1354 2836 lmmo,
1383 2762 1502 2845 inquit,
1534 2782 1607 2825 cum

286 2857 368 2920 servi
389 2855 431 2918 ad
454 2855 613 2918 dominam
635 2874 702 2917 rem
723 2855 815 2918 istam
838 2862 870 2919 et
891 2854 1079 2919 maleficium
1095 2855 1193 2919 Caelii
1208 2854 1410 2929 detulissent,
1432 2855 1546 2918 mulier
1559 2857 1609 2919 in·

285 2949 416 3032 geniosa
436 2949 599 3033 praecepit
613 2950 696 3022 suis,
718 2949 823 3012 omnia
836 2949 943 3013 Caelio
957 2949 1200 3032 pollicerentur;
1222 2950 1279 3012 sed
1294 2956 1329 3012 ut
1342 2967 1516 3024 venenum,
1538 2969 1608 3012 cum

285 3044 439 3107 aLicinio
459 3044 650 3118 traderetur,
672 3042 839 3106 manifesto
853 3043 1078 3126 comprehendi
1096 3050 1213 3125 posset,
1236 3043 1382 3106 constitui
1399 3043 1503 3105 locum
1517 3042 1610 3105 iussit

285 3137 415 3201 balneas
430 3137 566 3218 Senias,
596 3145 691 3200 uteo
713 3136 852 3200 mitteret
873 3138 1006 3212 amicos,
1035 3138 1091 3220 qni
1113 3136 1343 3210 delitiscerent,
1373 3135 1446 3200 dein
1468 3143 1648 3219 repentes

286 3250 357 3295 cum
370 3231 509 3294 venisset
530 3231 670 3294 Licinius
686 3250 906 3315 venenumque
920 3231 1072 3305 traderet,
1091 3231 1275 3314 prosilirent
1286 3229 1511 3313 hominemque
1526 3250 1611 3294 com·

287 3322 530 3407 prehenderent.
544 3358 587 3371 —
609 3324 723 3387 XXVI.
747 3324 837 3399 Quae
860 3323 989 3408 quidem
1011 3325 1133 3398 omnia,
1154 3324 1290 3399 iudices,
1314 3322 1495 3408 perfacilem
1516 3326 1611 3388 ratio·

286 3437 359 3479 nem
380 3415 500 3480 habent
520 3416 783 3502 reprehendendi.
818 3417 880 3480 Cur
901 3418 985 3480 eninr
1007 3418 1207 3501 potissimum
1229 3418 1359 3481 balneas
1378 3416 1522 3499 publicas
1536 3438 1612 3481 con·

288 3512 456 3575 stitueratl
488 3512 521 3574 in
549 3510 664 3595 quibus
695 3529 760 3574 non
788 3510 917 3573 invenio
946 3531 1029 3595 quae
1059 3511 1179 3574 latebra
1199 3511 1315 3595 togatis
1336 3510 1519 3575 hominibus
1540 3531 1611 3576 esse
1707 3562 1709 3564 -

287 3611 405 3690 posset.
436 3606 516 3667 Nam
538 3605 564 3667 si
586 3611 693 3667 essent
713 3604 747 3665 in
768 3603 925 3667 vestibulo
946 3605 1148 3680 balnearum,
1178 3625 1242 3669 non
1270 3606 1420 3669 laterentt
1448 3605 1498 3668 sin
1520 3625 1555 3669 se
1576 3606 1649 3669 inat

288 3698 434 3761 intimum
455 3699 612 3762 coniicere
634 3698 768 3772 vellent,
790 3717 849 3760 nec
870 3698 947 3761 satis
969 3698 1134 3763 commode
1152 3700 1281 3764 calceati
1295 3707 1327 3763 et
1341 3699 1446 3764 vestiti
1460 3700 1494 3763 id
1507 3699 1611 3764 facere

288 3799 435 3874 possent,
457 3799 490 3854 et
509 3790 645 3855 fortasse
665 3810 732 3854 non
751 3792 986 3874 reciperentur,
1009 3793 1070 3856 nisi
1090 3793 1171 3857 forte
1193 3793 1308 3857 mulier
1324 3800 1438 3878 potens
1453 3795 1613 3878 quadran·

289 3885 368 3949 laria
388 3885 443 3948 illa
464 3886 695 3968 permutatione
716 3885 881 3949 familiaris
901 3884 986 3951 facta
1006 3894 1074 3951 erat
1093 3886 1279 3950 balneatori.
1322 3884 1374 3950 63.
1398 3888 1500 3968 Atque
1522 3888 1612 3971 eqni-

289 3976 363 4040 dem
384 3978 588 4042 vehementer
608 3980 846 4062 exspectabam,
872 3981 1003 4064 quinam
1024 3981 1077 4044 isti
1098 3980 1159 4043 viri
1179 3980 1255 4043 boni
1276 3986 1375 4044 testes
1395 3979 1491 4044 huius
1513 3981 1612 4045 mani-

288 4070 371 4134 festo
394 4070 583 4154 deprehensi
597 4073 712 4136 veneni
735 4073 928 4149 dicerentur3
952 4075 1032 4137 nulli
1048 4074 1132 4138 enirn
1147 4081 1222 4137 eunt
1237 4071 1339 4137 adhuc
1353 4073 1516 4137 nominati.
1549 4073 1611 4137 Sed
1621 4082 1650 4132 eo

290 4183 355 4227 non
376 4162 488 4228 dubito
502 4165 581 4250 quin
603 4166 667 4229 sint
687 4185 872 4249 pergraves,
896 4168 952 4251 qni
967 4168 1101 4250 primunr
1118 4167 1181 4230 sint
1194 4167 1266 4231 talis
1280 4166 1417 4231 feminae
1431 4167 1613 4244 familiares,

292 4256 407 4322 deinde
429 4277 499 4321 eam
520 4260 712 4342 provinciam
735 4262 944 4344 susceperint,
965 4263 1055 4325 utin
1075 4260 1204 4325 balneas
1226 4262 1503 4326 contruderentur:
1526 4264 1613 4347 quod

290 4352 362 4427 illa,
390 4352 451 4415 nisi
478 4372 497 4415 a
526 4352 603 4415 viris
624 4352 855 4418 honestissimis
877 4373 914 4418 ac
935 4355 1129 4438 plenissimis
1150 4354 1329 4437 dignitatis,
1357 4373 1453 4439 quam
1475 4357 1552 4421 velit
1573 4357 1614 4421 sit

290 4453 423 4527 potens,
445 4465 616 4529 numquam
638 4447 878 4530 impetravisset
913 4448 977 4513 Sed
998 4448 1075 4533 quid
1097 4468 1157 4532 ego
1181 4448 1220 4512 de
1242 4449 1393 4532 dignitate
1414 4451 1545 4514 istorum
1568 4457 1615 4514 te·

293 4538 387 4601 stium
408 4536 546 4622 loquorl
567 4538 712 4603 virtutem
734 4561 841 4605 eorum
857 4541 1116 4628 diligentiamque
1138 4543 1331 4628 cognoscite.
1362 4545 1400 4607 In
1420 4544 1545 4609 balneis
1559 4544 1652 4609 dedo

360 4831 383 4878 t.
401 4841 483 4879 conoe
499 4828 536 4878 c:
554 4841 605 4877 ooo
621 4828 641 4878 0
658 4841 720 4880 cum
731 4831 880 4882 Garatouio.
903 4831 941 4883 Cf.
960 4845 1041 4898 supra
1058 4833 1091 4886 ad
1107 4832 1216 4900 §db-
1234 4835 1359 4887 artent
1374 4831 1417 4897 P¹3
1435 4838 1519 4890 aaa
1534 4836 1614 4892 codd.

294 4901 393 4966 aliquot
409 4901 566 4953 deteriores.
590 4900 629 4952 Cf.
648 4904 734 4953 Garat.
753 4903 832 4954 adh.
850 4903 867 4955 l.
887 4931 916 4942 -
934 4907 1005 4957 idern
1021 4910 1052 4959 s:
1071 4911 1150 4960 dium
1165 4910 1243 4961 PEG
1261 4935 1288 4946 -
1306 4911 1431 4974 Man
1447 4926 1501 4964 om.
1519 4915 1570 4966 EG
1586 4938 1613 4952 ·-

294 4979 318 5030 ³.
336 4984 372 5030 ret
387 4979 406 5028 P
424 5004 452 5015 -
476 4977 565 5029 etenim
586 4989 668 5043 prave
689 4980 832 5037 Gruterus;
855 4983 898 5031 sed
916 4984 994 5045 enon,
1019 4984 1044 5034 in
1062 4997 1116 5048 quo
1133 4981 1283 5049 complures
1301 4984 1416 5036 editores
1433 4988 1526 5042 offensi
1543 4995 1614 5054 sunt,

294 5056 336 5104 est
351 5055 471 5105 nostnrm
489 5051 564 5103 vaber
585 5053 706 5116 halatu,
727 5055 804 5106 cuius
818 5054 877 5107 loco
894 5060 984 5108 orator
1000 5060 1079 5109 etiam
1097 5073 1251 5123 meracum
1265 5057 1309 5109 vel
1325 5061 1370 5111 etet
1385 5062 1504 5115 scribere
1522 5068 1614 5128 potnit.

296 5127 457 5178 -bos'orvt
480 5127 537 5177 bote
561 5127 719 5191 bladrtgius:
745 5130 939 5193 nivethae&
966 5133 1190 5184 tocctmto-
1213 5132 1613 5200 anaor-maman-

293 5201 1253 5271 8.oacltl’‚ltemv.l2ett7.-t0.odtiouerttP-lt.fleric:
1278 5207 1617 5274 tlalamo-thae-

293 5277 483 5328 nomeno-
503 5277 1023 5340 toctcfomtticrituscamctodiol’lill:
1041 5274 1613 5347 melodistontoquclomiliorftaaso-

294 5351 575 5415 ta.mpotono1>-
600 5347 640 5404 ll.
659 5353 1029 5406 cethem--eatoerase-
1054 5358 1094 5407 to.
1113 5357 1277 5408 10⁶2me
1296 5383 1324 5394 -
1342 5360 1383 5411 ld.
1401 5362 1617 5414 monam

294 5427 946 5481 c=tonmmmtun0-tt.rmtaam1³¹-
966 5430 1165 5482 lammae:
1188 5432 1614 5501 stmmtloO-ecdatlilils:

293 5502 415 5563 sedPG;
432 5502 573 5553 etstL-
591 5500 849 5555 soaammoe:
866 5505 1267 5557 cimmo-roseros:
1286 5507 1506 5574 mmo-
1523 5512 1618 5563 bloc-

293 5590 433 5640 aramque
448 5576 507 5628 cod.
525 5576 662 5628 Leidensis
679 5577 707 5628 et
722 5579 753 5628 L:
777 5592 898 5631 mecum
914 5581 1031 5640 PE803
1054 5584 1258 5632 atmcamnd
1281 5608 1310 5620 ·-
1330 5584 1372 5636 23.
1390 5585 1619 5650 mammaeae

292 5652 685 5716 pottmtncuruocoutracodd.
706 5655 1614 5720 -couoateresc-ao.pomtc:poutt0-ao.cotcerel>o.

296 5727 336 5780 Cl.
353 5727 462 5778 hacbm.
481 5727 614 5779 comunt.
630 5727 658 5778 ts
673 5727 771 5779 haeret.
789 5741 816 5793 p.
834 5728 891 5779 tau.
912 5755 939 5766 ·-
957 5729 1058 5780 coldott
1074 5733 1096 5781 G
1114 5757 1142 5768 -
1159 5731 1200 5783 η
1218 5735 1371 5797 vestm
1386 5736 1435 5787 PG
1452 5762 1480 5773 -
1498 5737 1540 5790 28.
1554 5751 1618 5803 per·

295 5804 1617 5875 meamea-emutommqasaemno-to.eepsctaounr-at.qaoutte-tatt

297 5879 542 5945 ti-socms'aocl’
560 5905 588 5920 -
605 5879 780 5933 aanor.
