3800 7350
729 1212 803 1279 cn».
824 1212 959 1276 1v-v.
986 1209 1032 1295 §s
1054 1208 1181 1275 7-u.
1531 1196 1607 1267 test

297 1386 487 1449 convincas?
515 1402 556 1445 an
578 1382 803 1466 chirographo?
834 1382 866 1444 in
889 1402 953 1466 qno
974 1381 1071 1446 babes
1092 1381 1257 1445 scientiam
1278 1386 1511 1464 quaestuosum.
1550 1375 1622 1452 Qui.

297 1480 424 1562 possis?
447 1484 520 1539 sunt
540 1476 624 1539 enirn
648 1475 764 1538 librarii
788 1495 898 1539 monn.
929 1477 996 1540 lam
1010 1476 1137 1539 invideo
1152 1477 1301 1558 magistro
1316 1482 1388 1547 tuo,
1410 1472 1465 1557 qui
1482 1479 1512 1533 te
1527 1477 1613 1533 tanta

296 1570 454 1642 mercede,
477 1577 624 1651 quantam
647 1569 709 1632 iam
732 1568 898 1651 proteram,
921 1570 1001 1633 nibil
1022 1589 1132 1652 sapere
1154 1570 1273 1632 doceat.
1310 1564 1341 1629 9.
1357 1566 1441 1643 Quid
1463 1565 1548 1628 enim
1566 1569 1614 1627 est

297 1666 400 1728 minus
421 1682 486 1725 non
506 1661 576 1726 dico
598 1663 743 1736 oratoris,
765 1664 821 1726 sed
839 1662 987 1737 bominis,
1010 1682 1104 1747 quam
1119 1661 1150 1725 id
1167 1661 1302 1726 obiicere
1316 1660 1505 1732 adversario,
1527 1655 1613 1741 quod

296 1758 348 1820 ille
373 1757 399 1819 si
421 1755 517 1818 verbo
540 1758 677 1838 negarit,
701 1756 827 1838 longius
849 1758 996 1839 progredi
1018 1777 1082 1819 non
1105 1756 1207 1840 possit
1221 1756 1275 1839 qui
1298 1755 1473 1818 obieceritt
1495 1753 1535 1815 st
1555 1762 1637 1833 eget

296 1872 359 1914 non
386 1870 482 1932 nego,
511 1857 607 1932 teque
635 1851 668 1911 in
696 1851 757 1913 isto
786 1850 856 1932 ipso
879 1851 1035 1913 convinco
1063 1869 1127 1912 non
1149 1848 1386 1912 inhumanitatis
1406 1848 1525 1921 solum,
1557 1843 1613 1909 sed

295 1946 389 2008 etiarn
415 1943 582 2007 amentiae.
626 1943 719 2018 Quod
749 1944 833 2006 enim
863 1944 993 2006 verbnm
1021 1944 1053 2008 in
1082 1943 1150 2006 istis
1180 1943 1291 2006 litteris
1320 1950 1458 2005 estnon
1485 1938 1615 2023 plenum

294 2038 514 2109 humanitatis,
537 2033 651 2111 oflicii,
671 2036 934 2101 benevolentiae?
963 2038 1064 2100 Omne
1086 2046 1189 2100 autem
1204 2036 1323 2099 crimen
1337 2043 1426 2099 tuum
1441 2042 1504 2108 est,
1528 2031 1615 2117 quod

296 2133 334 2196 de
357 2142 388 2196 te
410 2132 513 2194 iubis
543 2130 654 2193 litteris
683 2151 746 2192 non
776 2132 857 2193 male
886 2130 1080 2204 existimem,
1113 2130 1197 2214 quod
1226 2129 1360 2192 scribam
1389 2137 1547 2212 tamqnam
1575 2126 1614 2189 ad

295 2227 413 2299 civem,
437 2232 595 2307 tamquam
618 2223 657 2286 ad
679 2224 797 2286 bonnm
820 2225 935 2296 virum,
958 2245 1021 2287 non
1037 2230 1196 2307 tamquam
1211 2224 1251 2286 ad
1267 2223 1451 2287 sceleratum
1468 2231 1499 2286 et
1520 2223 1652 2286 latro-ro

297 2340 377 2382 nem.
411 2321 452 2381 tlt
473 2337 533 2401 ego
554 2325 624 2379 tuas
647 2317 782 2391 litteras,
805 2319 864 2381 etsi
885 2318 953 2380 iure
974 2326 1114 2399 poteram
1138 2325 1208 2380 ate
1231 2318 1409 2391 lacessitus,
1432 2324 1615 2379 tamennon

295 2413 470 2495 proferam:
501 2410 616 2494 quibus
646 2412 727 2493 petis
750 2419 785 2473 ut
804 2412 859 2474 tibi
885 2431 1012 2493 pernae
1034 2412 1127 2474 liceat
1149 2411 1306 2495 quendam
1329 2411 1368 2473 de
1390 2410 1502 2473 exsilio
1525 2410 1618 2472 redu·

295 2527 382 2579 cere,
404 2506 593 2586 adiurasque
616 2506 647 2568 id
671 2513 701 2568 te
724 2505 824 2568 invito
846 2526 896 2568 me
918 2525 983 2567 non
1005 2526 1076 2568 esse
1097 2505 1270 2578 iacturum,
1294 2504 1427 2589 idquea
1450 2524 1499 2566 me
1519 2503 1617 2585 impe-

294 2608 368 2662 tras.
403 2599 485 2673 Quid
509 2598 593 2660 enim
616 2618 666 2661 me
689 2599 923 2681 interponerem
945 2598 1096 2662 audaciae
1111 2609 1199 2673 tuae,
1222 2619 1316 2682 quam
1332 2617 1436 2682 neque
1450 2597 1617 2662 auctoritas

295 2692 388 2755 buius
411 2691 532 2754 ordinis
553 2712 658 2775 noque
681 2693 872 2755 existimatio
895 2692 1005 2775 populi
1020 2693 1154 2755 Romani
1169 2713 1273 2776 neque
1288 2693 1374 2775 leges
1388 2692 1472 2754 ullae
1487 2695 1655 2773 possessu

294 2788 464 2848 coerceret
510 2780 560 2848 l0.
584 2786 699 2848 Verum
722 2795 825 2848 tamen
849 2787 926 2870 quid
949 2795 1016 2849 erat
1038 2787 1123 2868 quod
1147 2807 1197 2849 me
1219 2806 1363 2869 rogares,
1386 2785 1413 2848 si
1428 2793 1496 2848 crat
1511 2784 1555 2857 is,
1577 2782 1617 2844 de

294 2898 357 2961 quo
381 2878 531 2961 rogabas,
555 2879 695 2942 Caesaris
719 2880 788 2960 lege
810 2879 981 2943 reductus?
1005 2879 1066 2943 Sed
1083 2882 1234 2944 videlicet
1254 2901 1355 2944 meam
1375 2879 1504 2962 gratiam
1520 2876 1619 2941 voluit

294 2991 381 3044 esse,
403 2971 437 3033 in
460 2991 524 3055 quo
548 2992 588 3035 ue
611 2973 711 3054 ipsius
735 2973 864 3055 quidem
886 2973 952 3036 ulla
973 2994 1043 3037 esse
1065 2983 1189 3057 poterat
1209 2976 1278 3058 lege
1301 2976 1373 3038 lata.

377 3067 414 3127 V.
438 3065 499 3127 Sed
520 3086 595 3132 cum
617 3067 711 3140 mibi,
736 3073 840 3149 patres
863 3068 1049 3149 conscripti,
1072 3077 1102 3130 et
1124 3090 1181 3150 pro
1204 3091 1254 3132 me
1268 3069 1388 3150 aliquid
1405 3069 1483 3131 etin
1498 3069 1539 3130 M.
1555 3068 1618 3128 An·

294 3160 415 3223 torrium
439 3159 537 3242 multa
559 3160 692 3222 dicenda
714 3162 792 3233 sint,
822 3160 956 3223 alterurn
986 3169 1099 3243 poton
1121 3162 1212 3225 vobis
1234 3171 1269 3224 ut
1291 3182 1340 3224 me
1363 3182 1419 3243 pro
1442 3182 1491 3222 me
1513 3161 1655 3223 dicen-eo

183 3252 184 3255 ’
294 3265 355 3318 tem
378 3253 531 3334 benigne,
554 3254 688 3315 alterum
712 3254 779 3335 ipse
803 3253 936 3316 efficiam
960 3264 1010 3326 ut,
1033 3262 1142 3318 contra
1163 3256 1251 3318 illum
1275 3276 1346 3318 curn
1362 3256 1478 3328 dicam,
1500 3261 1618 3317 attente

293 3347 437 3410 audiatis.
476 3346 574 3422 Simul
592 3347 675 3407 'illud
698 3367 773 3409 oro:
805 3348 832 3408 si
855 3367 956 3408 meam
980 3368 1050 3409 cum
1074 3348 1213 3410 inomni
1238 3350 1316 3421 vita,
1340 3357 1404 3410 tum
1428 3345 1618 3409 indicendo

294 3440 543 3505 moderationem
565 3440 816 3523 modestiamque
838 3442 1017 3522 cognostis,
1039 3462 1079 3504 ne
1102 3463 1151 3504 me
1175 3442 1279 3516 bodie,
1306 3463 1378 3505 cum
1399 3441 1469 3514 isti,
1491 3448 1525 3503 ut
1547 3459 1619 3522 pro·

293 3535 432 3608 vocavit,
462 3535 674 3616 respondero,
697 3533 830 3597 oblitum
853 3554 923 3596 esse
945 3535 1064 3615 putetis
1088 3537 1160 3598 mei.
1196 3538 1265 3598 Non
1288 3535 1427 3599 tractabo
1450 3542 1485 3597 ut
1505 3553 1620 3596 consu·

292 3630 370 3693 lem:
401 3647 442 3689 ne
469 3627 523 3690 ille
553 3627 679 3711 quidem
712 3647 762 3690 me
785 3634 820 3690 ut
842 3628 1050 3692 consularem.
1096 3629 1165 3692 Etsi
1194 3630 1248 3693 ille
1270 3629 1358 3693 nullo
1381 3629 1475 3692 modo
1498 3626 1657 3701 consules

293 3724 343 3787 vel
367 3724 453 3807 quod
482 3723 525 3784 ita
547 3724 624 3785 vivit
647 3723 695 3784 vel
719 3723 805 3805 quod
830 3723 874 3785 ita
895 3743 962 3785 rem
989 3724 1147 3805 publicam
1170 3726 1251 3807 gerit
1273 3725 1322 3787 vel
1345 3723 1430 3808 quod
1453 3725 1497 3786 ita
1518 3724 1618 3787 lactus

292 3826 355 3881 est:
386 3836 444 3898 ego
473 3815 541 3878 sine
568 3815 633 3879 ulla
663 3820 877 3879 controversia
905 3817 1091 3881 consularis.
1135 3814 1186 3880 ll.
1209 3819 1248 3882 Ut
1274 3820 1369 3901 igitur
1390 3815 1618 3899 intelligeretis,

293 3909 418 3993 qualem
446 3909 515 3991 ipse
545 3929 579 3971 se
609 3908 772 3971 consulem
804 3907 1016 3991 profiteretur,
1047 3911 1163 3975 obiecit
1184 3912 1260 3974 mibi
1283 3912 1480 3976 consulatum
1504 3930 1617 3973 meum.

293 4005 355 4080 Qui
379 4003 561 4067 consulatus
583 4003 679 4089 uerbo
701 4022 808 4076 meus,
832 4012 936 4085 patres
960 4005 1145 4088 conscripti,
1167 4025 1201 4067 re
1217 4014 1321 4069 vester
1335 4006 1404 4069 suit.
1434 4005 1518 4080 Quid
1534 4003 1616 4065 enim

293 4120 350 4181 ego
373 4097 536 4170 constitui,
558 4096 634 4179 quid
659 4097 758 4178 gessi,
781 4097 858 4180 quid
882 4097 931 4178 egi
955 4099 1015 4160 nisi
1039 4117 1079 4160 ex
1094 4097 1187 4162 buius
1202 4100 1320 4162 ordinis
1336 4099 1489 4173 consilio,
1512 4106 1654 4164 aucto-³⁰

293 4196 400 4266 ritate,
428 4191 606 4254 sententiat
636 4190 723 4252 Haec
753 4199 786 4251 tu
814 4191 910 4254 horno
941 4192 1085 4272 sapiens,
1115 4212 1177 4254 non
1201 4192 1303 4254 solum
1326 4193 1500 4276 eloquens,
1534 4192 1617 4274 apud

294 4309 361 4361 eos,
385 4304 518 4370 qnorum
542 4285 674 4347 consilio
694 4284 916 4367 sapientiaque
939 4293 1026 4367 gesta
1043 4293 1131 4359 sunt,
1154 4305 1250 4349 ausus
1266 4307 1300 4349 es
1315 4287 1515 4370 vituperaret
1539 4285 1618 4360 Quis

294 4389 399 4442 autem
421 4397 526 4440 meum
550 4378 748 4441 consulatum
769 4386 895 4460 praeter
916 4385 947 4441 te
969 4377 1179 4462 Publiumque
1203 4379 1362 4454 Clodium,
1385 4380 1440 4463 qui
1462 4380 1618 4462 vitupera·

358 4706 382 4754 4.
399 4704 527 4755 concuret
543 4704 564 4753 o
580 4727 606 4738 -
625 4704 833 4766 ciropropitia-
849 4705 995 4754 sertertium
1007 4706 1018 4754 4
1031 4731 1056 4740 -
1071 4703 1160 4767 qutob
1175 4732 1202 4741 -
1216 4706 1241 4754 2.
1257 4711 1360 4767 ponant
1370 4706 1468 4755 estruV
1483 4734 1509 4744 -
1527 4707 1617 4758 44444ωῆ

294 4783 327 4839 V,
344 4780 423 4830 libero
439 4780 461 4828 D
480 4803 508 4814 -
528 4777 552 4827 3.
570 4783 693 4840 mutem
708 4779 787 4828 orion
800 4779 915 4841 proferro
933 4778 954 4825 V
972 4804 999 4814 -
1018 4779 1105 4829 docent
1121 4779 1157 4827 V:
1178 4780 1260 4828 docuit
1276 4780 1343 4837 uo;
1367 4779 1401 4829 cl.
1419 4793 1459 4830 or.
1478 4782 1513 4841 li,
1532 4795 1556 4831 c.
1575 4783 1615 4832 47.

296 4883 322 4892 -
335 4854 631 4917 errimtuiruVlertVD:
649 4860 684 4904 est
700 4856 765 4905 endu
782 4856 837 4905 0-
861 4854 884 4906 l.
898 4855 993 4906 obicere
1008 4856 1057 4904 VD
1075 4855 1102 4902 et
1119 4855 1158 4903 sic
1175 4866 1290 4916 semper.
1306 4878 1334 4889 -
1352 4854 1496 4904 b.aereoV
1510 4881 1537 4890 -
1557 4856 1617 4906 bie

219 4965 225 4975 .
292 4931 345 4991 ipro
361 4931 407 4977 isto
424 4940 481 4990 g-
498 4929 644 4979 conciacum
660 4943 676 4978 a
690 4956 717 4968 —·
735 4930 794 4994 ooo]
811 4931 911 4980 nomine
927 4929 1012 4992 bg-
1032 4929 1158 4977 rotaturn
1169 4928 1331 4977 immtatis
1346 4940 1400 4978 om.
1413 4930 1435 4980 D
1449 4955 1476 4965 -
1495 4931 1519 4982 8.
1532 4931 1619 4994 ommis

292 5008 353 5056 V·
373 5003 616 5055 bmtootenttoeVD
635 5007 661 5055 et
677 5006 717 5056 sic
734 5018 891 5070 semper.-
910 5005 1091 5055 tumeriense
1108 5006 1118 5052 t
1136 5028 1163 5037 -
1183 5008 1236 5052 estu
1252 5003 1318 5064 quod
1334 5003 1373 5052 det
1389 5004 1534 5053 4444444-
1552 5007 1618 5067 quood

292 5084 330 5132 bis
344 5081 432 5131 titteris
447 5078 482 5129 de*
491 5092 542 5128 noo
557 5079 623 5129 mole
638 5081 756 5129 erirttrnc
772 5092 788 5129 e
807 5106 834 5116 -
854 5080 878 5129 9.
896 5080 928 5129 its
943 5082 955 5129 t
972 5105 999 5114 -
1018 5077 1153 5128 sedebam
1169 5078 1200 5137 V,
1219 5078 1248 5125 ut
1264 5077 1381 5128 Muretus
1399 5078 1490 5130 edidit.
1505 5106 1531 5116 -
1551 5085 1617 5131 tom·

293 5169 369 5219 quom
386 5152 636 5205 uddomomb-
658 5153 728 5202 t0.c
744 5153 908 5204 4044444444-
926 5156 961 5203 od
977 5151 1295 5215 &Merv-itata]
1312 5155 1402 5203 ett-
1423 5153 1463 5203 44.
1480 5155 1616 5206 eeitioVD

294 5233 321 5280 et
339 5232 378 5280 sic
394 5241 502 5292 semper
515 5254 543 5264 -
560 5228 694 5277 redducere
709 5228 814 5277 odiorcr
831 5228 891 5290 quid
906 5233 929 5278 et
944 5228 1056 5277 44444404
1070 5254 1096 5262 -
1115 5227 1156 5276 43.
1169 5227 1279 5289 inpetres
1290 5240 1320 5284 o;
1338 5229 1477 5290 impetrasti
1488 5228 1615 5285 Wesenb.

297 5333 322 5342 —
344 5304 382 5356 44.
401 5317 479 5366 pacm
498 5303 533 5352 V:
561 5315 633 5364 qoem
653 5303 705 5352 Do
728 5329 755 5338 -
783 5304 823 5352 444.
837 5308 941 5365 possunt
957 5316 973 5366 g
999 5329 1026 5337 —
1055 5303 1095 5352 iti.
1113 5302 1241 5351 cohercere
1256 5305 1293 5365 gt
1311 5328 1338 5338 —
1356 5308 1519 5353 ommtornen
1535 5306 1570 5367 gt
1587 5330 1615 5340 -

294 5381 334 5429 44.
353 5390 402 5428 erae
417 5377 495 5427 ootait
511 5390 528 5441 g
543 5403 576 5414 -
595 5378 634 5426 48.
652 5377 724 5426 cuttu
740 5379 751 5427 4
769 5407 796 5414 -
812 5384 912 5441 poseat
928 5391 978 5428 esre
994 5380 1029 5427 at
1047 5404 1074 5414 -
1093 5378 1155 5426 dcto
1171 5379 1182 5426 t
1200 5404 1227 5413 -
1249 5379 1287 5426 49.
1304 5392 1332 5440 p.
1350 5380 1456 5441 coum]
1473 5379 1532 5429 rac
1547 5379 1569 5426 V
1587 5406 1614 5414 ω

294 5454 384 5514 duait
399 5452 421 5501 V
438 5477 466 5487 —
486 5453 526 5502 20.
545 5459 602 5502 suat
618 5454 655 5501 at
674 5480 699 5489 -
718 5455 791 5503 acuis
806 5454 829 5501 V
846 5479 873 5490 -
892 5466 932 5502 rue
948 5455 1009 5516 post
1024 5456 1053 5500 ut
1069 5465 1193 5502 oms·
1212 5453 1253 5502 34.
1271 5452 1370 5515 benigni
1386 5467 1401 5503 a
1420 5480 1448 5491 -
1466 5454 1507 5503 23.
1525 5467 1618 5518 coqne-

293 5528 360 5575 sottir
376 5539 390 5575 o
409 5551 436 5561 -
455 5524 497 5576 34.
514 5527 711 5589 responderoV:
729 5528 863 5589 respondeo
881 5530 903 5586 t;
921 5525 1070 5588 mspmdebo
1087 5524 1196 5590 abg-
1214 5541 1265 5578 nou
1280 5527 1439 5578 moaoctobo
1456 5531 1510 5576 t-
1530 5530 1619 5579 ticet

295 5603 328 5650 V:
347 5606 383 5651 est
398 5601 483 5649 consu
498 5601 520 5651 D
537 5628 571 5638 -
586 5602 756 5665 iutcdeqeretia
772 5603 820 5651 Va
838 5602 873 5663 (et
890 5604 929 5654 sic
946 5603 989 5650 Vt
1009 5614 1129 5665 semper,
1148 5602 1222 5664 quod
1238 5615 1291 5653 non
1309 5604 1362 5653 iam
1379 5602 1552 5664 notabimus),
1576 5605 1618 5653 ts·

294 5675 459 5738 telteqeritirt
479 5701 504 5710 -
523 5676 565 5727 28.
582 5689 608 5726 re
624 5689 705 5726 oms
726 5703 753 5713 —
772 5678 894 5728 consuti)
914 5704 940 5712 —
959 5679 1090 5740 propretor
1106 5675 1175 5740 abg
1192 5702 1219 5712 -
1238 5677 1280 5728 29.
1297 5678 1381 5743 aerbo]
1399 5693 1444 5729 uer
1459 5677 1505 5737 V¹;
1524 5680 1617 5730 ueroV

295 5764 363 5800 corr.
377 5751 392 5799 3
410 5762 446 5799 m.
461 5772 489 5784 -
508 5750 549 5800 34.
567 5752 732 5801 444444444444444
746 5779 771 5789 -
790 5753 885 5814 opotV
900 5779 924 5789 -
945 5752 986 5802 33.
998 5754 1135 5813 uittpercre
1145 5752 1176 5800 V¹
1189 5778 1216 5788 -
1235 5752 1480 5804 :recommonens
1495 5781 1518 5791 ··
1538 5768 1617 5816 prce

294 5831 332 5875 ter
348 5831 371 5874 te
386 5824 546 5888 Pubtimuqae
562 5826 673 5877 aedium
690 5829 717 5877 P.
735 5827 790 5877 itio.
809 5826 952 5879 Muellerus
969 5830 1003 5890 (in
1021 5825 1153 5891 philologo
1169 5828 1216 5889 444,
1234 5840 1261 5892 p.
1274 5828 1344 5891 ⁴863:
1359 5835 1463 5892 praeter
1479 5834 1502 5879 te
1520 5842 1553 5892 p.
1572 5835 1617 5880 cat

293 5899 400 5950 codun
416 5899 452 5959 V;
468 5913 510 5962 pr.
528 5905 551 5950 te
566 5905 590 5951 et
605 5901 632 5951 P.
649 5900 762 5952 deisrn
777 5901 906 5962 Muretus,
924 5907 1027 5965 praeter
1042 5902 1069 5955 P.
1088 5901 1200 5955 cedma
1215 5902 1276 5955 Do.
