3800 7350
682 1184 932 1252 cmx-xc.
960 1180 1177 1269 §sao-as.
1526 1180 1588 1249 osa

272 1358 440 1442 diligenter
458 1356 560 1420 factos
582 1356 783 1439 pollutosque
805 1376 875 1419 esse
897 1357 1028 1420 dicuntl
1050 1374 1121 1429 eos,
1144 1375 1276 1438 quorum
1298 1354 1361 1438 ipsi
1378 1355 1411 1418 di
1432 1356 1589 1424 immorta-

270 1452 318 1516 les
344 1458 439 1536 atque
466 1452 522 1515 illa
549 1452 648 1514 Mater
676 1449 770 1512 ldaea
798 1458 846 1523 te,
877 1456 924 1523 te,
955 1449 1010 1512 Cn.
1032 1448 1183 1522 Lentule,
1211 1450 1300 1512 cuius
1325 1448 1416 1512 abavi
1445 1454 1588 1517 manibus

270 1555 356 1610 esset
382 1554 527 1629 accepta,
555 1552 763 1626 spectatorem
792 1564 861 1606 esse
890 1543 1000 1606 voluit.
1037 1542 1130 1617 Quod
1158 1542 1247 1605 nitu
1268 1542 1439 1625 Megalesia
1460 1545 1515 1610 illo
1537 1548 1590 1611 die

270 1648 412 1724 spectare
438 1639 611 1712 voluisses,
641 1637 725 1701 haud
756 1638 822 1701 scio
851 1657 890 1698 ao
912 1638 1018 1700 vivere
1048 1636 1140 1698 nobis
1161 1644 1257 1718 atque
1278 1634 1328 1698 his
1350 1636 1389 1700 de
1411 1638 1506 1703 rebus
1528 1642 1590 1704 iam

270 1735 360 1817 queri
382 1734 502 1797 liceret
538 1733 594 1796 Vis
616 1732 700 1795 enim
723 1731 963 1794 innumerabilis
985 1730 1114 1793 incitata
1136 1749 1177 1792 ex
1199 1729 1345 1792 omnihus
1359 1731 1439 1795 vicis
1460 1734 1615 1799 collectae

270 1849 435 1894 servorum
455 1828 494 1892 ab
515 1827 577 1892 boc
592 1826 694 1889 aedile
716 1826 864 1908 religioso
886 1834 1015 1908 repente
1038 1847 1055 1887 e
1077 1823 1251 1886 fornicibus
1273 1824 1424 1908 ostiisque
1446 1828 1592 1891 omnibus

269 1922 303 1985 in
331 1942 479 1988 scaenam
510 1922 601 2004 signo
630 1922 703 1983 dato
731 1920 873 1982 immissa
901 1921 1022 2002 irrupit
1065 1920 1131 1982 Tua
1157 1926 1243 1992 tum,
1270 1924 1342 1993 tua,
1371 1919 1427 1983 Cn.
1448 1920 1592 1996 Lentule,

271 2014 382 2080 eadem
410 2016 509 2079 virtus
537 2013 615 2089 fuit,
645 2034 728 2098 quae
756 2014 790 2076 in
820 2014 941 2095 privato
965 2012 1124 2096 quondam
1146 2018 1199 2075 tuo
1221 2031 1356 2096 proavo:
1388 2018 1437 2088 te,
1468 2036 1593 2091 nomen,

271 2111 453 2194 imperium,
478 2128 605 2182 vocem,
633 2108 832 2191 adspectum,
864 2107 1014 2190 impetum
1037 2114 1124 2169 tuum
1146 2112 1233 2169 stans
1255 2114 1383 2170 senatus
1405 2111 1593 2194 equitesque

271 2204 405 2267 Romani
427 2211 459 2267 et
480 2223 590 2267 omncs
610 2202 687 2267 boni
711 2201 939 2286 sequebantur,
962 2222 1033 2265 cum
1055 2201 1109 2264 ille
1124 2220 1288 2265 servorum
1304 2200 1500 2267 eludentium
1515 2205 1633 2268 mul-so

271 2296 399 2362 titudini
427 2306 570 2361 4444444444
599 2297 817 2383 populumque
845 2296 1019 2359 Romanum
1043 2296 1183 2360 vinctum
1203 2296 1275 2377 ipso
1296 2315 1449 2364 consessu
1470 2304 1502 2361 et
1522 2319 1595 2362 con·

273 2391 414 2456 strictum
449 2392 636 2474 spectaculis
672 2400 767 2474 atque
803 2390 990 2472 impeditum
1028 2389 1120 2453 turba
1151 2396 1184 2452 et
1215 2388 1371 2471 anqustiis
1402 2391 1594 2455 tradidisset.

272 2482 323 2549 23.
345 2488 395 2548 An
420 2486 447 2549 si
473 2485 581 2550 ludius
607 2484 748 2549 constitit
777 2494 832 2549 aut
857 2486 974 2551 tibicen
1007 2482 1139 2569 repente
1168 2486 1321 2549 conticuit
1350 2491 1406 2549 sut
1433 2503 1513 2566 puer
1540 2484 1596 2546 ille

272 2581 425 2662 patrimus
454 2587 487 2643 et
512 2582 677 2644 matrimus
707 2580 733 2642 si
763 2586 885 2644 tensam
907 2602 972 2645 non
995 2581 1115 2655 tenuit,
1149 2582 1176 2644 si
1207 2580 1309 2643 lorum
1334 2577 1458 2650 omisit,
1490 2585 1547 2641 aut
1568 2577 1595 2641 si

272 2671 385 2737 aedilis
411 2672 509 2737 verbo
537 2683 592 2737 aut
619 2674 774 2756 simpuvio
803 2676 975 2749 aberravit,
1010 2674 1075 2737 ludi
1108 2681 1183 2737 sunt
1211 2695 1275 2736 non
1304 2676 1364 2737 rite
1390 2671 1464 2735 facti
1493 2690 1634 2755 caquesa

272 2772 376 2829 errata
402 2767 568 2849 expiantur
596 2777 628 2832 et
649 2776 771 2831 mentes
793 2768 925 2832 deorum
954 2768 1178 2831 immortalium
1201 2768 1347 2831 ludorum
1368 2766 1595 2829 instauratione

272 2861 455 2944 placantur:
488 2862 515 2925 si
548 2862 613 2926 ludi
645 2865 685 2926 ab
718 2863 838 2927 laetitia
869 2862 909 2924 ad
940 2869 1057 2925 metum
1089 2861 1238 2935 traducti,
1268 2861 1294 2925 si
1320 2880 1386 2925 non
1413 2859 1595 2933 intermissi,

273 2954 329 3019 sed
349 2956 503 3039 perempti
525 2963 620 3040 atque
643 2956 759 3020 sublati
779 2963 871 3029 sunt,
905 2956 933 3018 si
955 2956 1073 3019 civitati
1095 2955 1263 3018 universae
1284 2955 1404 3019 scelere
1426 2953 1510 3027 eius,
1539 2952 1596 3036 qui

271 3048 365 3113 ludos
397 3049 437 3111 ad
463 3049 581 3114 luctum
610 3050 755 3114 conferre
781 3050 899 3122 voluit,
929 3049 1121 3112 exstiterunt
1141 3048 1209 3112 dies
1230 3048 1278 3111 illi
1306 3067 1364 3131 pro
1385 3047 1474 3112 festis
1494 3066 1596 3132 paene

271 3141 406 3217 44444444,
440 3142 670 3219 dubitabimus,
705 3164 784 3227 quos
813 3144 867 3206 ills
895 3141 1038 3206 fremitus
1065 3142 1190 3205 nuntiet
1216 3141 1310 3205 ludos
1343 3162 1413 3207 esse
1434 3143 1633 3227 pollutostso

273 3232 325 3300 44.
346 3239 392 3300 Ae
413 3236 440 3302 si
462 3238 607 3302 volumus
630 3258 683 3312 ea,
711 3257 793 3322 quae
821 3237 860 3301 de
892 3255 1021 3320 quoquc
1043 3234 1104 3297 deo
1125 3234 1218 3298 nobis
1239 3234 1353 3299 tradita
1374 3244 1464 3310 sunt,
1492 3255 1597 3299 recor-

273 3330 360 3405 dari,
380 3330 462 3394 banc
483 3332 615 3395 Matrem
636 3350 798 3414 magnam,
827 3329 919 3393 cuius
941 3329 1008 3391 ludi
1031 3328 1155 3403 violati,
1183 3329 1313 3411 polluti,
1340 3348 1442 3411 paene
1463 3328 1504 3392 ad
1526 3348 1597 3392 cae-

274 3423 348 3488 dem
371 3431 404 3487 et
424 3424 465 3487 ad
486 3424 583 3488 funus
598 3425 731 3488 civitatis
746 3424 891 3487 conversi
911 3430 1002 3495 sunt,
1023 3421 1121 3496 hanc,
1142 3422 1287 3504 inquam,
1309 3422 1489 3505 accepimus
1503 3442 1597 3505 agros

274 3524 307 3581 et
327 3536 457 3580 nemora
478 3537 550 3581 cum
573 3518 711 3602 quodam
734 3518 867 3600 strepitu
888 3516 1081 3599 fremituque
1096 3534 1272 3600 peragrare.
1304 3516 1376 3578 XII.
1397 3514 1483 3579 Haec
1501 3516 1598 3598 im’tur

273 3610 381 3687 vobis,
401 3610 481 3674 baec
502 3612 621 3696 populo
643 3611 784 3674 Romano
807 3618 839 3672 et
860 3611 1014 3674 scelerum
1036 3609 1154 3672 indicia
1171 3609 1311 3672 ostendit
1331 3618 1363 3673 et
1383 3609 1634 3693 periculorumso

274 3707 364 3790 signa
393 3703 550 3789 patefecit
593 3708 671 3768 Nam
699 3705 775 3789 quid
805 3725 863 3787 ego
892 3705 932 3769 de
964 3705 1024 3768 illis
1053 3704 1136 3768 ludis
1157 3705 1287 3788 loquar,
1320 3724 1400 3788 quos
1422 3704 1455 3767 in
1478 3704 1596 3767 Palatio

273 3799 373 3863 nostri
395 3799 528 3863 maiores
551 3806 624 3862 ante
646 3799 800 3882 templum
821 3799 855 3861 in
876 3798 947 3881 ipso
962 3800 1070 3862 ldatris
1093 3818 1224 3881 maguae
1242 3806 1415 3880 conspectu
1432 3797 1597 3880 Megalesi-

273 3891 333 3956 bus
360 3887 429 3955 fieri
457 3892 673 3976 celebrarique
701 3892 884 3966 voluerunt,
914 3893 970 3976 qui
999 3899 1074 3956 sunt
1101 3912 1188 3957 more
1218 3893 1432 3975 institutisque
1459 3892 1595 3955 maxime

342 4228 367 4279 4.
384 4226 410 4277 44
431 4228 465 4278 P:
489 4226 562 4277 dito
587 4254 614 4264 —
638 4228 662 4276 2.
681 4228 758 4277 14444
777 4227 906 4277 Faernus:
931 4226 997 4276 4444
1019 4228 1049 4285 P,
1072 4226 1119 4276 deo
1139 4224 1223 4276 GEll
1245 4250 1272 4260 -
1294 4223 1369 4274 abaci
1385 4225 1426 4276 Fr.
1444 4224 1593 4276 Fabricius:

276 4303 408 4355 4444444441
427 4302 462 4364 (in
479 4304 499 4353 P
514 4303 525 4351 i
541 4303 582 4351 est
599 4301 624 4351 in
641 4304 750 4364 rasura).
774 4301 813 4352 ct.
832 4300 887 4352 Val.
907 4302 973 4350 ilex.
986 4301 1044 4360 Vll,
1063 4302 1088 4361 44,
1106 4301 1131 4350 2.
1149 4300 1217 4359 vili,
1236 4300 1276 4360 45,
1289 4299 1313 4350 3.
1329 4327 1355 4337 -
1374 4299 1398 4352 4.
1415 4300 1477 4350 boui
1492 4298 1593 4362 ΡθθΕς

275 4380 361 4430 44444)ι
373 4405 401 4415 -
414 4379 439 4428 s.
452 4389 545 4440 quaere
555 4379 587 4436 P;
606 4374 861 4438 4444444411444444444.
877 4401 905 4413 -
919 4375 1025 4425 incitato
1034 4374 1171 4438 glossatori
1182 4373 1275 4424 deberi
1285 4377 1434 4439 suspicatur
1444 4377 1594 4438 Ernestius;

276 4453 311 4505 cl.
328 4464 355 4518 p.
373 4451 431 4513 888,
444 4451 468 4502 4.
484 4479 510 4489 -
529 4453 554 4503 6.
573 4452 651 4502 444444
667 4453 694 4502 F.
706 4456 737 4503 Α.
749 4451 859 4503 Woltius
875 4449 944 4517 (coll.
958 4451 1077 4502 charisio
1091 4451 1151 4500 1444.
1165 4451 1278 4500 Gronau.
1290 4451 1310 4510 1,
1323 4451 1364 4510 ii,
1376 4451 1430 4513 ⁴81:
1448 4452 1524 4502 aedili
1534 4453 1554 4502 C
1564 4453 1594 4503 0.

277 4527 317 4579 Cl.
334 4540 362 4592 p.
379 4524 443 4588 eti,
461 4527 486 4576 9.
508 4554 534 4564 -
559 4540 651 4578 snos:
674 4539 728 4577 om.
747 4527 797 4578 c0
815 4553 842 4562 -
865 4526 889 4576 4.
907 4526 1071 4576 scoeoomP:
1097 4525 1231 4575 4444444440
1251 4551 1279 4560 -
1300 4525 1592 4589 444444444444444-

276 4602 442 4665 tamasim
457 4594 515 4651 Pu
528 4627 555 4636 -
574 4600 615 4651 40.
632 4599 918 4652 etudeotiemiilotzius:
936 4605 960 4650 et
975 4600 1154 4661 induitionem
1173 4606 1196 4651 st
1211 4600 1406 4651 4444444440-
1427 4602 1597 4652 liconiensis

276 4679 306 4727 P¹
321 4702 356 4714 -
370 4675 530 4727 4444444444
544 4675 572 4723 444
587 4676 731 4737 spectaculis
747 4675 796 4725 Gli
815 4701 842 4710 -
866 4674 906 4724 43.
925 4673 1056 4724 4444444444
1072 4675 1132 4726 adv.
1151 4677 1204 4725 nat.
1222 4675 1265 4736 144,
1283 4674 1328 4725 344
1354 4675 1383 4725 Si
1397 4676 1425 4725 444
1441 4677 1598 4726 maeoniis

274 4755 364 4802 4444444
383 4749 504 4812 rebarque
525 4749 615 4800 diuisis
632 4750 802 4814 partitionibus
823 4750 891 4800 iocus
905 4754 940 4800 est
956 4755 980 4800 44
998 4750 1105 4812 piaculis
1120 4751 1212 4800 44444444
1226 4754 1356 4800 4444444444
1376 4763 1427 4801 esse
1444 4752 1594 4812 4444444444,

276 4824 1596 4890 emmerammensisoamqoispiomoossimpooioessrrositouisimrmm

276 4898 431 4952 4444444444
445 4897 510 4949 ledis
525 4898 705 4961 44444444444444
720 4899 810 4948 diuisis
825 4898 982 4949 cornminus
997 4911 1081 4950 4444444
1095 4899 1178 4949 statim
1193 4899 1221 4949 444
1235 4899 1596 4964 44494444444444444444444,

276 4973 519 5026 ammonicius
534 4978 579 5024 4444
594 4972 682 5024 tibicen
696 4975 978 5036 repcotscosticuitcst
994 4974 1598 5037 44444444444444444444444444444444444444444

273 5048 510 5114 poeiffiwrsotiom
530 5047 1110 5111 44444444444444444444444444444444444444444.
1131 5075 1157 5087 -
1178 5044 1319 5099 ludiusP¹2
1340 5044 1594 5100 mammarii-

278 5123 529 5177 44444444444444444
545 5123 623 5174 44444444
637 5125 881 5188 intingustinus:
899 5125 921 5172 si
937 5129 1032 5174 44444444
1047 5138 1098 5174 oon
1113 5122 1458 5174 44444444444444444400-
1478 5124 1598 5175 4444444444

276 5197 519 5262 Posuimus&
546 5198 803 5252 444444444440-
823 5199 956 5258 omisitE;
983 5199 1169 5251 4444444444-
1198 5196 1450 5248 444.4444444441”-
1476 5198 1597 5260 4444444444

277 5271 424 5326 Arnobius:
440 5271 546 5335 4444444444
562 5271 603 5332 P¹;
621 5272 725 5324 4444444444
741 5275 785 5332 P¹;
801 5273 823 5322 si
839 5278 902 5323 4444444
918 5274 959 5332 444
985 5273 1090 5335 4444444444
1111 5273 1199 5323 GEO.
1222 5272 1261 5323 ct.
1280 5272 1378 5322 Nonius
1393 5273 1475 5323 14444.
1493 5284 1520 5336 p.
1538 5272 1596 5333 388,

277 5347 320 5400 st.
331 5346 390 5411 dli,
402 5347 444 5399 it.
457 5345 498 5398 30.
521 5345 617 5401 Plinius
633 5350 664 5398 N.
682 5349 713 5399 41.
732 5347 830 5399 XXXV.
849 5348 864 5412 S
881 5348 937 5406 453,
956 5347 1085 5399 luvenalis
1102 5348 1149 5408 Vi,
1162 5345 1210 5397 343
1226 5344 1317 5408 ibique
1333 5344 1420 5396 schol.
1432 5346 1530 5398 Arnob.
1541 5347 1596 5397 4144.

279 5436 304 5475 c.
321 5423 363 5475 88.
383 5447 411 5460 -
429 5428 583 5487 4444444444
599 5423 648 5474 Gli
667 5450 695 5458 —
715 5423 754 5473 44.
773 5423 852 5474 letitie
868 5427 887 5475 P
906 5451 933 5461 —
953 5423 1062 5473 traducti
1079 5422 1170 5473 PGE:
1189 5421 1298 5471 traducti
1314 5425 1371 5470 sassi
1386 5421 1479 5472 440-
1499 5422 1538 5472 48.
1556 5422 1598 5472 444

275 5496 399 5560 mil
414 5508 468 5548 om.
487 5498 537 5550 GE
554 5524 582 5535 -
602 5498 642 5549 te.
659 5514 707 5562 pro
722 5497 797 5562 festis]
809 5500 915 5562 profesti
932 5499 981 5548 GE
999 5523 1026 5532 -
1051 5498 1092 5548 to.
1110 5495 1279 5546 metuemus
1294 5496 1355 5556 PE;
1372 5495 1513 5548 4444444444
1529 5497 1549 5545 G
1568 5522 1595 5531 -

167 5592 172 5605 ·
277 5572 412 5624 4444444441)
429 5599 457 5611 -
475 5572 516 5625 86.
534 5575 662 5626 Asconius
679 5575 809 5626 Pedianus
825 5587 852 5639 p.
870 5574 911 5636 69,
930 5574 975 5623 so:
1000 5573 1068 5622 Nam
1083 5572 1145 5635 quid
1163 5584 1208 5636 epo
1224 5571 1254 5623 44
1271 5570 1400 5621 4414444444
1415 5571 1516 5634 bosor,
1538 5580 1600 5631 quos

277 5643 1490 5712 isPaiatiommimsimmomsieopiumilotrismoonaeioiesisbreriqremtsmnt?
1511 5642 1600 5704 44444444

275 5722 1365 5788 prmudiscoepoputtcooesamsousottoame.apicms11.cos.”
1383 5718 1599 5781 -444444444-

278 5797 398 5852 sisset:
415 5799 594 5864 1444444444
608 5797 770 5860 Pul-:lim
789 5812 843 5852 om.
855 5800 984 5852 Asconius
998 5800 1026 5849 et
1042 5796 1186 5850 delendum
1202 5799 1363 5850 censuerunt
1378 5795 1505 5855 iinretus,
1523 5793 1599 5842 tarn

278 5872 374 5937 bians,
393 5872 539 5928 muamus.
559 5901 587 5914 -
605 5874 646 5928 48.
664 5873 850 5938 cosmetae
864 5875 884 5925 P
898 5899 925 5912 —
943 5873 1096 5936 4444444444
1111 5875 1150 5924 P¹.
