3800 7350
332 1188 414 1256 iiiii
670 1193 820 1259 ORATIO
842 1195 920 1260 PRO
942 1198 979 1259 T.
998 1196 1124 1261 inuio
1145 1197 1300 1262 MILONE

331 1362 450 1427 cunctis
472 1361 632 1427 ordinibus
653 1363 835 1447 amplissimi
857 1364 914 1428 riri
935 1364 1126 1439 iudicarent,
1154 1386 1325 1448 numquam
1354 1365 1530 1429 existimavi
1552 1383 1645 1450 spem

329 1458 426 1521 ullam
448 1477 517 1521 esse
538 1457 699 1520 habituros
721 1457 846 1521 Milonis
868 1458 1011 1521 inimicos
1033 1459 1074 1523 ad
1096 1461 1163 1523 eius
1184 1479 1248 1523 non
1267 1459 1361 1523 modo
1376 1459 1506 1523 salutem
1522 1461 1647 1524 exstin-

328 1551 501 1633 guandm,
529 1551 584 1614 sed
614 1551 707 1614 etiam
738 1552 868 1634 gloriam
895 1571 952 1634 per
983 1551 1062 1615 tales
1083 1552 1167 1615 viros
1189 1552 1428 1635 infringendam.
1471 1553 1501 1616 6.
1524 1553 1647 1629 Quam-

328 1665 422 1727 quam
445 1646 477 1709 in
498 1644 557 1708 bac
577 1665 689 1719 causa,
719 1644 855 1717 iudices,
886 1646 920 1707 T.
943 1646 1038 1707 Annii
1061 1645 1218 1708 tribunatu
1239 1646 1395 1729 rebusque
1417 1648 1563 1711 omnibus
1583 1666 1646 1732 pro

308 1739 426 1801 ssalute
448 1741 494 1803 rei
522 1738 667 1823 publicae
688 1739 784 1820 gestis
804 1737 845 1801 ad
865 1738 961 1801 buius
982 1737 1121 1800 criminis
1144 1738 1358 1802 detonsionem
1379 1759 1445 1802 non
1465 1741 1646 1805 abutamur.

325 1832 394 1895 Nisi
414 1833 513 1896 oculis
534 1832 676 1896 videritis
697 1832 826 1894 insidias
848 1832 959 1895 Miloni
980 1850 999 1894 a
1022 1830 1131 1895 Clodio
1152 1830 1268 1906 tactas,
1290 1851 1348 1894 nec
1369 1832 1565 1915 deprecaturi
1589 1854 1645 1897 su·

326 1945 412 2001 mus,
444 1934 481 1989 ut
510 1926 627 1990 crimen
655 1924 716 1988 boc
742 1925 832 1988 nobis
861 1933 991 2009 propter
1019 1924 1117 1986 multa
1145 1925 1306 2008 praeclara
1333 1926 1366 1988 in
1387 1945 1452 1990 rem
1481 1928 1643 2011 publicam

325 2020 437 2083 merita
465 2020 664 2093 condonetis,
691 2037 750 2081 nec
779 2019 983 2102 postulaturi,
1013 2026 1063 2092 ut,
1092 2018 1117 2080 si
1146 2038 1229 2082 mors
1251 2020 1283 2082 P.
1307 2019 1409 2083 Clodii
1430 2021 1513 2085 salus
1535 2020 1645 2086 restra

323 2110 435 2189 fuerit,
457 2113 573 2176 idcirco
595 2131 663 2175 eam
685 2112 790 2175 uirtuti
814 2112 938 2176 Milonis
965 2112 1072 2196 potius
1095 2131 1190 2193 quam
1212 2112 1322 2195 populi
1344 2114 1477 2177 itomani
1497 2112 1642 2178 felicitati

286 2222 315 2266 to
323 2206 501 2289 assignetis.
535 2206 597 2269 Sed
618 2205 646 2267 si
667 2204 752 2267 illius
773 2201 908 2269 insidiae
923 2205 1070 2269 clariores
1092 2203 1151 2269 bac
1172 2205 1243 2268 luce
1264 2204 1398 2281 tuerint,
1421 2215 1487 2270 tum
1501 2208 1642 2289 denique

324 2300 494 2365 obsecrabo
523 2297 766 2379 obtestaborque
795 2318 871 2373 ros,
897 2297 1034 2373 iudices,
1065 2298 1091 2361 si
1113 2305 1217 2361 cetera
1238 2299 1415 2373 amisimus,
1443 2300 1505 2364 boc
1526 2300 1640 2364 saltem

322 2395 413 2458 nobis
441 2401 477 2458 ut
503 2392 714 2476 relinquatur,
744 2390 782 2455 sb
809 2391 1006 2456 inimicorum
1028 2390 1161 2455 audacia
1181 2392 1317 2474 telisque
1338 2394 1433 2455 vitam
1453 2403 1488 2458 ut
1508 2395 1640 2476 impune

321 2487 413 2551 liceat
433 2485 612 2551 detondere.

405 2581 459 2643 ΠΙ.
481 2577 511 2643 7.
534 2577 596 2642 Sed
624 2585 792 2661 antequam
821 2579 862 2642 ad
891 2600 960 2644 eam
991 2580 1163 2644 orationem
1188 2580 1295 2654 venio,
1324 2598 1406 2664 quae
1434 2588 1481 2643 est
1509 2579 1642 2662 propria

284 2683 441 2740 etvestrae
472 2671 682 2756 quaestionis,
711 2670 859 2735 ridentur
888 2693 925 2736 ea
955 2693 1024 2736 esse
1047 2671 1224 2746 refutanda,
1255 2692 1335 2756 quae
1358 2673 1443 2735 etin
1464 2680 1575 2735 senato
1598 2670 1654 2734 ab.

320 2769 457 2833 inimicis
479 2785 573 2849 saepe
593 2764 707 2828 iactata
728 2774 803 2829 sunt
823 2775 855 2829 et
875 2768 908 2830 in
930 2765 1077 2831 contione
1098 2766 1137 2829 ab
1159 2766 1311 2847 improbis
1334 2774 1366 2828 et
1386 2766 1481 2847 paulo
1502 2773 1576 2828 ante
1598 2764 1639 2828 ab

320 2860 571 2934 accusatoribus,
598 2865 635 2922 ut
655 2860 741 2922 omni
769 2880 874 2924 erroro
895 2860 1019 2923 sublato
1041 2879 1108 2922 rem
1129 2859 1240 2942 plane,
1270 2878 1353 2943 quae
1374 2860 1479 2923 veniat
1499 2860 1533 2921 in
1554 2857 1640 2921 iudi-

320 2956 418 3032 cium,
440 2954 547 3019 videre
568 2953 707 3037 possitis.
739 2955 861 3037 Negant
882 2953 997 3017 intueri
1020 2953 1122 3016 lucem
1143 2972 1212 3016 esse
1233 2951 1280 3016 ias
1295 2954 1341 3026 ei,
1364 2954 1417 3037 qui
1439 2973 1458 3016 a
1480 2974 1514 3017 sa
1534 2952 1638 3016 bomi-

318 3069 391 3113 nem
414 3046 554 3111 occisum
574 3066 643 3110 esse
664 3046 807 3109 fateatur.
837 3048 874 3109 ln
896 3067 960 3129 qua
981 3045 1108 3109 tandem
1128 3046 1205 3109 urbe
1223 3046 1284 3110 boc
1298 3046 1444 3110 homines
1459 3044 1637 3110 stultissimi

281 3142 503 3225 sodisputantt
524 3143 643 3225 Nempe
664 3139 698 3202 in
720 3159 773 3214 es,
795 3158 877 3224 quae
899 3141 1034 3222 primum
1056 3139 1208 3202 iudicium
1231 3138 1271 3202 de
1293 3140 1396 3222 capite
1417 3140 1495 3203 vidit
1515 3141 1556 3202 M.
1571 3139 1637 3202 lio·

318 3236 407 3311 ratii,
437 3234 599 3298 tortissimi
628 3233 705 3308 viri,
734 3234 788 3317 qui
813 3232 954 3296 nondum
980 3233 1079 3296 libera
1101 3233 1226 3296 civitate
1247 3241 1352 3296 tamen
1373 3233 1481 3318 populi
1502 3232 1636 3296 Romani

319 3328 454 3393 comitiis
475 3327 623 3390 liberatus
645 3332 709 3400 est,
734 3346 804 3389 cum
826 3345 883 3389 sua
904 3346 999 3390 manu
1014 3346 1153 3391 sororem
1168 3347 1238 3390 esse
1259 3326 1453 3390 interiectam
1474 3324 1635 3388 fateretur.

319 3421 349 3485 8.
370 3423 420 3486 An
442 3428 490 3485 est
509 3420 675 3504 quisquam
696 3419 752 3503 qui
770 3418 832 3482 boc
852 3421 990 3501 ignoret,
1019 3439 1089 3483 cum
1111 3420 1151 3482 de
1179 3419 1307 3483 bomine
1329 3420 1433 3483 occiso
1454 3424 1634 3502 quaeratur,

319 3523 374 3581 aut
394 3515 501 3596 negari
522 3514 624 3576 solere
645 3513 774 3576 omniuo
796 3532 867 3576 esse
887 3512 1005 3576 iactum
1026 3520 1081 3575 aut
1102 3519 1186 3576 recte
1209 3519 1240 3576 at
1261 3514 1329 3575 iure
1350 3513 1466 3576 iactum
1487 3532 1557 3576 esse
1578 3511 1634 3573 de·

282 3609 427 3677 stendit
449 3606 511 3670 nisi
532 3625 608 3670 vero
630 3605 816 3669 existimatis
838 3604 1016 3669 dementem
1038 3608 1071 3669 P.
1093 3604 1273 3686 Africanum
1294 3606 1408 3681 irrisae,
1430 3605 1502 3690 qui,
1524 3621 1633 3667 cuma

320 3702 353 3766 C.
377 3700 518 3765 Carbone
539 3699 665 3763 tribuno
686 3699 730 3782 pl.
749 3699 782 3761 in
805 3700 954 3763 contione
975 3698 1124 3763 seditiose
1147 3700 1407 3782 interrogaretur,
1430 3699 1507 3782 quid
1528 3697 1568 3761 de
1583 3697 1633 3759 Ti.

318 3795 449 3860 Gracchi
476 3799 577 3856 morta
604 3793 748 3867 sentiret,
780 3793 978 3875 responderit
1010 3794 1077 3856 iure
1104 3811 1230 3857 caesum
1256 3793 1366 3857 videri.
1410 3794 1520 3879 Neque
1547 3791 1633 3856 enim

317 3894 425 3975 posset
444 3894 499 3951 aut
518 3885 618 3948 Abala
637 3885 691 3949 ille
714 3885 864 3949 Servilius
886 3895 941 3950 aut
958 3888 991 3950 P.
1013 3887 1127 3950 Nasica
1147 3894 1201 3949 aut
1221 3888 1257 3950 L.
1272 3887 1415 3970 Opimius
1437 3896 1490 3951 aut
1511 3886 1545 3950 C.
1565 3887 1633 3949 Ma·

316 3982 384 4047 rius
412 3987 467 4045 aut
491 3997 542 4043 me
572 3978 701 4042 musula
729 3987 856 4044 sanatus
883 3998 948 4043 non
977 3979 1116 4044 notarius
1141 3981 1267 4056 baberi,
1300 3983 1328 4044 si
1352 3981 1519 4045 sceleratos
1547 3978 1632 4042 cives

381 4307 406 4358 2.
423 4319 473 4355 nou
492 4303 565 4354 444444
582 4302 617 4351 44
631 4300 735 4352 mutes
750 4299 802 4351 eius
813 4301 1042 4366 --e'otiiogeudom
1058 4302 1230 4364 Quintilianus
1246 4303 1293 4365 IX,
1312 4303 1342 4365 3,
1360 4305 1400 4355 77.
1420 4331 1448 4340 -
1471 4307 1543 4356 modo
1558 4306 1630 4356 solu-

316 4387 365 4434 tem
380 4380 441 4432 TE:
465 4379 569 4429 4444444444
587 4377 696 4426 modoO
722 4403 749 4412 -
772 4376 963 4441 extinguendam
979 4378 1040 4439 ΤΕ,
1064 4379 1124 4429 vide
1142 4378 1176 4429 ad
1198 4393 1225 4443 p.
1243 4379 1315 4441 4402,
1338 4379 1377 4429 43.
1398 4406 1425 4416 -
1449 4379 1472 4430 3.
1492 4381 1575 4441 Quare
1591 4381 1631 4429 titi

316 4458 377 4507 4444
401 4449 529 4505 tribunatu
550 4449 622 4501 444444
642 4449 752 4500 ocultus
769 4462 817 4512 pro
838 4449 917 4500 solute
936 4451 974 4500 rei
997 4465 1024 4514 p.
1048 4454 1121 4516 gestis
1137 4453 1172 4502 ud
1189 4452 1261 4502 buius
1276 4453 1388 4502 444444444
1404 4453 1564 4516 desectionem
1578 4469 1630 4505 4444

316 4530 444 4580 abutimur
459 4527 514 4593 (sic)
532 4522 633 4575 Grillius
649 4522 692 4574 toi.
711 4522 751 4586 39,
770 4537 794 4573 4.
814 4549 841 4559 -
860 4523 884 4575 4.
904 4525 940 4591 4.]
958 4527 996 4576 titi
1012 4527 1060 4577 TE
1075 4554 1100 4565 -
1120 4542 1167 4591 que
1183 4541 1236 4579 om.
1254 4529 1274 4578 T
1291 4554 1318 4563 —
1337 4529 1362 4578 6.
1379 4530 1467 4594 sutus]
1484 4544 1534 4581 esse
1548 4531 1631 4593 sectos

315 4608 335 4658 ii
352 4605 433 4657 soius.
451 4629 479 4639 -
495 4614 540 4652 444
556 4595 731 4663 uicum„
741 4599 880 4649 4444444444
895 4598 977 4650 habet
987 4600 1089 4653 Grillius
1106 4601 1150 4653 iol.
1163 4602 1203 4663 33,
1216 4616 1240 4652 a.
1256 4629 1283 4640 -
1302 4603 1326 4653 4.
1344 4604 1390 4653 boe
1405 4604 1498 4654 4444444
1514 4602 1627 4655 Grillius.

318 4704 347 4718 -
361 4683 466 4744 propter
479 4675 614 4727 muttuTE
627 4673 780 4725 etGriiiius:
797 4674 877 4723 mutto
890 4677 1024 4736 propero
1037 4702 1064 4713 -
1083 4677 1107 4726 9.
1123 4677 1210 4740 popuii
1226 4677 1266 4740 44,]
1285 4691 1333 4740 pr.
1347 4677 1407 4728 Τ-
1426 4678 1466 4727 40.
1479 4677 1527 4728 Sed
1542 4677 1630 4741 444344

316 4755 335 4805 li
353 4753 433 4805 solus.
447 4776 474 4787 -
493 4748 750 4807 incolumitati&
768 4747 837 4798 uotu
851 4749 1007 4799 44444444-
1028 4752 1068 4801 42.
1084 4753 1165 4802 44444444
1181 4752 1213 4802 ae
1228 4753 1387 4803 inimicorum
1403 4752 1514 4802 audacie
1529 4752 1630 4814 telisque

314 4830 357 4879 Es
375 4853 402 4864 -
420 4829 512 4888 ispum
526 4824 547 4875 E
560 4850 587 4860 -
606 4823 646 4874 44.
659 4823 848 4873 4444444444-
868 4823 909 4873 tii.
924 4829 1023 4875 ...4444
1038 4827 1320 4890 quaestionis--scepe
1334 4826 1366 4876 ae
1382 4827 1488 4876 444444444
1499 4826 1630 4888 (4444444-

268 4951 272 4963 ,
304 4902 411 4953 borum
422 4901 522 4963 ordine)
540 4898 656 4949 trebatii
672 4924 697 4935 -
717 4910 748 4947 eo
762 4897 822 4946 44444
838 4910 887 4947 esse
902 4899 958 4948 Set
969 4911 1034 4950 mss.
1046 4900 1134 4953 Medii.
1149 4929 1177 4940 -
1195 4907 1218 4952 et
1234 4915 1287 4953 om.
1301 4903 1360 4952 Τ-
1380 4901 1420 4951 44.
1432 4900 1464 4950 ob
1480 4900 1628 4963 improbisi'

315 4978 411 5029 iiws:
428 4988 501 5038 coepe
517 4973 549 5023 cb
563 4972 711 5036 improbisE
725 4998 749 5010 -
767 4972 844 5034 paulo
860 4972 922 5022 rii:
938 4975 1025 5036 paullo
1037 4974 1070 5035 03
1089 4977 1128 5027 sic
1144 4974 1252 5038 ubique.
1265 5003 1291 5012 -
1311 4975 1351 5025 tr.
1364 4973 1568 5025 erroreseted.
1581 4971 1628 5024 si-

315 5052 389 5103 dina:
407 5057 503 5102 terrore
518 5049 565 5100 TE
579 5074 606 5084 ·-
629 5047 714 5098 444444
729 5046 807 5096 TES:
825 5046 921 5097 444440
934 5073 962 5082 -
981 5049 1022 5099 48.
1040 5049 1139 5113 Negent
1152 5051 1244 5100 iniussi
1254 5076 1291 5087 ·-
1301 5062 1352 5100 sese
1365 5049 1477 5113 44444444
1491 5047 1626 5098 babentii

315 5131 342 5177 et
358 5124 459 5176 Grillius
475 5123 519 5175 iol.
537 5124 577 5186 42,
595 5123 627 5183 b;
645 5124 743 5186 Negent
756 5122 848 5172 intueri
858 5148 895 5160 -·
906 5123 1060 5187 intersectum
1074 5125 1196 5187 tutaretur
1211 5124 1383 5186 Quintilianus
1393 5124 1425 5185 V,
1438 5124 1478 5185 44,
1491 5124 1522 5173 42
1540 5123 1581 5187 (ct.
1595 5122 1625 5184 V,

315 5201 355 5261 44,
372 5201 427 5262 20);
445 5200 543 5264 Nequit
556 5199 648 5249 4444444
657 5222 694 5235 ·-
709 5196 844 5246 stultissimi
860 5197 986 5259 disputem
1001 5197 1080 5250 iulius
1097 5198 1248 5250 iiuflnianus
1264 5200 1295 5249 44
1308 5200 1352 5263 fig.
1368 5202 1428 5248 seut.
1446 5202 1469 5247 et
1485 5197 1543 5247 4444.
1557 5196 1624 5260 532.

315 5300 342 5310 -
355 5274 395 5336 sos
410 5287 460 5325 esee
474 5275 516 5324 TS
532 5274 560 5324 et
570 5271 681 5323 Grillius.
697 5297 723 5308 -
743 5285 791 5322 cue
806 5271 927 5322 bominem
942 5272 1050 5322 44444444
1066 5272 1226 5323 iiuiioianus.
1241 5298 1268 5308 -
1287 5272 1327 5321 49,
1344 5271 1414 5336 este]
1429 5271 1528 5321 ciuitate
1543 5269 1623 5322 idem.

317 5374 345 5386 -
362 5350 403 5400 20.
415 5348 498 5398 baroti
513 5348 533 5398 ii
547 5374 574 5385 -
591 5349 632 5398 24.
648 5346 690 5409 qui
706 5347 815 5396 44444444
830 5345 909 5396 iibere
924 5346 1025 5397 civitate
1040 5345 1156 5397 habetii
1175 5372 1202 5382 -
1223 5359 1256 5408 ,44,
1275 5347 1303 5396 ii.
1322 5346 1356 5402 E;
1375 5346 1457 5408 .pr.'t‘
1474 5371 1501 5382 -
1519 5345 1560 5397 22,
1577 5358 1626 5396 sua

312 5434 391 5473 444444
405 5435 515 5472 moreau
529 5422 683 5485 interiectum
698 5433 747 5472 esse
760 5422 882 5484 4444444444
897 5419 980 5470 babet
996 5419 1137 5471 Diomedes
1153 5433 1179 5485 p.
1192 5419 1250 5482 ter,
1262 5420 1303 5470 24.
1319 5446 1346 5458 -
1364 5421 1405 5471 23.
1423 5424 1544 5482 questu
1558 5420 1578 5472 Ε
1595 5445 1623 5457 -

312 5497 353 5549 24.
370 5502 394 5548 44
410 5498 497 5548 TES:
515 5511 546 5548 oc
561 5499 582 5547 0
596 5524 620 5535 -
641 5497 681 5549 26.
700 5495 805 5561 tribuco]
823 5500 855 5545 tr.
873 5495 921 5546 ΤΕ
938 5493 1047 5560 ubique.
1062 5523 1089 5533 -
1106 5495 1141 5558 pl.
1160 5496 1225 5546 TE:
1240 5494 1318 5557 piebis
1333 5496 1368 5557 0,
1386 5494 1494 5559 ubique.
1514 5521 1542 5532 -
1559 5496 1626 5546 sedi-

312 5575 377 5625 otoee
395 5575 423 5624 44
443 5574 555 5624 contione
575 5573 621 5624 ES
640 5600 667 5610 -
692 5572 789 5623 tribuco
806 5572 843 5634 pt.
861 5571 972 5622 44444444
993 5571 1082 5636 spuria
1099 5568 1223 5621 ridentur
1243 5568 1354 5621 Batrioi.
1372 5569 1390 5621 i.
1408 5584 1435 5636 p.
1453 5572 1511 5622 289.
1531 5597 1558 5606 -
1577 5570 1624 5636 44,]

312 5648 393 5699 tiberii
408 5649 443 5710 E;
466 5654 493 5698 .t.
510 5649 531 5698 Τ
550 5674 577 5685 -
600 5648 641 5699 27.
658 5648 810 5711 responderit
825 5647 891 5697 TE:
912 5647 1037 5710 rsepondit
1054 5647 1100 5696 SO
1115 5672 1143 5681 -
1160 5647 1246 5709 Neque
1260 5647 1454 5711 eeitu--cesce
1469 5651 1529 5697 estet
1543 5645 1625 5697 babet

313 5720 484 5782 Quintilianus
495 5721 579 5783 4,-44,
592 5721 638 5782 46,
656 5721 739 5784 Neque
753 5721 819 5771 euim
831 5721 949 5784 potuisset
964 5726 1011 5772 eut
1025 5721 1065 5773 iile
1080 5721 1147 5772 44444
1162 5733 1247 5786 usque
1264 5721 1298 5772 ad
1314 5721 1443 5773 4444444444
1457 5723 1521 5774 moes
1536 5723 1624 5773 444444-

312 5808 380 5847 mere
395 5795 474 5846 iulius
484 5794 635 5846 iiuiinianus
651 5797 680 5847 44
693 5797 737 5860 fig.
749 5800 810 5846 seut
823 5800 846 5847 et
861 5797 920 5848 stoc.
933 5795 948 5860 5
960 5796 1001 5848 23.
1015 5821 1042 5833 -
1061 5797 1102 5850 28.
1120 5811 1156 5850 os
1167 5797 1267 5863 putitiu
1280 5798 1369 5849 444444
1384 5798 1405 5851 ii
1418 5825 1445 5836 -
1462 5803 1508 5850 sut
1524 5797 1551 5850 C.
1562 5798 1622 5851 444-

313 5869 367 5920 rius
383 5880 436 5922 om.
455 5867 633 5932 Quintilianus.
654 5896 681 5908 -
698 5870 739 5922 24.
757 5869 820 5921 cute
834 5869 869 5932 Τ;
887 5882 942 5923 om.
960 5870 1140 5933 Quintilianus.
