<?xml version="1.0" encoding="UTF-8"?>
<!DOCTYPE html PUBLIC "-//W3C//DTD XHTML 1.0 Transitional//EN"
    "http://www.w3.org/TR/xhtml1/DTD/xhtml1-transitional.dtd">
<html xmlns="http://www.w3.org/1999/xhtml" xml:lang="en" lang="en">
 <head>
  <title>
</title>
<meta http-equiv="Content-Type" content="text/html;charset=utf-8" />
  <meta name='ocr-system' content='tesseract 3.04.00' />
  <meta name='ocr-capabilities' content='ocr_page ocr_carea ocr_par ocr_line ocrx_word'/>
</head>
<body>
  <div class='ocr_page' id='page_1' title='image "./operaquaesupers08halmgoog/operaquaesupers08halmgoog_0031.png"; bbox 0 0 3800 7350; ppageno 0'>
   <div class='ocr_carea' id='block_1_1' title="bbox 525 1674 1303 1977">
    <p class='ocr_par' dir='ltr' id='par_1_1' title="bbox 525 1674 1303 1977">
     <span class='ocr_line' id='line_1_1' title="bbox 678 1674 1148 1769; baseline 0.006 -3"><span class='ocrx_word' id='word_1_1' title='bbox 678 1675 722 1767; x_wconf 88' lang='grc' dir='ltr'><strong>Μ.</strong></span> <span class='ocrx_word' id='word_1_2' title='bbox 748 1676 891 1767; x_wconf 84' lang='lat' dir='ltr'>TULLII</span> <span class='ocrx_word' id='word_1_3' title='bbox 918 1674 1148 1769; x_wconf 79' lang='lat' dir='ltr'>CICERONIS</span> 
     </span>
     <span class='ocr_line' id='line_1_2' title="bbox 525 1885 1303 1977; baseline 0.005 -6"><span class='ocrx_word' id='word_1_4' title='bbox 525 1885 567 1971; x_wconf 91' lang='lat' dir='ltr'><strong>P</strong></span> <span class='ocrx_word' id='word_1_5' title='bbox 607 1887 654 1972; x_wconf 87' lang='lat' dir='ltr'><strong>R</strong></span> <span class='ocrx_word' id='word_1_6' title='bbox 694 1887 735 1974; x_wconf 92' lang='lat'>0</span> <span class='ocrx_word' id='word_1_7' title='bbox 812 1889 866 1974; x_wconf 89' lang='grc' dir='ltr'><strong>Ρ.</strong></span> <span class='ocrx_word' id='word_1_8' title='bbox 933 1888 969 1976; x_wconf 89' lang='lat' dir='ltr'>S</span> <span class='ocrx_word' id='word_1_9' title='bbox 1011 1888 1052 1977; x_wconf 89' lang='lat' dir='ltr'><strong>ll</strong></span> <span class='ocrx_word' id='word_1_10' title='bbox 1094 1888 1136 1974; x_wconf 75' lang='lat' dir='ltr'><strong>[i</strong></span> <span class='ocrx_word' id='word_1_11' title='bbox 1176 1889 1218 1975; x_wconf 75' lang='lat' dir='ltr'><strong>[A</strong></span> <span class='ocrx_word' id='word_1_12' title='bbox 1261 1892 1303 1975; x_wconf 84' lang='grc' dir='ltr'><strong>Α</strong></span> 
     </span>
    </p>
   </div>
   <div class='ocr_carea' id='block_1_2' title="bbox 709 2104 1120 2172">
    <p class='ocr_par' dir='ltr' id='par_1_2' title="bbox 709 2104 1120 2172">
     <span class='ocr_line' id='line_1_3' title="bbox 709 2104 1120 2172; baseline 0.012 -5"><span class='ocrx_word' id='word_1_13' title='bbox 709 2104 861 2169; x_wconf 79' lang='lat' dir='ltr'>ORATIO</span> <span class='ocrx_word' id='word_1_14' title='bbox 884 2106 937 2171; x_wconf 80' lang='grc' dir='ltr'><strong>ΑΙ)</strong></span> <span class='ocrx_word' id='word_1_15' title='bbox 960 2108 1120 2172; x_wconf 76' lang='lat' dir='ltr'><strong>{Unicus</strong></span> 
     </span>
    </p>
   </div>
   <div class='ocr_carea' id='block_1_3' title="bbox 637 2301 1190 2510">
    <p class='ocr_par' dir='ltr' id='par_1_3' title="bbox 637 2301 1190 2510">
     <span class='ocr_line' id='line_1_4' title="bbox 783 2301 1044 2353; baseline 0.004 -1"><span class='ocrx_word' id='word_1_16' title='bbox 783 2301 826 2352; x_wconf 78' lang='lat' dir='ltr'><strong>iiii</strong></span> <span class='ocrx_word' id='word_1_17' title='bbox 844 2302 1044 2353; x_wconf 83' lang='lat' dir='ltr'><strong>RECENSlONE</strong></span> 
     </span>
     <span class='ocr_line' id='line_1_5' title="bbox 637 2450 1190 2510; baseline 0 0"><span class='ocrx_word' id='word_1_18' title='bbox 637 2450 1190 2510; x_wconf 68' lang='grc'><strong>044044344144.</strong></span> 
     </span>
    </p>
   </div>
   <div class='ocr_carea' id='block_1_4' title="bbox 831 2652 1001 2662">
    <p class='ocr_par' dir='ltr' id='par_1_4' title="bbox 831 2652 1001 2662">
     <span class='ocr_line' id='line_1_6' title="bbox 831 2652 1001 2662; baseline 0.012 -2"><span class='ocrx_word' id='word_1_19' title='bbox 831 2652 1001 2662; x_wconf 63' lang='lat' dir='ltr'><em>——n-——</em></span> 
     </span>
    </p>
   </div>
   <div class='ocr_carea' id='block_1_5' title="bbox 694 2806 1140 2867">
    <p class='ocr_par' dir='ltr' id='par_1_5' title="bbox 694 2806 1140 2867">
     <span class='ocr_line' id='line_1_7' title="bbox 694 2806 1140 2867; baseline -0.004 -2"><span class='ocrx_word' id='word_1_20' title='bbox 694 2806 877 2866; x_wconf 79' lang='lat' dir='ltr'><strong>NOTARUM</strong></span> <span class='ocrx_word' id='word_1_21' title='bbox 900 2806 1140 2867; x_wconf 77' lang='lat' dir='ltr'><strong>nxraicario.</strong></span> 
     </span>
    </p>
   </div>
   <div class='ocr_carea' id='block_1_6' title="bbox 259 2935 1589 5467">
    <p class='ocr_par' dir='ltr' id='par_1_6' title="bbox 293 2935 1229 3004">
     <span class='ocr_line' id='line_1_8' title="bbox 293 2935 1229 3004; baseline 0.002 -17"><span class='ocrx_word' id='word_1_22' title='bbox 293 2952 318 2973; x_wconf 84' lang='lat'><strong>·=</strong></span> <span class='ocrx_word' id='word_1_23' title='bbox 337 2935 462 2988; x_wconf 84' lang='lat' dir='ltr'><strong>lemmata</strong></span> <span class='ocrx_word' id='word_1_24' title='bbox 478 2937 639 2989; x_wconf 77' lang='lat' dir='ltr'><strong>scholiastae</strong></span> <span class='ocrx_word' id='word_1_25' title='bbox 656 2938 803 2991; x_wconf 78' lang='lat' dir='ltr'><strong>bobiensis.</strong></span> <span class='ocrx_word' id='word_1_26' title='bbox 830 2938 916 2990; x_wconf 90' lang='lat' dir='ltr'><strong>Scbol.</strong></span> <span class='ocrx_word' id='word_1_27' title='bbox 936 2940 991 2990; x_wconf 88' lang='lat' dir='ltr'><strong>Cic.</strong></span> <span class='ocrx_word' id='word_1_28' title='bbox 1010 2941 1044 2999; x_wconf 92' lang='grc'><strong>44,</strong></span> <span class='ocrx_word' id='word_1_29' title='bbox 1063 2952 1089 3004; x_wconf 90' lang='lat' dir='ltr'><strong>p.</strong></span> <span class='ocrx_word' id='word_1_30' title='bbox 1103 2938 1151 2989; x_wconf 84' lang='grc'><strong>359</strong></span> <span class='ocrx_word' id='word_1_31' title='bbox 1168 2951 1229 3003; x_wconf 89' lang='lat' dir='ltr'><strong>sqq.</strong></span> 
     </span>
    </p>

    <p class='ocr_par' dir='ltr' id='par_1_7' title="bbox 291 3010 1585 3528">
     <span class='ocr_line' id='line_1_9' title="bbox 291 3010 1580 3077; baseline 0.001 -15"><span class='ocrx_word' id='word_1_32' title='bbox 291 3027 318 3048; x_wconf 60' lang='grc' dir='ltr'>ε</span> <span class='ocrx_word' id='word_1_33' title='bbox 335 3010 420 3063; x_wconf 84' lang='lat' dir='ltr'>codex</span> <span class='ocrx_word' id='word_1_34' title='bbox 436 3012 656 3077; x_wconf 71' lang='lat' dir='ltr'><strong>Tegarnseensb,</strong></span> <span class='ocrx_word' id='word_1_35' title='bbox 679 3014 705 3064; x_wconf 88' lang='lat' dir='ltr'><strong>ln</strong></span> <span class='ocrx_word' id='word_1_36' title='bbox 727 3027 780 3077; x_wconf 94' lang='lat' dir='ltr'><strong>quo</strong></span> <span class='ocrx_word' id='word_1_37' title='bbox 797 3014 854 3066; x_wconf 89' lang='lat' dir='ltr'><strong>solo</strong></span> <span class='ocrx_word' id='word_1_38' title='bbox 872 3028 905 3064; x_wconf 86' lang='lat' dir='ltr'><strong>ex</strong></span> <span class='ocrx_word' id='word_1_39' title='bbox 923 3014 1032 3065; x_wconf 90' lang='lat' dir='ltr'><strong>meliore</strong></span> <span class='ocrx_word' id='word_1_40' title='bbox 1050 3013 1173 3064; x_wconf 91' lang='lat' dir='ltr'><strong>codicum</strong></span> <span class='ocrx_word' id='word_1_41' title='bbox 1190 3011 1287 3063; x_wconf 90' lang='lat' dir='ltr'><strong>lamilia</strong></span> <span class='ocrx_word' id='word_1_42' title='bbox 1303 3013 1387 3063; x_wconf 86' lang='lat' dir='ltr'><strong>oratio</strong></span> <span class='ocrx_word' id='word_1_43' title='bbox 1404 3016 1459 3064; x_wconf 86' lang='lat' dir='ltr'><strong>tots</strong></span> <span class='ocrx_word' id='word_1_44' title='bbox 1476 3016 1580 3065; x_wconf 85' lang='lat' dir='ltr'><strong>serrata</strong></span> 
     </span>
     <span class='ocr_line' id='line_1_10' title="bbox 334 3087 1581 3155; baseline 0 -16"><span class='ocrx_word' id='word_1_45' title='bbox 334 3091 383 3139; x_wconf 87' lang='lat' dir='ltr'><strong>est.</strong></span> <span class='ocrx_word' id='word_1_46' title='bbox 403 3089 471 3139; x_wconf 89' lang='lat' dir='ltr'><strong>Cum</strong></span> <span class='ocrx_word' id='word_1_47' title='bbox 487 3089 514 3140; x_wconf 91' lang='lat' dir='ltr'><strong>in</strong></span> <span class='ocrx_word' id='word_1_48' title='bbox 529 3090 647 3140; x_wconf 91' lang='lat' dir='ltr'><strong>orations</strong></span> <span class='ocrx_word' id='word_1_49' title='bbox 664 3102 714 3155; x_wconf 95' lang='lat' dir='ltr'><strong>pro</strong></span> <span class='ocrx_word' id='word_1_50' title='bbox 726 3091 837 3141; x_wconf 90' lang='lat' dir='ltr'><strong>Caecina</strong></span> <span class='ocrx_word' id='word_1_51' title='bbox 850 3093 877 3141; x_wconf 90' lang='lat' dir='ltr'><strong>et</strong></span> <span class='ocrx_word' id='word_1_52' title='bbox 888 3092 914 3141; x_wconf 93' lang='lat' dir='ltr'><strong>in</strong></span> <span class='ocrx_word' id='word_1_53' title='bbox 926 3090 1073 3153; x_wconf 78' lang='lat' dir='ltr'><strong>lragmento</strong></span> <span class='ocrx_word' id='word_1_54' title='bbox 1085 3089 1262 3154; x_wconf 73' lang='lat' dir='ltr'><strong>Pompeianae</strong></span> <span class='ocrx_word' id='word_1_55' title='bbox 1273 3087 1430 3140; x_wconf 86' lang='lat' dir='ltr'><strong>lectionibus</strong></span> <span class='ocrx_word' id='word_1_56' title='bbox 1441 3091 1482 3141; x_wconf 89' lang='lat' dir='ltr'><strong>usl</strong></span> <span class='ocrx_word' id='word_1_57' title='bbox 1496 3091 1581 3141; x_wconf 89' lang='lat' dir='ltr'><strong>simus</strong></span> 
     </span>
     <span class='ocr_line' id='line_1_11' title="bbox 336 3162 1579 3226; baseline 0.002 -14"><span class='ocrx_word' id='word_1_58' title='bbox 336 3174 403 3226; x_wconf 88' lang='lat' dir='ltr'><strong>quas</strong></span> <span class='ocrx_word' id='word_1_59' title='bbox 424 3163 462 3213; x_wconf 94' lang='lat' dir='ltr'><strong>lo.</strong></span> <span class='ocrx_word' id='word_1_60' title='bbox 481 3163 543 3213; x_wconf 85' lang='lat' dir='ltr'>Chr.</span> <span class='ocrx_word' id='word_1_61' title='bbox 562 3163 712 3215; x_wconf 88' lang='lat' dir='ltr'><strong>llarlessius</strong></span> <span class='ocrx_word' id='word_1_62' title='bbox 734 3167 760 3215; x_wconf 92' lang='lat' dir='ltr'><strong>in</strong></span> <span class='ocrx_word' id='word_1_63' title='bbox 777 3177 855 3215; x_wconf 90' lang='lat' dir='ltr'><strong>usum</strong></span> <span class='ocrx_word' id='word_1_64' title='bbox 874 3166 903 3214; x_wconf 86' lang='lat' dir='ltr'><strong>G.</strong></span> <span class='ocrx_word' id='word_1_65' title='bbox 923 3164 1045 3214; x_wconf 89' lang='lat' dir='ltr'><strong>Garatoni</strong></span> <span class='ocrx_word' id='word_1_66' title='bbox 1063 3177 1096 3213; x_wconf 81' lang='lat' dir='ltr'><strong>ex</strong></span> <span class='ocrx_word' id='word_1_67' title='bbox 1112 3162 1206 3215; x_wconf 92' lang='lat' dir='ltr'><strong>codice</strong></span> <span class='ocrx_word' id='word_1_68' title='bbox 1224 3162 1415 3215; x_wconf 84' lang='lat' dir='ltr'><strong>exscribendas</strong></span> <span class='ocrx_word' id='word_1_69' title='bbox 1431 3168 1579 3222; x_wconf 79' lang='lat' dir='ltr'><strong>curaverat,</strong></span> 
     </span>
     <span class='ocr_line' id='line_1_12' title="bbox 335 3236 1581 3304; baseline 0.002 -17"><span class='ocrx_word' id='word_1_70' title='bbox 335 3237 368 3288; x_wconf 97' lang='lat' dir='ltr'><strong>ab</strong></span> <span class='ocrx_word' id='word_1_71' title='bbox 385 3237 437 3289; x_wconf 92' lang='lat' dir='ltr'><strong>bac</strong></span> <span class='ocrx_word' id='word_1_72' title='bbox 454 3238 516 3288; x_wconf 92' lang='lat' dir='ltr'><strong>inda</strong></span> <span class='ocrx_word' id='word_1_73' title='bbox 533 3240 651 3289; x_wconf 90' lang='lat' dir='ltr'><strong>oratione</strong></span> <span class='ocrx_word' id='word_1_74' title='bbox 669 3240 896 3303; x_wconf 86' lang='lat' dir='ltr'><strong>praestantissimo</strong></span> <span class='ocrx_word' id='word_1_75' title='bbox 909 3238 1000 3289; x_wconf 91' lang='lat' dir='ltr'><strong>codice</strong></span> <span class='ocrx_word' id='word_1_76' title='bbox 1012 3240 1069 3303; x_wconf 92' lang='lat' dir='ltr'><strong>ipso</strong></span> <span class='ocrx_word' id='word_1_77' title='bbox 1081 3240 1118 3288; x_wconf 92' lang='lat' dir='ltr'><strong>uti</strong></span> <span class='ocrx_word' id='word_1_78' title='bbox 1130 3236 1215 3299; x_wconf 87' lang='lat' dir='ltr'><strong>licuit,</strong></span> <span class='ocrx_word' id='word_1_79' title='bbox 1234 3239 1279 3302; x_wconf 92' lang='lat' dir='ltr'><strong>qui</strong></span> <span class='ocrx_word' id='word_1_80' title='bbox 1291 3241 1432 3303; x_wconf 86' lang='lat' dir='ltr'><strong>postquam</strong></span> <span class='ocrx_word' id='word_1_81' title='bbox 1443 3253 1492 3304; x_wconf 88' lang='lat' dir='ltr'><strong>per</strong></span> <span class='ocrx_word' id='word_1_82' title='bbox 1503 3239 1581 3291; x_wconf 91' lang='lat' dir='ltr'><strong>dimi-</strong></span> 
     </span>
     <span class='ocr_line' id='line_1_13' title="bbox 336 3311 1581 3380; baseline 0.002 -17"><span class='ocrx_word' id='word_1_83' title='bbox 336 3312 408 3364; x_wconf 92' lang='lat' dir='ltr'><strong>dium</strong></span> <span class='ocrx_word' id='word_1_84' title='bbox 431 3314 486 3364; x_wconf 89' lang='lat' dir='ltr'><strong>tere</strong></span> <span class='ocrx_word' id='word_1_85' title='bbox 508 3312 645 3365; x_wconf 88' lang='lat' dir='ltr'><strong>saeculum</strong></span> <span class='ocrx_word' id='word_1_86' title='bbox 662 3314 777 3375; x_wconf 77' lang='lat' dir='ltr'><strong>delituit,</strong></span> <span class='ocrx_word' id='word_1_87' title='bbox 801 3328 888 3380; x_wconf 90' lang='lat' dir='ltr'><strong>nuper</strong></span> <span class='ocrx_word' id='word_1_88' title='bbox 904 3328 935 3365; x_wconf 84' lang='lat' dir='ltr'><strong>ex</strong></span> <span class='ocrx_word' id='word_1_89' title='bbox 955 3314 1099 3377; x_wconf 79' lang='lat' dir='ltr'><strong>ilungaria‚</strong></span> <span class='ocrx_word' id='word_1_90' title='bbox 1124 3316 1153 3363; x_wconf 94' lang='lat' dir='ltr'><strong>ut</strong></span> <span class='ocrx_word' id='word_1_91' title='bbox 1168 3313 1264 3374; x_wconf 81' lang='lat' dir='ltr'><strong>fertur,</strong></span> <span class='ocrx_word' id='word_1_92' title='bbox 1290 3326 1351 3364; x_wconf 89' lang='lat' dir='ltr'><strong>curn</strong></span> <span class='ocrx_word' id='word_1_93' title='bbox 1370 3311 1427 3364; x_wconf 89' lang='lat' dir='ltr'><strong>aliis</strong></span> <span class='ocrx_word' id='word_1_94' title='bbox 1444 3313 1581 3365; x_wconf 81' lang='lat' dir='ltr'><strong>codicibus</strong></span> 
     </span>
     <span class='ocr_line' id='line_1_14' title="bbox 336 3387 1582 3454; baseline 0.002 -16"><span class='ocrx_word' id='word_1_95' title='bbox 336 3388 449 3439; x_wconf 76' lang='lat' dir='ltr'><strong>Parisios</strong></span> <span class='ocrx_word' id='word_1_96' title='bbox 463 3388 567 3440; x_wconf 84' lang='lat' dir='ltr'><strong>delatus</strong></span> <span class='ocrx_word' id='word_1_97' title='bbox 579 3391 621 3440; x_wconf 91' lang='lat' dir='ltr'><strong>ast</strong></span> <span class='ocrx_word' id='word_1_98' title='bbox 633 3390 666 3439; x_wconf 93' lang='lat' dir='ltr'><strong>ad</strong></span> <span class='ocrx_word' id='word_1_99' title='bbox 679 3388 849 3454; x_wconf 85' lang='lat' dir='ltr'><strong>bibliopolam</strong></span> <span class='ocrx_word' id='word_1_100' title='bbox 862 3390 891 3441; x_wconf 74' lang='grc' dir='ltr'><strong>Β.</strong></span> <span class='ocrx_word' id='word_1_101' title='bbox 901 3390 1072 3449; x_wconf 80' lang='lat' dir='ltr'><strong>&#39;t&#39;rossium‚a</strong></span> <span class='ocrx_word' id='word_1_102' title='bbox 1085 3400 1139 3451; x_wconf 95' lang='lat' dir='ltr'><strong>quo</strong></span> <span class='ocrx_word' id='word_1_103' title='bbox 1151 3401 1213 3438; x_wconf 92' lang='lat' dir='ltr'><strong>eum</strong></span> <span class='ocrx_word' id='word_1_104' title='bbox 1225 3400 1319 3439; x_wconf 89' lang='lat' dir='ltr'><strong>mense</strong></span> <span class='ocrx_word' id='word_1_105' title='bbox 1329 3387 1472 3439; x_wconf 84' lang='lat' dir='ltr'><strong>Deccmbri</strong></span> <span class='ocrx_word' id='word_1_106' title='bbox 1482 3403 1507 3440; x_wconf 92' lang='lat' dir='ltr'><strong>a.</strong></span> <span class='ocrx_word' id='word_1_107' title='bbox 1519 3390 1582 3440; x_wconf 97' lang='grc'><strong>4853</strong></span> 
     </span>
     <span class='ocr_line' id='line_1_15' title="bbox 336 3462 1585 3528; baseline 0.002 -15"><span class='ocrx_word' id='word_1_108' title='bbox 336 3462 451 3514; x_wconf 78' lang='lat' dir='ltr'><strong>redemit</strong></span> <span class='ocrx_word' id='word_1_109' title='bbox 460 3464 592 3515; x_wconf 79' lang='lat' dir='ltr'><strong>bairaina.</strong></span> <span class='ocrx_word' id='word_1_110' title='bbox 610 3466 686 3516; x_wconf 87' lang='lat' dir='ltr'><strong>Nunc</strong></span> <span class='ocrx_word' id='word_1_111' title='bbox 702 3465 730 3516; x_wconf 91' lang='lat' dir='ltr'><strong>ln</strong></span> <span class='ocrx_word' id='word_1_112' title='bbox 740 3463 900 3516; x_wconf 86' lang='lat' dir='ltr'><strong>bibliotheca</strong></span> <span class='ocrx_word' id='word_1_113' title='bbox 911 3465 982 3527; x_wconf 79' lang='lat' dir='ltr'><strong>regia</strong></span> <span class='ocrx_word' id='word_1_114' title='bbox 995 3464 1146 3513; x_wconf 88' lang='lat' dir='ltr'><strong>lionacensi</strong></span> <span class='ocrx_word' id='word_1_115' title='bbox 1157 3464 1317 3513; x_wconf 82' lang='lat' dir='ltr'><strong>asservatur.</strong></span> <span class='ocrx_word' id='word_1_116' title='bbox 1331 3462 1406 3526; x_wconf 79' lang='lat' dir='ltr'><strong>(cod.</strong></span> <span class='ocrx_word' id='word_1_117' title='bbox 1416 3465 1472 3515; x_wconf 83' lang='lat' dir='ltr'><strong>Lat.</strong></span> <span class='ocrx_word' id='word_1_118' title='bbox 1482 3465 1585 3528; x_wconf 81' lang='grc'><strong>48484.)</strong></span> 
     </span>
    </p>

    <p class='ocr_par' dir='ltr' id='par_1_8' title="bbox 295 3536 1585 4355">
     <span class='ocr_line' id='line_1_16' title="bbox 295 3536 1582 3604; baseline 0.001 -15"><span class='ocrx_word' id='word_1_119' title='bbox 295 3556 321 3576; x_wconf 87' lang='lat'><strong>==</strong></span> <span class='ocrx_word' id='word_1_120' title='bbox 339 3537 423 3590; x_wconf 80' lang='lat' dir='ltr'><strong>codex</strong></span> <span class='ocrx_word' id='word_1_121' title='bbox 440 3539 582 3591; x_wconf 89' lang='lat' dir='ltr'><strong>Vaticanus</strong></span> <span class='ocrx_word' id='word_1_122' title='bbox 600 3552 673 3590; x_wconf 91' lang='lat' dir='ltr'><strong>num.</strong></span> <span class='ocrx_word' id='word_1_123' title='bbox 693 3540 770 3600; x_wconf 74' lang='lat' dir='ltr'><strong>lasa,</strong></span> <span class='ocrx_word' id='word_1_124' title='bbox 793 3538 855 3590; x_wconf 92' lang='lat' dir='ltr'><strong>olim</strong></span> <span class='ocrx_word' id='word_1_125' title='bbox 874 3536 1006 3590; x_wconf 84' lang='lat' dir='ltr'><strong>Palatinus</strong></span> <span class='ocrx_word' id='word_1_126' title='bbox 1024 3540 1058 3601; x_wconf 69' lang='lat' dir='ltr'><strong>(e</strong></span> <span class='ocrx_word' id='word_1_127' title='bbox 1072 3536 1122 3588; x_wconf 84' lang='lat' dir='ltr'><strong>Pal.</strong></span> <span class='ocrx_word' id='word_1_128' title='bbox 1142 3550 1229 3589; x_wconf 92' lang='lat' dir='ltr'><strong>nonus</strong></span> <span class='ocrx_word' id='word_1_129' title='bbox 1246 3539 1368 3601; x_wconf 85' lang='lat' dir='ltr'><strong>Grulen&#39;).</strong></span> <span class='ocrx_word' id='word_1_130' title='bbox 1396 3540 1582 3604; x_wconf 75' lang='lat' dir='ltr'><strong>Fragmentum</strong></span> 
     </span>
     <span class='ocr_line' id='line_1_17' title="bbox 336 3613 1583 3680; baseline 0.001 -16"><span class='ocrx_word' id='word_1_131' title='bbox 336 3614 463 3666; x_wconf 87' lang='lat' dir='ltr'><strong>orationis</strong></span> <span class='ocrx_word' id='word_1_132' title='bbox 479 3616 505 3665; x_wconf 91' lang='lat' dir='ltr'><strong>ln</strong></span> <span class='ocrx_word' id='word_1_133' title='bbox 524 3628 556 3665; x_wconf 91' lang='lat' dir='ltr'><strong>ao</strong></span> <span class='ocrx_word' id='word_1_134' title='bbox 573 3617 709 3665; x_wconf 85' lang='lat' dir='ltr'><strong>servatum</strong></span> <span class='ocrx_word' id='word_1_135' title='bbox 727 3613 761 3679; x_wconf 69' lang='grc'><strong>(5.</strong></span> <span class='ocrx_word' id='word_1_136' title='bbox 775 3614 854 3665; x_wconf 92' lang='grc'><strong>4-43</strong></span> <span class='ocrx_word' id='word_1_137' title='bbox 866 3615 948 3678; x_wconf 84' lang='lat' dir='ltr'><strong>med.)</strong></span> <span class='ocrx_word' id='word_1_138' title='bbox 967 3615 1062 3680; x_wconf 92' lang='lat' dir='ltr'><strong>parlim</strong></span> <span class='ocrx_word' id='word_1_139' title='bbox 1080 3614 1108 3664; x_wconf 83' lang='lat' dir='ltr'><strong>ll.</strong></span> <span class='ocrx_word' id='word_1_140' title='bbox 1122 3616 1151 3664; x_wconf 83' lang='grc'><strong>0.</strong></span> <span class='ocrx_word' id='word_1_141' title='bbox 1163 3614 1330 3674; x_wconf 76' lang='grc'><strong>4444444444,</strong></span> <span class='ocrx_word' id='word_1_142' title='bbox 1348 3615 1443 3680; x_wconf 90' lang='lat' dir='ltr'><strong>partim</strong></span> <span class='ocrx_word' id='word_1_143' title='bbox 1460 3616 1503 3665; x_wconf 84' lang='lat' dir='ltr'><strong>Fa.</strong></span> <span class='ocrx_word' id='word_1_144' title='bbox 1517 3616 1583 3666; x_wconf 82' lang='lat' dir='ltr'><strong>Bau-</strong></span> 
     </span>
     <span class='ocr_line' id='line_1_18' title="bbox 338 3688 1583 3754; baseline 0 -14"><span class='ocrx_word' id='word_1_145' title='bbox 338 3703 395 3740; x_wconf 82' lang='lat' dir='ltr'><strong>urns</strong></span> <span class='ocrx_word' id='word_1_146' title='bbox 412 3690 511 3739; x_wconf 84' lang='lat' dir='ltr'><strong>llomaa</strong></span> <span class='ocrx_word' id='word_1_147' title='bbox 529 3688 710 3749; x_wconf 82' lang='lat' dir='ltr'><strong>contulerunt,</strong></span> <span class='ocrx_word' id='word_1_148' title='bbox 733 3691 845 3754; x_wconf 89' lang='lat' dir='ltr'><strong>eiusque</strong></span> <span class='ocrx_word' id='word_1_149' title='bbox 869 3689 1014 3741; x_wconf 89' lang='lat' dir='ltr'><strong>collationis</strong></span> <span class='ocrx_word' id='word_1_150' title='bbox 1030 3689 1212 3754; x_wconf 80' lang='lat' dir='ltr'><strong>apographum</strong></span> <span class='ocrx_word' id='word_1_151' title='bbox 1229 3702 1244 3739; x_wconf 87' lang='lat' dir='ltr'><strong>a</strong></span> <span class='ocrx_word' id='word_1_152' title='bbox 1262 3703 1292 3741; x_wconf 90' lang='lat' dir='ltr'><strong>aa</strong></span> <span class='ocrx_word' id='word_1_153' title='bbox 1310 3690 1407 3741; x_wconf 83' lang='lat' dir='ltr'><strong>lactum</strong></span> <span class='ocrx_word' id='word_1_154' title='bbox 1425 3690 1583 3742; x_wconf 81' lang='lat' dir='ltr'><strong>Niebubrius</strong></span> 
     </span>
     <span class='ocr_line' id='line_1_19' title="bbox 337 3763 1583 3830; baseline -0.001 -15"><span class='ocrx_word' id='word_1_155' title='bbox 337 3778 399 3815; x_wconf 92' lang='lat' dir='ltr'><strong>cum</strong></span> <span class='ocrx_word' id='word_1_156' title='bbox 415 3766 549 3816; x_wconf 84' lang='lat' dir='ltr'><strong>Wurraaso</strong></span> <span class='ocrx_word' id='word_1_157' title='bbox 566 3766 785 3826; x_wconf 77' lang='lat' dir='ltr'><strong>communicavit,</strong></span> <span class='ocrx_word' id='word_1_158' title='bbox 803 3779 818 3815; x_wconf 93' lang='lat' dir='ltr'><strong>a</strong></span> <span class='ocrx_word' id='word_1_159' title='bbox 836 3778 890 3829; x_wconf 94' lang='lat' dir='ltr'><strong>quo</strong></span> <span class='ocrx_word' id='word_1_160' title='bbox 907 3767 1023 3829; x_wconf 90' lang='lat' dir='ltr'><strong>primurn</strong></span> <span class='ocrx_word' id='word_1_161' title='bbox 1040 3766 1110 3815; x_wconf 91' lang='lat' dir='ltr'><strong>banc</strong></span> <span class='ocrx_word' id='word_1_162' title='bbox 1126 3763 1292 3817; x_wconf 90' lang='lat' dir='ltr'><strong>collationem</strong></span> <span class='ocrx_word' id='word_1_163' title='bbox 1304 3767 1405 3830; x_wconf 84' lang='lat' dir='ltr'><strong>accepi.</strong></span> <span class='ocrx_word' id='word_1_164' title='bbox 1432 3766 1526 3816; x_wconf 79' lang='lat' dir='ltr'><strong>Postea</strong></span> <span class='ocrx_word' id='word_1_165' title='bbox 1543 3763 1583 3814; x_wconf 89' lang='lat' dir='ltr'><strong>le-</strong></span> 
     </span>
     <span class='ocr_line' id='line_1_20' title="bbox 336 3837 1583 3905; baseline -0.001 -16"><span class='ocrx_word' id='word_1_166' title='bbox 336 3841 437 3890; x_wconf 89' lang='lat' dir='ltr'><strong>ctiones</strong></span> <span class='ocrx_word' id='word_1_167' title='bbox 453 3852 469 3889; x_wconf 92' lang='grc'><strong>4</strong></span> <span class='ocrx_word' id='word_1_168' title='bbox 486 3840 630 3890; x_wconf 88' lang='lat' dir='ltr'><strong>Niebubrio</strong></span> <span class='ocrx_word' id='word_1_169' title='bbox 642 3843 670 3890; x_wconf 89' lang='lat' dir='ltr'><strong>et</strong></span> <span class='ocrx_word' id='word_1_170' title='bbox 681 3854 696 3890; x_wconf 94' lang='lat' dir='ltr'><strong>a</strong></span> <span class='ocrx_word' id='word_1_171' title='bbox 708 3838 809 3890; x_wconf 81' lang='lat' dir='ltr'><strong>blumio</strong></span> <span class='ocrx_word' id='word_1_172' title='bbox 821 3840 967 3905; x_wconf 84' lang='lat' dir='ltr'><strong>exscriptae</strong></span> <span class='ocrx_word' id='word_1_173' title='bbox 979 3841 1005 3890; x_wconf 91' lang='lat' dir='ltr'><strong>in</strong></span> <span class='ocrx_word' id='word_1_174' title='bbox 1017 3837 1178 3902; x_wconf 78' lang='lat' dir='ltr'><strong>marginibus</strong></span> <span class='ocrx_word' id='word_1_175' title='bbox 1190 3838 1304 3905; x_wconf 84' lang='lat' dir='ltr'><strong>exempli</strong></span> <span class='ocrx_word' id='word_1_176' title='bbox 1316 3838 1492 3904; x_wconf 83' lang='lat' dir='ltr'><strong>Neapolitani,</strong></span> <span class='ocrx_word' id='word_1_177' title='bbox 1511 3838 1583 3903; x_wconf 93' lang='lat' dir='ltr'><strong>quod</strong></span> 
     </span>
     <span class='ocr_line' id='line_1_21' title="bbox 335 3914 1583 3981; baseline -0.002 -15"><span class='ocrx_word' id='word_1_178' title='bbox 335 3914 495 3966; x_wconf 78' lang='lat' dir='ltr'><strong>Niebubrius</strong></span> <span class='ocrx_word' id='word_1_179' title='bbox 512 3915 683 3981; x_wconf 79' lang='lat' dir='ltr'><strong>possederat.</strong></span> <span class='ocrx_word' id='word_1_180' title='bbox 708 3916 810 3973; x_wconf 84' lang='lat' dir='ltr'><strong>inveni.</strong></span> <span class='ocrx_word' id='word_1_181' title='bbox 832 3916 907 3966; x_wconf 89' lang='lat' dir='ltr'><strong>cuius</strong></span> <span class='ocrx_word' id='word_1_182' title='bbox 923 3929 975 3966; x_wconf 90' lang='lat' dir='ltr'><strong>usu</strong></span> <span class='ocrx_word' id='word_1_183' title='bbox 992 3929 1007 3964; x_wconf 92' lang='lat' dir='ltr'><strong>a</strong></span> <span class='ocrx_word' id='word_1_184' title='bbox 1025 3917 1162 3966; x_wconf 72' lang='lat' dir='ltr'><strong>Carmania</strong></span> <span class='ocrx_word' id='word_1_185' title='bbox 1179 3915 1243 3966; x_wconf 89' lang='lat' dir='ltr'><strong>mibi</strong></span> <span class='ocrx_word' id='word_1_186' title='bbox 1260 3928 1390 3967; x_wconf 86' lang='lat' dir='ltr'><strong>concesso</strong></span> <span class='ocrx_word' id='word_1_187' title='bbox 1407 3915 1539 3980; x_wconf 89' lang='lat' dir='ltr'><strong>quaedam</strong></span> <span class='ocrx_word' id='word_1_188' title='bbox 1557 3917 1583 3964; x_wconf 89' lang='lat' dir='ltr'><strong>in</strong></span> 
     </span>
     <span class='ocr_line' id='line_1_22' title="bbox 337 3986 1583 4057; baseline -0.001 -17"><span class='ocrx_word' id='word_1_189' title='bbox 337 3991 490 4057; x_wconf 70' lang='lat' dir='ltr'><strong>apographo</strong></span> <span class='ocrx_word' id='word_1_190' title='bbox 507 3988 626 4054; x_wconf 80' lang='lat' dir='ltr'><strong>neglecta</strong></span> <span class='ocrx_word' id='word_1_191' title='bbox 644 3990 778 4054; x_wconf 81' lang='lat' dir='ltr'><strong>corrigere</strong></span> <span class='ocrx_word' id='word_1_192' title='bbox 795 3988 875 4041; x_wconf 90' lang='lat' dir='ltr'><strong>licuit.</strong></span> <span class='ocrx_word' id='word_1_193' title='bbox 903 3991 1044 4041; x_wconf 85' lang='lat' dir='ltr'><strong>Praeterea</strong></span> <span class='ocrx_word' id='word_1_194' title='bbox 1061 3991 1087 4041; x_wconf 92' lang='lat' dir='ltr'><strong>in</strong></span> <span class='ocrx_word' id='word_1_195' title='bbox 1099 3990 1170 4040; x_wconf 91' lang='lat' dir='ltr'><strong>baud</strong></span> <span class='ocrx_word' id='word_1_196' title='bbox 1182 3991 1274 4056; x_wconf 85' lang='lat' dir='ltr'><strong>paucis</strong></span> <span class='ocrx_word' id='word_1_197' title='bbox 1286 3989 1364 4052; x_wconf 89' lang='lat' dir='ltr'><strong>locis,</strong></span> <span class='ocrx_word' id='word_1_198' title='bbox 1381 3989 1516 4055; x_wconf 91' lang='lat' dir='ltr'><strong>inquibus</strong></span> <span class='ocrx_word' id='word_1_199' title='bbox 1527 3986 1583 4040; x_wconf 89' lang='lat' dir='ltr'><strong>cal-</strong></span> 
     </span>
     <span class='ocr_line' id='line_1_23' title="bbox 337 4063 1581 4131; baseline -0.001 -15"><span class='ocrx_word' id='word_1_200' title='bbox 337 4064 398 4118; x_wconf 87' lang='grc'><strong>44444</strong></span> <span class='ocrx_word' id='word_1_201' title='bbox 423 4078 520 4131; x_wconf 90' lang='lat' dir='ltr'><strong>parum</strong></span> <span class='ocrx_word' id='word_1_202' title='bbox 545 4067 668 4116; x_wconf 89' lang='lat' dir='ltr'><strong>accurata</strong></span> <span class='ocrx_word' id='word_1_203' title='bbox 693 4063 848 4125; x_wconf 87' lang='lat' dir='ltr'><strong>videbatur,</strong></span> <span class='ocrx_word' id='word_1_204' title='bbox 876 4065 998 4116; x_wconf 88' lang='lat' dir='ltr'><strong>codicem</strong></span> <span class='ocrx_word' id='word_1_205' title='bbox 1024 4066 1111 4129; x_wconf 90' lang='lat' dir='ltr'><strong>ipsum</strong></span> <span class='ocrx_word' id='word_1_206' title='bbox 1137 4065 1225 4117; x_wconf 89' lang='lat' dir='ltr'><strong>denuo</strong></span> <span class='ocrx_word' id='word_1_207' title='bbox 1250 4067 1311 4116; x_wconf 79' lang='lat' dir='ltr'><strong>Cas.</strong></span> <span class='ocrx_word' id='word_1_208' title='bbox 1330 4068 1446 4117; x_wconf 78' lang='lat' dir='ltr'><strong>Pausias</strong></span> <span class='ocrx_word' id='word_1_209' title='bbox 1463 4068 1491 4117; x_wconf 91' lang='lat' dir='ltr'><strong>st</strong></span> <span class='ocrx_word' id='word_1_210' title='bbox 1506 4067 1581 4116; x_wconf 80' lang='lat' dir='ltr'><strong>beor.</strong></span> 
     </span>
     <span class='ocr_line' id='line_1_24' title="bbox 337 4139 1585 4206; baseline -0.002 -14"><span class='ocrx_word' id='word_1_211' title='bbox 337 4142 487 4193; x_wconf 79' lang='lat' dir='ltr'><strong>Scaurnrros</strong></span> <span class='ocrx_word' id='word_1_212' title='bbox 504 4141 690 4206; x_wconf 86' lang='lat' dir='ltr'><strong>inspexerunt,</strong></span> <span class='ocrx_word' id='word_1_213' title='bbox 715 4139 787 4205; x_wconf 91' lang='lat' dir='ltr'><strong>quod</strong></span> <span class='ocrx_word' id='word_1_214' title='bbox 804 4142 946 4206; x_wconf 89' lang='lat' dir='ltr'><strong>propterea</strong></span> <span class='ocrx_word' id='word_1_215' title='bbox 964 4152 1076 4201; x_wconf 84' lang='lat' dir='ltr'><strong>moneo,</strong></span> <span class='ocrx_word' id='word_1_216' title='bbox 1101 4142 1225 4205; x_wconf 85' lang='lat' dir='ltr'><strong>nequis,</strong></span> <span class='ocrx_word' id='word_1_217' title='bbox 1247 4142 1274 4193; x_wconf 92' lang='lat' dir='ltr'><strong>in</strong></span> <span class='ocrx_word' id='word_1_218' title='bbox 1291 4142 1367 4193; x_wconf 92' lang='lat' dir='ltr'><strong>cuius</strong></span> <span class='ocrx_word' id='word_1_219' title='bbox 1383 4153 1478 4192; x_wconf 86' lang='lat' dir='ltr'><strong>manua</strong></span> <span class='ocrx_word' id='word_1_220' title='bbox 1495 4151 1585 4192; x_wconf 76' lang='grc'><strong>44444-</strong></span> 
     </span>
     <span class='ocr_line' id='line_1_25' title="bbox 337 4212 1584 4280; baseline -0.001 -14"><span class='ocrx_word' id='word_1_221' title='bbox 337 4213 410 4280; x_wconf 93' lang='lat' dir='ltr'><strong>plum</strong></span> <span class='ocrx_word' id='word_1_222' title='bbox 426 4213 635 4266; x_wconf 80' lang='lat' dir='ltr'><strong>Niebubrianum</strong></span> <span class='ocrx_word' id='word_1_223' title='bbox 653 4216 819 4280; x_wconf 85' lang='lat' dir='ltr'><strong>pervenerit,</strong></span> <span class='ocrx_word' id='word_1_224' title='bbox 847 4215 921 4266; x_wconf 87' lang='lat' dir='ltr'><strong>novis</strong></span> <span class='ocrx_word' id='word_1_225' title='bbox 938 4212 1097 4266; x_wconf 89' lang='lat' dir='ltr'><strong>lectionibus</strong></span> <span class='ocrx_word' id='word_1_226' title='bbox 1114 4228 1129 4264; x_wconf 94' lang='lat' dir='ltr'><strong>a</strong></span> <span class='ocrx_word' id='word_1_227' title='bbox 1146 4214 1223 4266; x_wconf 93' lang='lat' dir='ltr'><strong>nobis</strong></span> <span class='ocrx_word' id='word_1_228' title='bbox 1240 4217 1266 4266; x_wconf 92' lang='lat' dir='ltr'><strong>in</strong></span> <span class='ocrx_word' id='word_1_229' title='bbox 1284 4216 1476 4268; x_wconf 86' lang='lat' dir='ltr'><strong>commentario</strong></span> <span class='ocrx_word' id='word_1_230' title='bbox 1492 4216 1584 4268; x_wconf 71' lang='lat' dir='ltr'><strong>criden</strong></span> 
     </span>
     <span class='ocr_line' id='line_1_26' title="bbox 338 4288 680 4355; baseline -0.003 -14"><span class='ocrx_word' id='word_1_231' title='bbox 338 4288 445 4355; x_wconf 90' lang='lat' dir='ltr'><strong>prolatis</strong></span> <span class='ocrx_word' id='word_1_232' title='bbox 462 4289 544 4341; x_wconf 88' lang='lat' dir='ltr'><strong>tidem</strong></span> <span class='ocrx_word' id='word_1_233' title='bbox 560 4289 680 4353; x_wconf 80' lang='lat' dir='ltr'><strong>deroget.</strong></span> 
     </span>
    </p>

    <p class='ocr_par' dir='ltr' id='par_1_9' title="bbox 295 4362 1584 4581">
     <span class='ocr_line' id='line_1_27' title="bbox 295 4362 1583 4429; baseline 0 -13"><span class='ocrx_word' id='word_1_234' title='bbox 295 4385 321 4406; x_wconf 67' lang='lat' dir='ltr'>a</span> <span class='ocrx_word' id='word_1_235' title='bbox 338 4364 422 4416; x_wconf 82' lang='lat' dir='ltr'><strong>codar</strong></span> <span class='ocrx_word' id='word_1_236' title='bbox 445 4364 617 4427; x_wconf 84' lang='lat' dir='ltr'><strong>Eriurtensis,</strong></span> <span class='ocrx_word' id='word_1_237' title='bbox 645 4378 716 4416; x_wconf 91' lang='lat' dir='ltr'><strong>nunc</strong></span> <span class='ocrx_word' id='word_1_238' title='bbox 736 4362 928 4425; x_wconf 78' lang='lat' dir='ltr'><strong>berolinensis,</strong></span> <span class='ocrx_word' id='word_1_239' title='bbox 956 4365 982 4414; x_wconf 93' lang='lat' dir='ltr'><strong>in</strong></span> <span class='ocrx_word' id='word_1_240' title='bbox 1005 4376 1060 4428; x_wconf 93' lang='lat' dir='ltr'><strong>quo</strong></span> <span class='ocrx_word' id='word_1_241' title='bbox 1080 4377 1141 4415; x_wconf 92' lang='lat' dir='ltr'><strong>curn</strong></span> <span class='ocrx_word' id='word_1_242' title='bbox 1167 4366 1250 4415; x_wconf 90' lang='lat' dir='ltr'><strong>oratio</strong></span> <span class='ocrx_word' id='word_1_243' title='bbox 1271 4363 1379 4416; x_wconf 89' lang='lat' dir='ltr'><strong>saeculo</strong></span> <span class='ocrx_word' id='word_1_244' title='bbox 1399 4365 1464 4416; x_wconf 78' lang='lat' dir='ltr'><strong>xvi.</strong></span> <span class='ocrx_word' id='word_1_245' title='bbox 1483 4366 1583 4429; x_wconf 72' lang='lat' dir='ltr'><strong>integra</strong></span> 
     </span>
     <span class='ocr_line' id='line_1_28' title="bbox 338 4438 1584 4506; baseline 0 -15"><span class='ocrx_word' id='word_1_246' title='bbox 338 4440 494 4502; x_wconf 73' lang='grc'><strong>4444444444,</strong></span> <span class='ocrx_word' id='word_1_247' title='bbox 521 4453 593 4491; x_wconf 94' lang='lat' dir='ltr'><strong>nunc</strong></span> <span class='ocrx_word' id='word_1_248' title='bbox 618 4440 644 4492; x_wconf 92' lang='lat' dir='ltr'><strong>ln</strong></span> <span class='ocrx_word' id='word_1_249' title='bbox 669 4453 722 4491; x_wconf 93' lang='lat' dir='ltr'><strong>uno</strong></span> <span class='ocrx_word' id='word_1_250' title='bbox 747 4438 808 4491; x_wconf 91' lang='lat' dir='ltr'><strong>lolio</strong></span> <span class='ocrx_word' id='word_1_251' title='bbox 833 4439 924 4490; x_wconf 91' lang='lat' dir='ltr'><strong>relicto</strong></span> <span class='ocrx_word' id='word_1_252' title='bbox 948 4452 1001 4491; x_wconf 92' lang='lat' dir='ltr'><strong>non</strong></span> <span class='ocrx_word' id='word_1_253' title='bbox 1022 4443 1147 4504; x_wconf 84' lang='lat' dir='ltr'><strong>superest</strong></span> <span class='ocrx_word' id='word_1_254' title='bbox 1167 4441 1216 4492; x_wconf 87' lang='lat' dir='ltr'><strong>nisi</strong></span> <span class='ocrx_word' id='word_1_255' title='bbox 1240 4444 1358 4491; x_wconf 83' lang='lat' dir='ltr'><strong>extrema</strong></span> <span class='ocrx_word' id='word_1_256' title='bbox 1378 4443 1504 4492; x_wconf 90' lang='lat' dir='ltr'><strong>orationis</strong></span> <span class='ocrx_word' id='word_1_257' title='bbox 1522 4453 1584 4506; x_wconf 89' lang='lat' dir='ltr'><strong>pars</strong></span> 
     </span>
     <span class='ocr_line' id='line_1_29' title="bbox 338 4514 1383 4581; baseline 0 -14"><span class='ocrx_word' id='word_1_258' title='bbox 338 4515 363 4581; x_wconf 69' lang='grc'><strong>4.</strong></span> <span class='ocrx_word' id='word_1_259' title='bbox 381 4515 410 4567; x_wconf 90' lang='grc'><strong>84</strong></span> <span class='ocrx_word' id='word_1_260' title='bbox 430 4528 503 4581; x_wconf 84' lang='lat' dir='ltr'><strong>sqq,</strong></span> <span class='ocrx_word' id='word_1_261' title='bbox 521 4514 588 4566; x_wconf 89' lang='lat' dir='ltr'><strong>loliis</strong></span> <span class='ocrx_word' id='word_1_262' title='bbox 605 4516 732 4581; x_wconf 85' lang='lat' dir='ltr'><strong>proximis</strong></span> <span class='ocrx_word' id='word_1_263' title='bbox 749 4515 932 4581; x_wconf 85' lang='lat' dir='ltr'><strong>superioribus</strong></span> <span class='ocrx_word' id='word_1_264' title='bbox 940 4515 1101 4580; x_wconf 54' lang='lat' dir='ltr'><strong>temporum</strong></span> <span class='ocrx_word' id='word_1_265' title='bbox 1117 4515 1211 4567; x_wconf 89' lang='lat' dir='ltr'><strong>iniuria</strong></span> <span class='ocrx_word' id='word_1_266' title='bbox 1228 4514 1383 4581; x_wconf 88' lang='lat' dir='ltr'><strong>deperditis.</strong></span> 
     </span>
    </p>

    <p class='ocr_par' dir='ltr' id='par_1_10' title="bbox 296 4588 1589 5255">
     <span class='ocr_line' id='line_1_30' title="bbox 296 4588 1586 4656; baseline -0.001 -14"><span class='ocrx_word' id='word_1_267' title='bbox 296 4607 322 4628; x_wconf 84' lang='lat'><em>=</em></span> <span class='ocrx_word' id='word_1_268' title='bbox 339 4589 424 4642; x_wconf 82' lang='lat' dir='ltr'><strong>codex</strong></span> <span class='ocrx_word' id='word_1_269' title='bbox 439 4589 617 4642; x_wconf 84' lang='lat' dir='ltr'><strong>Bruxeliensis</strong></span> <span class='ocrx_word' id='word_1_270' title='bbox 635 4602 708 4641; x_wconf 91' lang='lat' dir='ltr'><strong>num.</strong></span> <span class='ocrx_word' id='word_1_271' title='bbox 728 4591 808 4652; x_wconf 83' lang='grc'><strong>0743,</strong></span> <span class='ocrx_word' id='word_1_272' title='bbox 832 4589 866 4640; x_wconf 89' lang='lat' dir='ltr'><strong>ab</strong></span> <span class='ocrx_word' id='word_1_273' title='bbox 884 4591 903 4640; x_wconf 92' lang='lat' dir='ltr'><strong>l.</strong></span> <span class='ocrx_word' id='word_1_274' title='bbox 923 4592 1022 4641; x_wconf 80' lang='lat' dir='ltr'><strong>llouaaa</strong></span> <span class='ocrx_word' id='word_1_275' title='bbox 1040 4588 1159 4641; x_wconf 88' lang='lat' dir='ltr'><strong>collatus.</strong></span> <span class='ocrx_word' id='word_1_276' title='bbox 1193 4590 1276 4643; x_wconf 86' lang='lat' dir='ltr'><strong>liuius</strong></span> <span class='ocrx_word' id='word_1_277' title='bbox 1293 4589 1406 4651; x_wconf 84' lang='lat' dir='ltr'><strong>codicis,</strong></span> <span class='ocrx_word' id='word_1_278' title='bbox 1424 4593 1470 4656; x_wconf 92' lang='lat' dir='ltr'><strong>qai</strong></span> <span class='ocrx_word' id='word_1_279' title='bbox 1487 4590 1586 4642; x_wconf 90' lang='lat' dir='ltr'><strong>laedis·</strong></span> 
     </span>
     <span class='ocr_line' id='line_1_31' title="bbox 339 4664 1585 4731; baseline -0.002 -14"><span class='ocrx_word' id='word_1_280' title='bbox 339 4667 405 4718; x_wconf 89' lang='lat' dir='ltr'><strong>sime</strong></span> <span class='ocrx_word' id='word_1_281' title='bbox 422 4664 465 4717; x_wconf 87' lang='lat' dir='ltr'><strong>ille</strong></span> <span class='ocrx_word' id='word_1_282' title='bbox 483 4665 592 4731; x_wconf 89' lang='lat' dir='ltr'><strong>qnidam</strong></span> <span class='ocrx_word' id='word_1_283' title='bbox 609 4664 782 4731; x_wconf 89' lang='lat' dir='ltr'><strong>interpolatus</strong></span> <span class='ocrx_word' id='word_1_284' title='bbox 799 4667 826 4716; x_wconf 95' lang='grc'><strong>44</strong></span> <span class='ocrx_word' id='word_1_285' title='bbox 842 4664 947 4716; x_wconf 88' lang='lat' dir='ltr'><strong>mendis</strong></span> <span class='ocrx_word' id='word_1_286' title='bbox 965 4665 1052 4715; x_wconf 90' lang='lat' dir='ltr'><strong>omnis</strong></span> <span class='ocrx_word' id='word_1_287' title='bbox 1068 4664 1174 4728; x_wconf 81' lang='lat' dir='ltr'><strong>generis</strong></span> <span class='ocrx_word' id='word_1_288' title='bbox 1191 4665 1305 4716; x_wconf 77' lang='lat' dir='ltr'><strong>retortus</strong></span> <span class='ocrx_word' id='word_1_289' title='bbox 1319 4667 1373 4724; x_wconf 86' lang='grc'><strong>444,</strong></span> <span class='ocrx_word' id='word_1_290' title='bbox 1390 4664 1439 4715; x_wconf 92' lang='lat' dir='ltr'><strong>sed</strong></span> <span class='ocrx_word' id='word_1_291' title='bbox 1455 4677 1585 4731; x_wconf 87' lang='lat' dir='ltr'><strong>persaepe</strong></span> 
     </span>
     <span class='ocr_line' id='line_1_32' title="bbox 340 4737 1587 4801; baseline -0.003 -10"><span class='ocrx_word' id='word_1_292' title='bbox 340 4739 467 4792; x_wconf 86' lang='lat' dir='ltr'><strong>lectiones</strong></span> <span class='ocrx_word' id='word_1_293' title='bbox 484 4738 601 4790; x_wconf 89' lang='lat' dir='ltr'><strong>melioris</strong></span> <span class='ocrx_word' id='word_1_294' title='bbox 618 4737 730 4790; x_wconf 90' lang='lat' dir='ltr'><strong>lamiliae</strong></span> <span class='ocrx_word' id='word_1_295' title='bbox 748 4738 843 4801; x_wconf 82' lang='lat' dir='ltr'><strong>babet,</strong></span> <span class='ocrx_word' id='word_1_296' title='bbox 862 4739 1011 4792; x_wconf 89' lang='lat' dir='ltr'><strong>simillimus</strong></span> <span class='ocrx_word' id='word_1_297' title='bbox 1022 4739 1132 4792; x_wconf 87' lang='lat' dir='ltr'><strong>eratille</strong></span> <span class='ocrx_word' id='word_1_298' title='bbox 1144 4741 1229 4792; x_wconf 82' lang='lat' dir='ltr'><strong>codar</strong></span> <span class='ocrx_word' id='word_1_299' title='bbox 1241 4740 1393 4800; x_wconf 86' lang='lat' dir='ltr'><strong>Parcensla,</strong></span> <span class='ocrx_word' id='word_1_300' title='bbox 1411 4740 1487 4791; x_wconf 88' lang='lat' dir='ltr'><strong>cuius</strong></span> <span class='ocrx_word' id='word_1_301' title='bbox 1497 4737 1587 4790; x_wconf 84' lang='lat' dir='ltr'><strong>lectio·</strong></span> 
     </span>
     <span class='ocr_line' id='line_1_33' title="bbox 340 4813 1587 4880; baseline -0.003 -15"><span class='ocrx_word' id='word_1_302' title='bbox 340 4827 387 4867; x_wconf 91' lang='lat' dir='ltr'><strong>nes</strong></span> <span class='ocrx_word' id='word_1_303' title='bbox 408 4827 425 4864; x_wconf 91' lang='grc'><strong>4</strong></span> <span class='ocrx_word' id='word_1_304' title='bbox 443 4815 542 4866; x_wconf 84' lang='lat' dir='ltr'><strong>Lavino</strong></span> <span class='ocrx_word' id='word_1_305' title='bbox 565 4815 703 4865; x_wconf 83' lang='lat' dir='ltr'><strong>Torrentio</strong></span> <span class='ocrx_word' id='word_1_306' title='bbox 725 4813 760 4864; x_wconf 92' lang='lat' dir='ltr'><strong>ad</strong></span> <span class='ocrx_word' id='word_1_307' title='bbox 780 4815 912 4878; x_wconf 78' lang='lat' dir='ltr'><strong>margines</strong></span> <span class='ocrx_word' id='word_1_308' title='bbox 930 4815 974 4867; x_wconf 91' lang='lat' dir='ltr'><strong>ed.</strong></span> <span class='ocrx_word' id='word_1_309' title='bbox 992 4817 1158 4868; x_wconf 85' lang='lat' dir='ltr'><strong>llanotianse</strong></span> <span class='ocrx_word' id='word_1_310' title='bbox 1176 4817 1277 4880; x_wconf 84' lang='lat' dir='ltr'><strong>(venat</strong></span> <span class='ocrx_word' id='word_1_311' title='bbox 1295 4815 1368 4867; x_wconf 89' lang='grc'><strong>4544.</strong></span> <span class='ocrx_word' id='word_1_312' title='bbox 1387 4813 1424 4874; x_wconf 89' lang='grc'><strong>8.)</strong></span> <span class='ocrx_word' id='word_1_313' title='bbox 1441 4813 1587 4877; x_wconf 81' lang='lat' dir='ltr'><strong>exscriptas</strong></span> 
     </span>
     <span class='ocr_line' id='line_1_34' title="bbox 340 4887 1585 4955; baseline -0.002 -14"><span class='ocrx_word' id='word_1_314' title='bbox 340 4887 449 4941; x_wconf 88' lang='lat' dir='ltr'><strong>Orellius</strong></span> <span class='ocrx_word' id='word_1_315' title='bbox 473 4889 500 4940; x_wconf 92' lang='lat' dir='ltr'><strong>in</strong></span> <span class='ocrx_word' id='word_1_316' title='bbox 520 4890 602 4940; x_wconf 81' lang='lat' dir='ltr'><strong>Orati.</strong></span> <span class='ocrx_word' id='word_1_317' title='bbox 622 4887 679 4940; x_wconf 86' lang='lat' dir='ltr'><strong>sall.</strong></span> <span class='ocrx_word' id='word_1_318' title='bbox 696 4887 742 4939; x_wconf 75' lang='lat' dir='ltr'><strong>XV</strong></span> <span class='ocrx_word' id='word_1_319' title='bbox 759 4888 854 4952; x_wconf 80' lang='lat' dir='ltr'><strong>(Turici</strong></span> <span class='ocrx_word' id='word_1_320' title='bbox 872 4890 946 4942; x_wconf 86' lang='grc'><strong>4834.</strong></span> <span class='ocrx_word' id='word_1_321' title='bbox 965 4890 1000 4955; x_wconf 78' lang='grc'><strong>8.)</strong></span> <span class='ocrx_word' id='word_1_322' title='bbox 1023 4903 1074 4944; x_wconf 84' lang='grc'><strong>444</strong></span> <span class='ocrx_word' id='word_1_323' title='bbox 1096 4894 1186 4942; x_wconf 67' lang='lat' dir='ltr'><strong>umen</strong></span> <span class='ocrx_word' id='word_1_324' title='bbox 1208 4891 1272 4942; x_wconf 86' lang='grc'><strong>44444</strong></span> <span class='ocrx_word' id='word_1_325' title='bbox 1294 4891 1418 4941; x_wconf 88' lang='lat' dir='ltr'><strong>accurata</strong></span> <span class='ocrx_word' id='word_1_326' title='bbox 1434 4887 1585 4954; x_wconf 86' lang='lat' dir='ltr'><strong>publicavit.</strong></span> 
     </span>
     <span class='ocr_line' id='line_1_35' title="bbox 339 4960 1588 5028; baseline -0.001 -17"><span class='ocrx_word' id='word_1_327' title='bbox 339 4962 408 5016; x_wconf 82' lang='lat' dir='ltr'><strong>llum</strong></span> <span class='ocrx_word' id='word_1_328' title='bbox 429 4963 502 5015; x_wconf 91' lang='lat' dir='ltr'><strong>idem</strong></span> <span class='ocrx_word' id='word_1_329' title='bbox 525 4963 609 5015; x_wconf 85' lang='lat' dir='ltr'><strong>codex</strong></span> <span class='ocrx_word' id='word_1_330' title='bbox 634 4963 758 5014; x_wconf 88' lang='lat' dir='ltr'><strong>luerit-</strong></span> <span class='ocrx_word' id='word_1_331' title='bbox 777 4977 840 5014; x_wconf 92' lang='lat' dir='ltr'><strong>nam</strong></span> <span class='ocrx_word' id='word_1_332' title='bbox 861 4963 962 5028; x_wconf 88' lang='lat' dir='ltr'><strong>aliquot</strong></span> <span class='ocrx_word' id='word_1_333' title='bbox 983 4963 1048 5018; x_wconf 91' lang='lat' dir='ltr'><strong>locis</strong></span> <span class='ocrx_word' id='word_1_334' title='bbox 1069 4964 1197 5017; x_wconf 87' lang='lat' dir='ltr'><strong>lectiones</strong></span> <span class='ocrx_word' id='word_1_335' title='bbox 1214 4965 1352 5017; x_wconf 81' lang='lat' dir='ltr'><strong>Parcensia</strong></span> <span class='ocrx_word' id='word_1_336' title='bbox 1368 4966 1397 5015; x_wconf 88' lang='lat' dir='ltr'><strong>et</strong></span> <span class='ocrx_word' id='word_1_337' title='bbox 1410 4960 1588 5014; x_wconf 79' lang='lat' dir='ltr'><strong>bruxellensis</strong></span> 
     </span>
     <span class='ocr_line' id='line_1_36' title="bbox 340 5035 1589 5105; baseline -0.005 -15"><span class='ocrx_word' id='word_1_338' title='bbox 340 5038 454 5091; x_wconf 87' lang='lat' dir='ltr'><strong>mulium</strong></span> <span class='ocrx_word' id='word_1_339' title='bbox 470 5038 624 5105; x_wconf 87' lang='lat' dir='ltr'><strong>discrepant</strong></span> <span class='ocrx_word' id='word_1_340' title='bbox 639 5066 687 5099; x_wconf 84' lang='lat'><strong>—‚</strong></span> <span class='ocrx_word' id='word_1_341' title='bbox 705 5041 848 5104; x_wconf 89' lang='lat' dir='ltr'><strong>propterea</strong></span> <span class='ocrx_word' id='word_1_342' title='bbox 865 5041 996 5091; x_wconf 88' lang='lat' dir='ltr'><strong>incertum</strong></span> <span class='ocrx_word' id='word_1_343' title='bbox 1014 5043 1069 5102; x_wconf 89' lang='lat' dir='ltr'><strong>eat,</strong></span> <span class='ocrx_word' id='word_1_344' title='bbox 1088 5039 1160 5104; x_wconf 94' lang='lat' dir='ltr'><strong>quod</strong></span> <span class='ocrx_word' id='word_1_345' title='bbox 1176 5041 1330 5092; x_wconf 83' lang='lat' dir='ltr'><strong>Torrentius</strong></span> <span class='ocrx_word' id='word_1_346' title='bbox 1341 5038 1421 5089; x_wconf 87' lang='lat' dir='ltr'><strong>eliam</strong></span> <span class='ocrx_word' id='word_1_347' title='bbox 1433 5035 1517 5087; x_wconf 90' lang='lat' dir='ltr'><strong>altero</strong></span> <span class='ocrx_word' id='word_1_348' title='bbox 1528 5037 1589 5087; x_wconf 67' lang='grc'><strong>4444-</strong></span> 
     </span>
     <span class='ocr_line' id='line_1_37' title="bbox 341 5111 1587 5180; baseline -0.006 -12"><span class='ocrx_word' id='word_1_349' title='bbox 341 5117 416 5168; x_wconf 88' lang='lat' dir='ltr'><strong>censi</strong></span> <span class='ocrx_word' id='word_1_350' title='bbox 432 5128 499 5168; x_wconf 90' lang='lat' dir='ltr'><strong>usus</strong></span> <span class='ocrx_word' id='word_1_351' title='bbox 516 5118 567 5166; x_wconf 87' lang='lat' dir='ltr'><strong>est.</strong></span> <span class='ocrx_word' id='word_1_352' title='bbox 595 5116 650 5166; x_wconf 89' lang='grc'><strong>4444</strong></span> <span class='ocrx_word' id='word_1_353' title='bbox 667 5113 767 5178; x_wconf 89' lang='lat' dir='ltr'><strong>aliquot</strong></span> <span class='ocrx_word' id='word_1_354' title='bbox 784 5115 904 5180; x_wconf 91' lang='lat' dir='ltr'><strong>proprias</strong></span> <span class='ocrx_word' id='word_1_355' title='bbox 920 5113 1050 5167; x_wconf 88' lang='lat' dir='ltr'><strong>lectiones</strong></span> <span class='ocrx_word' id='word_1_356' title='bbox 1068 5117 1219 5176; x_wconf 83' lang='lat' dir='ltr'><strong>Parcensis,</strong></span> <span class='ocrx_word' id='word_1_357' title='bbox 1237 5127 1307 5180; x_wconf 93' lang='lat' dir='ltr'><strong>quae</strong></span> <span class='ocrx_word' id='word_1_358' title='bbox 1324 5126 1376 5165; x_wconf 93' lang='lat' dir='ltr'><strong>non</strong></span> <span class='ocrx_word' id='word_1_359' title='bbox 1394 5113 1498 5164; x_wconf 83' lang='lat' dir='ltr'><strong>exstant</strong></span> <span class='ocrx_word' id='word_1_360' title='bbox 1514 5113 1540 5161; x_wconf 95' lang='lat' dir='ltr'><strong>in</strong></span> <span class='ocrx_word' id='word_1_361' title='bbox 1555 5111 1587 5171; x_wconf 82' lang='lat' dir='ltr'><strong>B,</strong></span> 
     </span>
     <span class='ocr_line' id='line_1_38' title="bbox 339 5190 1281 5255; baseline -0.001 -14"><span class='ocrx_word' id='word_1_362' title='bbox 339 5190 514 5255; x_wconf 86' lang='lat' dir='ltr'><strong>proterendas</strong></span> <span class='ocrx_word' id='word_1_363' title='bbox 530 5191 696 5255; x_wconf 82' lang='lat' dir='ltr'><strong>putavimus,</strong></span> <span class='ocrx_word' id='word_1_364' title='bbox 715 5190 912 5242; x_wconf 90' lang='lat' dir='ltr'><strong>consentientes</strong></span> <span class='ocrx_word' id='word_1_365' title='bbox 929 5203 1024 5242; x_wconf 88' lang='lat' dir='ltr'><strong>omnes</strong></span> <span class='ocrx_word' id='word_1_366' title='bbox 1042 5191 1281 5255; x_wconf 73' lang='lat' dir='ltr'><strong>praetermisimus</strong></span> 
     </span>
    </p>

    <p class='ocr_par' dir='ltr' id='par_1_11' title="bbox 259 5256 1588 5467">
     <span class='ocr_line' id='line_1_39' title="bbox 260 5256 1588 5330; baseline -0.008 -13"><span class='ocrx_word' id='word_1_367' title='bbox 260 5265 279 5317; x_wconf 83' lang='lat' dir='ltr'>S</span> <span class='ocrx_word' id='word_1_368' title='bbox 296 5289 321 5311; x_wconf 76' lang='grc' dir='ltr'>ι</span> <span class='ocrx_word' id='word_1_369' title='bbox 341 5264 427 5317; x_wconf 81' lang='lat' dir='ltr'><strong>codex</strong></span> <span class='ocrx_word' id='word_1_370' title='bbox 443 5263 652 5330; x_wconf 76' lang='lat' dir='ltr'><strong>salisburgensis</strong></span> <span class='ocrx_word' id='word_1_371' title='bbox 663 5263 764 5315; x_wconf 90' lang='lat' dir='ltr'><strong>aulicus</strong></span> <span class='ocrx_word' id='word_1_372' title='bbox 775 5277 801 5314; x_wconf 92' lang='lat' dir='ltr'><strong>n.</strong></span> <span class='ocrx_word' id='word_1_373' title='bbox 815 5263 856 5324; x_wconf 88' lang='grc'><strong>34,</strong></span> <span class='ocrx_word' id='word_1_374' title='bbox 868 5278 939 5316; x_wconf 87' lang='grc'><strong>4444</strong></span> <span class='ocrx_word' id='word_1_375' title='bbox 952 5265 1012 5317; x_wconf 85' lang='grc'><strong>444.</strong></span> <span class='ocrx_word' id='word_1_376' title='bbox 1025 5265 1190 5317; x_wconf 87' lang='lat' dir='ltr'><strong>lionacenais</strong></span> <span class='ocrx_word' id='word_1_377' title='bbox 1201 5266 1257 5315; x_wconf 84' lang='lat' dir='ltr'><strong>Lat.</strong></span> <span class='ocrx_word' id='word_1_378' title='bbox 1271 5261 1365 5324; x_wconf 78' lang='grc'><strong>45434,</strong></span> <span class='ocrx_word' id='word_1_379' title='bbox 1384 5275 1399 5312; x_wconf 91' lang='grc'><strong>4</strong></span> <span class='ocrx_word' id='word_1_380' title='bbox 1411 5273 1456 5314; x_wconf 93' lang='lat' dir='ltr'><strong>ms</strong></span> <span class='ocrx_word' id='word_1_381' title='bbox 1469 5256 1588 5310; x_wconf 90' lang='lat' dir='ltr'><strong>collatus.</strong></span> 
     </span>
     <span class='ocr_line' id='line_1_40' title="bbox 259 5337 1451 5405; baseline 0.003 -15"><span class='ocrx_word' id='word_1_382' title='bbox 259 5340 281 5390; x_wconf 89' lang='lat' dir='ltr'><strong>il</strong></span> <span class='ocrx_word' id='word_1_383' title='bbox 298 5365 324 5386; x_wconf 69' lang='lat'><strong>2.</strong></span> <span class='ocrx_word' id='word_1_384' title='bbox 341 5338 448 5391; x_wconf 87' lang='lat' dir='ltr'><strong>codices</strong></span> <span class='ocrx_word' id='word_1_385' title='bbox 464 5338 560 5404; x_wconf 89' lang='lat' dir='ltr'><strong>reliqui</strong></span> <span class='ocrx_word' id='word_1_386' title='bbox 575 5341 682 5405; x_wconf 88' lang='lat' dir='ltr'><strong>praeter</strong></span> <span class='ocrx_word' id='word_1_387' title='bbox 698 5338 853 5389; x_wconf 90' lang='lat' dir='ltr'><strong>nominatim</strong></span> <span class='ocrx_word' id='word_1_388' title='bbox 870 5338 962 5391; x_wconf 85' lang='grc'><strong>4444444</strong></span> <span class='ocrx_word' id='word_1_389' title='bbox 979 5340 1036 5391; x_wconf 87' lang='lat' dir='ltr'><strong>siva</strong></span> <span class='ocrx_word' id='word_1_390' title='bbox 1053 5340 1171 5392; x_wconf 85' lang='lat' dir='ltr'><strong>deterior</strong></span> <span class='ocrx_word' id='word_1_391' title='bbox 1186 5340 1310 5392; x_wconf 88' lang='lat' dir='ltr'><strong>codicum</strong></span> <span class='ocrx_word' id='word_1_392' title='bbox 1327 5337 1451 5394; x_wconf 84' lang='lat' dir='ltr'><strong>tamilla..</strong></span> 
     </span>
     <span class='ocr_line' id='line_1_41' title="bbox 260 5404 999 5467; baseline 0 -3"><span class='ocrx_word' id='word_1_393' title='bbox 260 5413 281 5464; x_wconf 95' lang='grc'><strong>0</strong></span> <span class='ocrx_word' id='word_1_394' title='bbox 298 5438 325 5461; x_wconf 69' lang='lat' dir='ltr'><strong>a</strong></span> <span class='ocrx_word' id='word_1_395' title='bbox 342 5413 422 5466; x_wconf 89' lang='lat' dir='ltr'><strong>editio</strong></span> <span class='ocrx_word' id='word_1_396' title='bbox 438 5413 567 5467; x_wconf 87' lang='lat' dir='ltr'><strong>Orelliana</strong></span> <span class='ocrx_word' id='word_1_397' title='bbox 584 5428 609 5466; x_wconf 91' lang='grc'><strong>4.</strong></span> <span class='ocrx_word' id='word_1_398' title='bbox 629 5415 701 5466; x_wconf 72' lang='lat' dir='ltr'><strong>teia.</strong></span> <span class='ocrx_word' id='word_1_399' title='bbox 990 5404 999 5426; x_wconf 78' lang='lat'>⁸</span> 
     </span>
    </p>
   </div>
   <div class='ocr_carea' id='block_1_7' title="bbox 259 5489 1697 5791">
    <p class='ocr_par' dir='ltr' id='par_1_12' title="bbox 259 5489 1697 5791">
     <span class='ocr_line' id='line_1_42' title="bbox 325 5489 1697 5564; baseline -0.007 -13"><span class='ocrx_word' id='word_1_400' title='bbox 325 5499 464 5552; x_wconf 76' lang='grc'><strong>44444444</strong></span> <span class='ocrx_word' id='word_1_401' title='bbox 482 5498 525 5550; x_wconf 90' lang='lat' dir='ltr'><strong>ed.</strong></span> <span class='ocrx_word' id='word_1_402' title='bbox 538 5497 726 5550; x_wconf 83' lang='lat' dir='ltr'><strong>Lambinlanae</strong></span> <span class='ocrx_word' id='word_1_403' title='bbox 744 5512 770 5549; x_wconf 93' lang='lat' dir='ltr'><strong>a.</strong></span> <span class='ocrx_word' id='word_1_404' title='bbox 783 5500 848 5552; x_wconf 85' lang='grc'><strong>4544</strong></span> <span class='ocrx_word' id='word_1_405' title='bbox 865 5499 981 5562; x_wconf 72' lang='lat' dir='ltr'><strong>integras</strong></span> <span class='ocrx_word' id='word_1_406' title='bbox 997 5498 1094 5550; x_wconf 80' lang='grc'><strong>4444444</strong></span> <span class='ocrx_word' id='word_1_407' title='bbox 1111 5509 1340 5564; x_wconf 80' lang='lat' dir='ltr'><strong>superuacaneum</strong></span> <span class='ocrx_word' id='word_1_408' title='bbox 1352 5496 1439 5546; x_wconf 84' lang='lat' dir='ltr'><strong>visum</strong></span> <span class='ocrx_word' id='word_1_409' title='bbox 1451 5496 1501 5551; x_wconf 88' lang='lat' dir='ltr'><strong>ast.</strong></span> <span class='ocrx_word' id='word_1_410' title='bbox 1520 5504 1589 5556; x_wconf 92' lang='lat' dir='ltr'><strong>quo·</strong></span> <span class='ocrx_word' id='word_1_411' title='bbox 1694 5489 1697 5495; x_wconf 89' lang='grc'><strong>’</strong></span> 
     </span>
     <span class='ocr_line' id='line_1_43' title="bbox 260 5565 1591 5631; baseline -0.008 -7"><span class='ocrx_word' id='word_1_412' title='bbox 260 5572 332 5625; x_wconf 89' lang='lat' dir='ltr'><strong>niam</strong></span> <span class='ocrx_word' id='word_1_413' title='bbox 353 5573 499 5626; x_wconf 80' lang='lat' dir='ltr'><strong>Lambinus</strong></span> <span class='ocrx_word' id='word_1_414' title='bbox 523 5573 551 5624; x_wconf 92' lang='lat' dir='ltr'><strong>in</strong></span> <span class='ocrx_word' id='word_1_415' title='bbox 572 5573 624 5624; x_wconf 90' lang='lat' dir='ltr'><strong>bac</strong></span> <span class='ocrx_word' id='word_1_416' title='bbox 646 5573 766 5624; x_wconf 89' lang='lat' dir='ltr'><strong>oratione</strong></span> <span class='ocrx_word' id='word_1_417' title='bbox 788 5573 907 5626; x_wconf 88' lang='lat' dir='ltr'><strong>subsidio</strong></span> <span class='ocrx_word' id='word_1_418' title='bbox 925 5573 1026 5625; x_wconf 88' lang='lat' dir='ltr'><strong>codicis</strong></span> <span class='ocrx_word' id='word_1_419' title='bbox 1045 5571 1133 5624; x_wconf 91' lang='lat' dir='ltr'><strong>bonas</strong></span> <span class='ocrx_word' id='word_1_420' title='bbox 1150 5575 1228 5625; x_wconf 82' lang='lat' dir='ltr'><strong>notae</strong></span> <span class='ocrx_word' id='word_1_421' title='bbox 1244 5571 1338 5623; x_wconf 86' lang='lat' dir='ltr'><strong>caruit.</strong></span> <span class='ocrx_word' id='word_1_422' title='bbox 1372 5572 1428 5621; x_wconf 87' lang='grc'><strong>4444</strong></span> <span class='ocrx_word' id='word_1_423' title='bbox 1444 5565 1591 5631; x_wconf 85' lang='lat' dir='ltr'><strong>quidquam</strong></span> 
     </span>
     <span class='ocr_line' id='line_1_44' title="bbox 259 5642 1592 5714; baseline -0.005 -13"><span class='ocrx_word' id='word_1_424' title='bbox 259 5642 348 5701; x_wconf 79' lang='lat' dir='ltr'><strong>banse</strong></span> <span class='ocrx_word' id='word_1_425' title='bbox 365 5647 448 5714; x_wconf 74' lang='lat' dir='ltr'><strong>lrnqis</strong></span> <span class='ocrx_word' id='word_1_426' title='bbox 463 5647 624 5701; x_wconf 83' lang='lat' dir='ltr'><strong>iliebnbrius</strong></span> <span class='ocrx_word' id='word_1_427' title='bbox 641 5650 668 5700; x_wconf 92' lang='lat' dir='ltr'><strong>in</strong></span> <span class='ocrx_word' id='word_1_428' title='bbox 684 5647 822 5700; x_wconf 91' lang='lat' dir='ltr'><strong>codicibus</strong></span> <span class='ocrx_word' id='word_1_429' title='bbox 839 5661 855 5701; x_wconf 90' lang='grc'><strong>4</strong></span> <span class='ocrx_word' id='word_1_430' title='bbox 872 5647 1061 5711; x_wconf 77' lang='lat' dir='ltr'><strong>lagomarsioo</strong></span> <span class='ocrx_word' id='word_1_431' title='bbox 1078 5645 1180 5700; x_wconf 82' lang='grc'><strong>44444444</strong></span> <span class='ocrx_word' id='word_1_432' title='bbox 1196 5647 1310 5709; x_wconf 80' lang='lat' dir='ltr'><strong>invenlt,</strong></span> <span class='ocrx_word' id='word_1_433' title='bbox 1328 5645 1428 5710; x_wconf 93' lang='lat' dir='ltr'><strong>quipps</strong></span> <span class='ocrx_word' id='word_1_434' title='bbox 1439 5642 1485 5707; x_wconf 89' lang='lat' dir='ltr'><strong>qui</strong></span> <span class='ocrx_word' id='word_1_435' title='bbox 1496 5651 1592 5692; x_wconf 80' lang='lat' dir='ltr'><strong>omnes</strong></span> 
     </span>
     <span class='ocr_line' id='line_1_45' title="bbox 259 5720 790 5791; baseline 0.004 -17"><span class='ocrx_word' id='word_1_436' title='bbox 259 5721 296 5774; x_wconf 86' lang='lat' dir='ltr'><strong>sd</strong></span> <span class='ocrx_word' id='word_1_437' title='bbox 311 5720 438 5776; x_wconf 82' lang='lat' dir='ltr'><strong>tamiltam</strong></span> <span class='ocrx_word' id='word_1_438' title='bbox 455 5723 616 5778; x_wconf 84' lang='lat' dir='ltr'><strong>deteriorem</strong></span> <span class='ocrx_word' id='word_1_439' title='bbox 631 5725 790 5791; x_wconf 80' lang='lat' dir='ltr'><strong>pertineant</strong></span> 
     </span>
    </p>
   </div>
   <div class='ocr_carea' id='block_1_8' title="bbox 825 5863 1031 5878">
    <p class='ocr_par' dir='ltr' id='par_1_13' title="bbox 825 5863 1031 5878">
     <span class='ocr_line' id='line_1_46' title="bbox 825 5863 1031 5878; baseline -0.005 -3"><span class='ocrx_word' id='word_1_440' title='bbox 825 5863 1031 5878; x_wconf 55' lang='lat'><strong>*-</strong></span> 
     </span>
    </p>
   </div>
   <div class='ocr_carea' id='block_1_9' title="bbox 305 5905 1377 5974">
    <p class='ocr_par' dir='ltr' id='par_1_14' title="bbox 305 5905 1377 5974">
     <span class='ocr_line' id='line_1_47' title="bbox 305 5905 1377 5974; baseline -0.003 -13"><span class='ocrx_word' id='word_1_441' title='bbox 305 5907 474 5961; x_wconf 78' lang='lat' dir='ltr'><strong>umora</strong></span> <span class='ocrx_word' id='word_1_442' title='bbox 1335 5905 1377 5974; x_wconf 68' lang='grc'><strong>44</strong></span> 
     </span>
    </p>
   </div>
   <div class='ocr_carea' id='block_1_10' title="bbox 0 0 1922 7348">
    <p class='ocr_par' dir='ltr' id='par_1_15' title="bbox 0 0 1922 7348">
     <span class='ocr_line' id='line_1_48' title="bbox 0 0 1922 7348; baseline 0 0"><span class='ocrx_word' id='word_1_443' title='bbox 0 0 1922 7348; x_wconf 95' lang='lat' dir='ltr'><strong> </strong></span> 
     </span>
    </p>
   </div>
  </div>
 </body>
</html>
