3800 7350
325 1159 407 1228 l088
751 1169 905 1238 oaaslo
927 1174 969 1238 ΙΝ
990 1174 1026 1238 L.
1047 1176 1225 1243 PISONEM

324 1340 417 1403 rebus
440 1340 518 1403 nihil
540 1348 588 1404 est
609 1341 696 1425 quod
717 1341 854 1405 solidum
878 1351 1001 1419 tenere,
1035 1345 1115 1407 nihil
1144 1347 1229 1429 quod
1251 1345 1367 1409 referre
1388 1346 1427 1410 ad
1451 1345 1644 1429 voluptatem

325 1435 463 1515 corporis
485 1435 597 1517 possis.
641 1430 691 1497 ol.
725 1433 812 1510 Quin
835 1444 868 1499 tu
891 1439 1068 1513 merides,
1092 1440 1163 1523 qui,
1186 1441 1552 1522 exquaprovinciaT.
1575 1440 1645 1502 Fla-

324 1528 477 1603 mininus,
500 1530 535 1590 L.
557 1527 689 1603 Paulus,
713 1529 751 1604 Q.
773 1530 936 1605 Metellus,
959 1533 994 1594 T.
1015 1533 1144 1608 Didius,
1167 1533 1412 1596 innumerabiles
1441 1534 1494 1596 alii
1517 1534 1644 1597 levitate

324 1627 355 1682 et
377 1620 549 1703 cupiditate
578 1623 724 1685 commoti
754 1623 1003 1707 triumpharunt,
1036 1646 1077 1688 ex
1108 1648 1146 1689 ea
1175 1628 1222 1690 sic
1254 1627 1351 1702 redii,
1385 1635 1420 1689 ut
1451 1628 1491 1691 ad
1523 1636 1644 1712 portam

300 1713 519 1797 eEsquilinam
550 1715 785 1779 Macedonicam
819 1717 957 1780 lauream
991 1720 1216 1795 conculcarim,
1260 1723 1328 1804 ipse
1361 1742 1431 1784 cum
1465 1722 1645 1786 hominibus

322 1807 503 1890 quindecim
530 1808 611 1871 male
641 1810 762 1872 vestitis
791 1811 830 1873 ad
858 1820 981 1893 portam
1005 1813 1273 1879 Caelimontanam
1295 1817 1404 1879 sitiens
1426 1818 1645 1899 pervenerim:

322 1923 385 1984 quo
408 1903 440 1964 in
465 1904 534 1966 loco
557 1902 635 1966 mihi
658 1903 788 1966 libertus
809 1905 973 1987 praeclaro
995 1907 1177 1989 imperatori
1198 1909 1324 1972 domum
1348 1930 1389 1973 ex
1404 1909 1465 1973 hac
1481 1911 1532 1972 die
1547 1909 1645 1972 biduo

309 2000 393 2058 'ante
416 1996 624 2072 conduxerat3
655 2017 738 2082 quae
760 2018 858 2062 vacua
881 1999 908 2061 si
930 2019 995 2062 non
1017 1999 1144 2075 suisset,
1177 2002 1210 2065 in
1232 2024 1342 2086 campo
1363 2005 1476 2067 hlartio
1501 2004 1578 2067 mihi
1600 2012 1645 2066 ta-

319 2087 527 2153 bernaculum
549 2091 763 2154 collocassem.
817 2093 971 2156 Nummus
993 2094 1115 2157 interea
1136 2095 1230 2172 mihi,
1254 2097 1385 2171 Caesar,
1408 2097 1561 2180 neglectis
1583 2095 1645 2159 ser-

285 2183 401 2255 tooulis
433 2183 674 2268 triumphalibus
708 2186 791 2249 domi
823 2194 931 2251 manet
963 2195 995 2251 et
1026 2189 1176 2254 manebit.
1234 2191 1384 2255 Rationes
1417 2191 1457 2254 ad
1488 2190 1644 2253 aerarium

321 2277 488 2351 continuo,
519 2279 602 2341 sicut
621 2276 675 2343 lex
698 2287 750 2343 tua
772 2279 916 2356 iubebat,
939 2280 1056 2356 detuli,
1078 2303 1183 2367 neque
1205 2283 1268 2346 alia
1290 2283 1354 2347 ulla
1375 2286 1409 2347 in
1431 2305 1464 2347 re
1487 2285 1550 2366 legi
1572 2291 1644 2348 tuae

320 2372 421 2454 parui.
464 2370 550 2447 Quas
579 2373 717 2436 rationes
747 2374 774 2436 si
803 2377 967 2457 cognoris,
1000 2376 1160 2459 intelliges
1190 2378 1309 2440 nemini
1340 2377 1413 2461 plus
1444 2399 1538 2463 quam
1568 2378 1644 2441 mihi

320 2464 441 2529 litteras
455 2465 622 2549 proluisse.
666 2468 712 2529 lta
734 2467 818 2530 enim
840 2476 914 2532 sunt
935 2469 1129 2552 perscriptae
1152 2470 1228 2533 scite
1252 2479 1284 2532 et
1306 2470 1457 2545 litterate,
1480 2480 1514 2534 ut
1532 2472 1644 2544 scriba,

320 2558 361 2621 ad
382 2562 537 2623 aerarium
561 2561 617 2645 qui
639 2581 692 2624 eas
714 2561 849 2635 rettulit,
882 2562 1065 2645 perscriptis
1093 2562 1267 2626 rationibus
1295 2584 1400 2627 secum
1430 2566 1517 2648 ipse,
1552 2571 1645 2646 caput

284 2653 448 2719 tesinistra
469 2674 564 2717 manu
586 2654 776 2738 perfricans,
798 2662 1078 2719 commurmuratus
1100 2656 1160 2720 sit:

508 2749 588 2813 ratio
611 2749 742 2833 quidem
761 2748 868 2812 hercle
890 2756 1035 2832 apparet,
1058 2758 1222 2832 argentum
1244 2756 1395 2829 οἴχεται.»

319 2842 386 2906 llac
415 2851 450 2905 tu
481 2843 624 2906 oratione
656 2862 720 2905 non
750 2841 860 2905 dubito
892 2842 971 2925 quin
1000 2842 1090 2906 illum
1117 2844 1180 2908 iam
1209 2845 1431 2909 escendentem
1462 2846 1495 2907 in
1518 2865 1644 2908 currum

319 2958 466 3002 revocare
482 2937 596 3019 possis.
640 2937 754 2998 XXVl.
777 2932 828 2999 62.
844 2934 870 2998 0
885 2936 1051 3012 tenebrae,
1068 2937 1187 3012 lutum,
1202 2937 1329 3012 sordes,
1345 2959 1364 3001 o
1379 2941 1503 3022 paterni
1518 2939 1644 3023 generis

320 3031 433 3106 oblite,
455 3033 588 3095 materni
611 3031 664 3094 vix
686 3029 823 3093 memori
854 3029 901 3092 lta
921 3030 1029 3093 neseio
1052 3030 1130 3114 quid
1151 3031 1234 3094 istuc
1254 3030 1406 3106 tractum,
1429 3032 1567 3107 humile,
1591 3033 1646 3095 de-

282 3126 466 3200 aomissum,
488 3125 666 3199 sordidum,
687 3123 819 3186 interius
842 3122 937 3186 etiam
959 3130 1023 3197 est,
1047 3143 1142 3207 quam
1164 3131 1199 3186 ut
1220 3124 1449 3189 Mediolanensi
1474 3146 1643 3208 praecone,

319 3240 378 3283 avo
392 3227 463 3294 tuo,
486 3218 616 3302 dignum
632 3237 702 3281 esse
717 3216 871 3281 videatur.
906 3218 942 3278 L.
960 3215 1106 3292 Crassus,
1128 3218 1223 3281 bomo
1247 3218 1499 3302 sapientissimus
1515 3225 1643 3281 nostrae

319 3314 470 3389 civitatis,
503 3313 630 3396 spiculis
653 3332 753 3396 prope
776 3318 929 3374 scrutatus
952 3317 1001 3373 est
1022 3310 1137 3393 Alpes,
1171 3318 1225 3385 ut,
1259 3311 1312 3374 ubi
1342 3311 1443 3375 hostis
1471 3333 1534 3375 non
1566 3320 1643 3384 erat,

259 3429 263 3440 ·
318 3408 363 3470 ibi
393 3407 544 3490 triumphi
573 3426 698 3469 causam
727 3404 865 3487 aliquam
892 3411 1076 3489 quaereret:
1110 3406 1219 3468 eadem
1250 3405 1421 3488 cupiditate
1451 3407 1499 3470 vir
1520 3425 1642 3469 summo

318 3502 446 3584 ingenio
467 3500 645 3583 praeditus,
669 3498 701 3561 C.
725 3498 830 3571 Cotta,
853 3498 941 3561 nullo
965 3506 1050 3561 certo
1072 3497 1164 3562 hoste
1186 3499 1337 3581 flagrant.
1392 3500 1510 3562 Eorum
1532 3507 1644 3563 neuter

279 3595 540 3678 setriumphavit,
562 3591 648 3678 quod
671 3591 760 3654 alteri
782 3591 872 3654 illum
893 3591 1048 3655 honorem
1070 3590 1206 3674 collega,
1237 3591 1327 3655 alteri
1351 3614 1434 3656 mors
1456 3592 1642 3678 praeripuit.

317 3691 413 3754 lrrisa
435 3696 484 3753 est
504 3687 559 3751 abs
582 3696 612 3749 te
634 3686 729 3770 paulo
751 3693 823 3749 ante
846 3687 887 3748 hl.
903 3687 1026 3749 Pisonis
1049 3685 1205 3769 cupiditas
1227 3686 1461 3770 triumphandi,
1484 3707 1503 3749 a
1526 3695 1642 3770 quate

317 3767 411 3867 longe
437 3781 546 3847 dixisti
572 3779 759 3844 abhorrere:
794 3780 850 3863 qui
880 3780 974 3842 etiam
1004 3779 1030 3842 si
1054 3780 1159 3843 miuus
1181 3800 1328 3863 magnum
1350 3780 1469 3843 bellum
1492 3787 1642 3866 gesserat,

317 3886 355 3943 ut
374 3877 429 3941 abs
452 3886 482 3939 te
505 3876 624 3937 dictum
646 3881 711 3948 est,
733 3880 837 3936 tamen
858 3872 954 3936 istum
974 3870 1128 3937 honorem
1144 3874 1411 3936 contemnendum
1426 3893 1491 3936 non
1507 3872 1641 3957 putavit.

318 3975 367 4035 Tu
389 3969 542 4034 eruditior
564 3987 658 4051 quam
681 3967 770 4041 Piso,
798 3965 982 4049 prudentior
1004 3986 1098 4049 quam
1122 3966 1227 4042 Cotta,
1257 3967 1469 4031 abundantior
1492 3964 1639 4040 consilio,

280 4067 463 4150 aoingenio,
485 4062 758 4146 sapientiaquem
782 4058 926 4135 Crassum
949 4080 987 4123 ea
1008 4060 1199 4136 contemnis,
1222 4080 1304 4145 quae
1326 4060 1373 4123 illi
1395 4060 1527 4136 idiotae,
1548 4066 1586 4122 ut
1607 4066 1640 4121 tu

318 4159 473 4245 appellas,
506 4155 668 4240 praeclara
697 4153 864 4218 duxerunt.
908 4150 958 4216 63.
994 4152 1087 4229 Quod
1117 4153 1144 4216 si
1165 4152 1390 4238 reprehendis,
1425 4154 1513 4238 quod
1535 4151 1641 4236 cupidi

318 4273 454 4319 coronae
483 4252 610 4314 laureae
637 4248 769 4323 fuerint,
803 4269 874 4312 cum
902 4247 988 4312 bella
1008 4256 1062 4312 aut
1084 4266 1180 4331 parva
1202 4254 1259 4310 aut
1279 4246 1365 4309 nulla
1387 4247 1576 4330 gessissent,
1605 4254 1641 4309 tu

382 4451 407 4500 t.
425 4448 554 4514 pieminius
570 4444 648 4496 codd.
661 4443 790 4510 plerique.
807 4471 832 4480 -
852 4445 876 4495 3.
895 4444 993 4494 44444444
1008 4451 1031 4495 et
1042 4444 1077 4493 V:
1097 4445 1144 4495 leci
1155 4446 1174 4495 C
1185 4446 1204 4495 0
1218 4470 1245 4480 -
1266 4445 1290 4494 5.
1303 4443 1445 4494 conculcari
1462 4444 1523 4501 GP;
1541 4441 1642 4492 concul-

317 4527 384 4577 ccrit
399 4526 458 4576 Ε-
478 4525 502 4574 6.
521 4537 538 4572 c
554 4523 620 4573 mab
636 4521 667 4581 V,
686 4520 744 4571 tort.
759 4533 791 4569 er
807 4533 839 4568 oc
854 4519 919 4569 mete
936 4546 963 4556 -
984 4520 1007 4570 9.
1029 4521 1270 4571 ...terec--oides
1286 4533 1380 4582 quo...
1400 4533 1426 4584 p.
1441 4520 1543 4583 4089,5
1561 4518 1642 4570 habet

318 4604 338 4653 'l
356 4630 384 4639 -
402 4601 438 4650 mi
455 4600 549 4650 Caesar
565 4599 584 4648 T
602 4623 628 4632 -
646 4595 748 4659 ferculis
763 4594 827 4644 TV:
845 4594 962 4645 vehiculis
979 4596 998 4645 C
1018 4622 1044 4631 —
1065 4598 1105 4645 40.
1124 4596 1158 4645 od
1174 4609 1228 4647 cer.
1247 4596 1364 4645 contineo
1380 4595 1442 4645 sicto
1458 4597 1500 4647 tec
1516 4601 1561 4646 tuo
1577 4595 1643 4644 tube·

318 4678 361 4728 bot
377 4676 451 4727 detali
468 4674 500 4724 V:
520 4673 555 4723 od
571 4685 625 4722 aer.
643 4670 717 4722 retuli
733 4671 862 4730 continuo,
880 4670 943 4720 sicat
960 4675 1005 4720 taso
1020 4671 1062 4720 tce
1077 4669 1176 4721 iubebat
1193 4670 1272 4720 codd.
1292 4669 1348 4721 rell.
1368 4671 1458 4734 (etiam
1475 4672 1504 4730 T,
1522 4674 1551 4720 ut
1567 4668 1642 4720 vide·

319 4753 369 4816 tur)
388 4755 415 4802 et
431 4752 463 4803 0.
484 4750 523 4801 Cl.
542 4763 584 4814 ep.
603 4747 637 4800 ad
654 4748 726 4798 Fam.
745 4747 776 4809 V,
788 4747 829 4807 20,
842 4748 872 4797 t:
890 4748 978 4809 ltaque
993 4747 1049 4796 heic
1065 4745 1118 4796 icco
1132 4747 1243 4808 primam
1253 4746 1400 4809 respondeo,
1418 4759 1470 4807 ere,
1488 4758 1642 4807 quamquam

318 4829 389 4879 iustis
404 4827 434 4876 de
449 4827 532 4875 camis
547 4824 656 4874 rcttoeee
678 4823 773 4886 deferre
792 4823 966 4885 properarem,
992 4827 1076 4871 tomen
1095 4826 1118 4871 44
1138 4826 1339 4884 exspectaturum
1358 4820 1444 4884 (mese,
1470 4821 1518 4869 aiei
1539 4822 1591 4870 cet.
1612 4846 1639 4855 -

319 4906 359 4955 44.
377 4902 431 4952 ullo
447 4914 501 4951 om.
519 4900 538 4949 T
557 4926 584 4935 -
605 4899 644 4949 la.
663 4899 739 4948 scitae
755 4901 778 4947 et
794 4897 918 4946 litteratae
935 4896 983 4947 ΕΡ
1001 4895 1062 4958 (nou
1074 4898 1101 4960 G]
1117 4923 1144 4933 -
1164 4896 1204 4949 ts.
1223 4910 1268 4947 vv.
1282 4897 1427 4960 peremptis
1442 4896 1641 4946 ratioetbarde-

318 4977 396 5029 lende
419 4978 580 5027 censuerunt
600 4973 754 5024 Schuetzius
772 4974 798 5023 et
815 4971 920 5023 Debree
937 4972 964 5022 in
981 4971 1092 5022 advers.
1111 4971 1148 5032 ll,
1165 4985 1192 5036 p.
1211 4971 1268 5023 ato.
1289 4999 1316 5009 -
1338 4972 1378 5022 46.
1396 4971 1531 5022 4444444444
1550 4998 1576 5007 -
1595 4984 1642 5020 cr-

317 5059 419 5118 geutum
435 5052 528 5102 oecbete
544 5049 605 5109 VS;
627 5053 747 5113 argutam
768 5051 791 5097 et
807 5047 905 5098 doctam
922 5052 945 5098 te
961 5047 1044 5098 thecae
1059 5045 1145 5110 (tlteee)
1162 5047 1255 5104 EGl’3
1277 5052 1409 5110 arpentum
1424 5052 1448 5097 44
1464 5048 1563 5097 doctum
1579 5058 1640 5095 cum

318 5128 368 5180 lac.
381 5129 399 5177 V
413 5153 439 5162 -
459 5126 500 5177 47.
512 5124 676 5176 escendentem
686 5123 719 5173 T:
737 5123 906 5172 ascendentem
917 5122 947 5182 V,
966 5124 994 5171 ut
1010 5121 1123 5183 videtur,
1137 5122 1201 5180 CO;
1221 5122 1255 5171 cl.
1267 5135 1293 5186 p.
1307 5121 1364 5182 835,
1378 5121 1530 5186 testrep.
1544 5120 1601 5180 534,
1615 5120 1639 5169 8.

320 5228 347 5238 -
367 5202 407 5252 te.
423 5201 502 5264 possis
518 5213 636 5250 revocare
652 5199 671 5250 C
691 5225 717 5234 -
738 5212 752 5248 o
770 5197 884 5248 tenebrae
898 5202 980 5247 tottam
995 5197 1079 5247 sordes
1089 5199 1121 5256 T;
1140 5211 1155 5246 c
1172 5196 1286 5247 tenebrae
1302 5211 1316 5246 o
1333 5197 1413 5246 totum
1429 5211 1443 5246 o
1459 5198 1543 5246 sordes
1560 5194 1638 5246 codd.

318 5276 375 5329 rell.
394 5276 471 5337 440,
490 5276 566 5340 prob.
585 5275 715 5338 Seylierto
735 5275 811 5338 (epist.
830 5274 886 5323 crit.
904 5272 938 5322 od
953 5271 1081 5322 Halmium
1098 5286 1124 5338 p.
1136 5271 1192 5333 47),
1214 5272 1259 5335 qui
1277 5271 1379 5322 coniert
1395 5271 1410 5335 S
1426 5273 1473 5322 ὅδε
1491 5286 1506 5322 o
1521 5270 1640 5330 acetum

314 5353 402 5416 perte,
420 5365 435 5401 o
452 5350 532 5401 lebes!
549 5352 604 5401 Nec
620 5352 709 5399 omen
727 5352 817 5400 noster
833 5347 907 5399 locus
924 5344 1001 5412 plane
1018 5346 1139 5410 geminus
1156 5351 1211 5408 est,
1239 5360 1301 5397 cum
1317 5345 1366 5396 alis
1383 5346 1467 5397 torma
1484 5343 1639 5396 exclamatio

318 5427 495 5478 continuetur.
516 5453 543 5464 -
563 5426 603 5476 49.
621 5424 687 5474 istud
703 5424 758 5476 vu
777 5450 805 5460 -
823 5424 864 5474 22.
882 5422 987 5487 sperulis
1002 5424 1037 5481 G,
1053 5423 1158 5486 peculiis
1172 5422 1195 5471 V
1214 5448 1243 5458 -
1260 5423 1325 5486 elpis
1340 5422 1362 5469 V
1379 5447 1407 5458 -
1426 5428 1482 5473 eret
1497 5422 1541 5472 tibi
1557 5423 1577 5472 0
1595 5435 1639 5472 er-

318 5516 379 5553 rore
396 5512 549 5565 operarum.
564 5525 592 5537 -
609 5498 650 5549 43.
664 5500 750 5549 eodem
760 5526 800 5539 --
811 5511 888 5562 geom
903 5498 960 5548 Piso
976 5494 1089 5547 habeta
1103 5523 1129 5533 -
1148 5498 1189 5548 25.
1204 5497 1348 5560 meertpott
1359 5498 1393 5547 T:
1409 5498 1514 5559 persenit
1524 5498 1561 5558 V,
1579 5497 1640 5546 cde-

317 5577 429 5628 meac
451 5572 714 5627 -26.s'misc'l'-
734 5572 978 5636 oprte'l5cteh
999 5570 1547 5622 -28.estcbstedictmoertom.ll-
1567 5571 1641 5621 omit-

317 5651 417 5702 tendam
432 5648 476 5701 vel
492 5647 649 5700 metuendam
665 5644 743 5696 codd.
761 5650 823 5698 Asc.
837 5672 864 5682 -
883 5646 924 5697 29.
939 5645 1073 5710 perseum
1089 5647 1172 5706 Bakc3
1190 5646 1286 5697 doctor
1302 5647 1327 5698 ll
1340 5669 1367 5682 -
1387 5645 1427 5696 30.
1445 5659 1476 5696 ec
1492 5658 1547 5696 om.
1561 5645 1641 5695 Faer-

318 5738 368 5775 nus
386 5726 427 5789 (ex
443 5724 494 5787 Vt)
512 5750 538 5762 -
564 5721 604 5772 at.
623 5721 741 5771 ammom
761 5722 781 5772 E
799 5747 826 5757 -
850 5733 911 5783 quos
930 5722 953 5771 ei
970 5735 1039 5787 repr.
1057 5733 1130 5786 susp.
1150 5720 1282 5771 Garatoni.
1302 5745 1329 5755 -
1355 5717 1396 5770 32.
1414 5733 1522 5771 coronae
1540 5721 1643 5772 terem

317 5800 368 5851 VC
387 5801 424 5864 tut
440 5801 480 5851 est
496 5798 511 5863 fl
529 5797 583 5863 bei:
601 5796 704 5848 tewece
719 5797 739 5847 0
757 5809 819 5849 cum
829 5797 863 5862 V,
881 5797 904 5848 si
920 5795 988 5848 tides
1004 5797 1047 5847 est
1059 5796 1183 5862 Peyronii
1199 5794 1311 5848 silentio.
1337 5797 1480 5861 Receptam
1497 5794 1640 5849 lectionem

318 5874 407 5928 multis
424 5872 551 5940 exemplis
568 5875 655 5925 Garat.
673 5872 797 5925 firmavit.
818 5899 845 5909 -
862 5871 965 5936 saetam
981 5868 1044 5922 VG.
