3800 7350
699 1165 772 1228 cn.
794 1165 949 1228 x-xn.
976 1162 1023 1247 §s
1045 1162 1190 1228 sr-ae.
1517 1158 1600 1228 maa

367 1335 421 1397 xi.
444 1330 494 1395 27.
516 1332 612 1395 Irasci
635 1332 763 1417 quidem
785 1354 841 1396 ros
870 1333 966 1408 mihi,
994 1333 1173 1407 Dolabella,
1202 1352 1259 1416 pro
1280 1352 1316 1395 re
1337 1332 1464 1415 publica
1486 1333 1600 1395 dicenti

281 1450 346 1493 non
369 1427 534 1511 oportebit.
572 1426 769 1511 Quamquam
793 1436 823 1490 te
845 1426 973 1510 quidem
995 1426 1027 1489 id
1050 1426 1205 1490 facturum
1226 1447 1289 1489 non
1312 1426 1446 1489 arbitror
1461 1458 1505 1473 -
1525 1427 1599 1489 novi

280 1522 463 1585 facilitatem
485 1527 637 1583 tuam-z
661 1520 814 1602 collegam
838 1528 925 1582 tunm
947 1521 1038 1583 aiunt
1057 1521 1090 1583 in
1112 1520 1172 1583 hac
1192 1540 1251 1583 sua
1271 1520 1407 1595 fortuna,
1421 1542 1503 1605 quae
1516 1521 1600 1585 bona

280 1617 341 1698 ipsi
370 1614 553 1677 ridetur-
581 1614 674 1687 mibi,
705 1633 746 1676 ne
768 1614 891 1695 gravius
914 1612 1076 1697 quippiam
1099 1613 1217 1687 dicam,
1250 1633 1379 1677 avorum
1400 1621 1432 1677 et
1453 1614 1599 1677 avunculi

281 1709 331 1771 sui
353 1707 550 1771 consulatum
572 1708 599 1770 si
621 1708 809 1780 imitaretur,
838 1705 1026 1770 fortunatior
1046 1706 1207 1770 videretur
1226 1728 1283 1769 -ι
1305 1706 1361 1770 sed
1384 1728 1456 1770 eum
1477 1707 1624 1770 iracnn·t

281 1801 356 1863 dum
378 1800 474 1864 audio
497 1821 567 1864 csse
588 1800 715 1864 factum.
749 1799 850 1863 Video
871 1809 977 1863 autem
999 1822 1092 1883 quam
1114 1802 1155 1863 sit
1176 1800 1321 1864 odiosum
1335 1799 1450 1865 babere
1465 1801 1601 1865 cundem

280 1895 393 1958 iratum
416 1902 636 1970 sturmium,
659 1917 730 1958 cum
753 1904 839 1959 tanta
860 1896 1043 1978 praesertim
1066 1893 1242 1977 gladiorum
1264 1894 1305 1958 sit
1326 1895 1517 1977 impunitas:
1545 1895 1601 1959 sed

281 2007 455 2072 proponam
478 1990 542 2064 ius,
564 1997 600 2052 ut
621 1990 749 2072 opinor,
772 2009 926 2073 aequum,
950 1989 1037 2072 quod
1059 1990 1101 2051 ii.
1122 1989 1296 2051 Antonium
1317 2009 1383 2053 non
1404 1988 1539 2052 arbitror
1553 2010 1601 2052 re·

281 2082 495 2164 pudiaturum.
533 2085 617 2166 Ego,
645 2083 673 2146 si
702 2082 779 2166 quid
802 2083 833 2145 in
855 2082 950 2145 vitam
973 2082 1042 2145 eius
1063 2090 1119 2145 ant
1139 2082 1172 2145 in
1195 2102 1296 2146 mores
1318 2102 1390 2145 cum
1412 2083 1602 2147 contumelia

281 2175 408 2250 dixero,
432 2197 496 2259 quo
518 2179 621 2241 minus
643 2176 719 2239 mibi
742 2176 977 2239 inimicissimus
998 2177 1056 2251 sit,
1085 2197 1149 2239 non
1172 2177 1340 2240 recusabo:
1363 2177 1412 2239 sin
1434 2186 1639 2241 consuetu-to

282 2269 387 2332 dinem
409 2291 510 2333 meam
532 2279 679 2345 tenuero,
703 2270 735 2333 id
751 2278 812 2344 est,
834 2271 861 2332 si
875 2269 974 2334 libere
990 2291 1071 2353 quae
1086 2272 1219 2335 sentiam
1235 2272 1274 2335 de
1288 2292 1323 2335 re
1338 2271 1464 2355 publica
1479 2271 1602 2345 dixero,

282 2363 416 2444 primum
439 2363 593 2447 deprecor
613 2385 653 2427 nc
675 2366 843 2435 irascatur,
865 2362 995 2436 deinde,
1018 2364 1045 2426 si
1067 2364 1128 2427 hoc
1150 2385 1213 2428 non
1235 2364 1387 2447 impetro,
1408 2371 1482 2448 pcto
1500 2372 1537 2428 nt
1555 2364 1601 2428 sic

282 2456 436 2520 irascatur
455 2468 490 2522 ut
512 2460 583 2522 civi.
628 2458 731 2520 Armis
751 2465 871 2531 untur,
900 2456 928 2519 si
949 2457 994 2519 ita
1015 2477 1146 2521 necesse
1167 2466 1233 2532 est,
1253 2467 1288 2521 nt
1310 2458 1400 2532 dicit,
1422 2457 1472 2521 sui
1493 2456 1602 2522 defen-

283 2550 377 2612 dendi
400 2569 509 2615 causa:
531 2552 588 2627 iis,
611 2552 666 2635 qui
688 2572 745 2634 pro
767 2571 800 2613 re
823 2551 947 2634 publica
970 2550 1150 2634 quaeipsis
1172 2550 1239 2613 risa
1261 2558 1354 2613 erunt
1369 2551 1520 2625 dixerint,
1542 2550 1602 2613 ista

281 2663 367 2707 arma
389 2665 430 2707 ne
451 2655 594 2709 noceant.
628 2645 713 2720 Quid
735 2644 793 2707 bac
814 2645 1028 2727 postulatione
1043 2644 1104 2708 dici
1124 2652 1230 2727 potest
1242 2645 1399 2727 aequiust
1441 2638 1493 2705 28.
1508 2640 1601 2719 Quod
1610 2658 1638 2705 ts

282 2737 323 2811 si,
345 2745 381 2799 ut
402 2739 478 2801 mibi
501 2759 520 2803 a
541 2738 732 2824 quibusdam
754 2739 822 2801 eius
843 2738 1049 2803 familiaribus
1071 2739 1190 2801 dictum
1212 2746 1276 2813 cst,
1301 2738 1403 2802 omnis
1425 2758 1499 2801 sum
1520 2754 1602 2819 quae

282 2827 415 2893 babetur
441 2841 551 2897 contra
577 2834 770 2896 voluntatem
800 2832 868 2895 eius
895 2835 995 2896 oratio
1016 2833 1152 2915 graviter
1171 2831 1320 2907 offendit,
1348 2832 1443 2895 etiam
1464 2830 1492 2895 si
1513 2829 1603 2894 nulla

282 2922 367 2986 inest
388 2926 594 3000 contumelia,
623 2926 759 2990 feremus
780 2927 873 2989 amici
894 2935 1047 2990 naturam.
1091 2924 1154 2988 Sed
1175 2925 1259 2989 idem
1280 2926 1327 2988 illi
1347 2926 1393 2990 ita
1413 2945 1535 2988 mecum
1556 2923 1602 2987 lo·

281 3025 439 3098 quuntur:
470 3040 561 3085 «non
582 3020 667 3084 idem
690 3019 763 3094 tibi,
786 3018 966 3082 adiersario
989 3019 1145 3092 Caesaris,
1167 3018 1294 3093 licebit,
1315 3018 1401 3102 qnod
1422 3018 1528 3083 Pisoni
1550 3038 1602 3081 so·

281 3129 383 3184 ceron
407 3120 440 3175 et
461 3113 554 3177 simul
574 3113 745 3178 admonent
766 3112 926 3197 quiddam,
949 3112 1034 3195 qnod
1049 3111 1247 3176 cavebimus:
1272 3131 1348 3175 cneo
1363 3114 1423 3176 erit
1440 3111 1555 3176 iustior
1567 3111 1639 3175 into

282 3212 425 3267 senatum
448 3227 511 3270 non
531 3208 679 3272 veniendi
702 3206 801 3271 morbi
824 3225 920 3270 cansa
941 3226 1036 3288 quam
1051 3205 1191 3267 mortis.»
1224 3206 1295 3267 xii.
1311 3202 1362 3268 29.
1378 3204 1440 3269 Sed
1455 3226 1512 3289 per
1526 3206 1602 3269 deos

282 3296 491 3361 immortalcsl
514 3309 604 3364 —te
626 3303 709 3365 enim
732 3302 873 3374 intuens,
894 3299 1068 3372 Dolabella,
1091 3294 1157 3382 [qui
1179 3320 1214 3363 es
1228 3298 1306 3362 mibi
1320 3293 1522 3383 carissimus,]
1537 3319 1602 3362 non

282 3408 413 3471 possum
434 3394 598 3477 utriusque
620 3403 757 3458 vestrum
780 3412 917 3456 errorem
939 3393 1071 3455 reticere
1087 3414 1146 3455 -ε
1169 3394 1264 3456 credo
1288 3394 1372 3457 enim
1387 3413 1459 3467 ros,
1481 3392 1603 3455 nobiles

281 3483 442 3560 homines,
471 3506 583 3569 magna
606 3488 761 3570 quaedam
790 3493 983 3570 spectantes,
1013 3507 1075 3549 non
1097 3488 1281 3569 pecuniam,
1302 3494 1339 3550 ut
1359 3485 1487 3569 quidam
1508 3485 1603 3549 nimis

283 3577 403 3640 creduli
432 3582 646 3663 suspicantur,
677 3600 758 3664 quae
788 3600 912 3662 semper
933 3578 972 3641 ab
995 3577 1189 3661 amplissimo
1211 3599 1341 3663 qnoque
1363 3578 1640 3662 clarissimoqueso

283 3681 464 3756 contempta
485 3683 550 3749 est,
573 3696 638 3738 non
660 3695 737 3760 opes
759 3673 915 3737 violentas
937 3681 970 3736 ct
991 3671 1108 3756 populo
1130 3673 1272 3736 Romano
1291 3672 1419 3736 minime
1441 3670 1601 3736 ferendam

282 3768 473 3847 potentiam,
497 3767 552 3831 sed
575 3769 737 3832 caritatem
759 3768 871 3831 civium
888 3775 920 3830 et
940 3766 1073 3849 gloriam
1088 3767 1314 3850 concupivisse.
1346 3769 1404 3831 Est
1417 3775 1521 3831 autem
1535 3766 1603 3849 glo·

282 3857 329 3922 ria
350 3859 419 3925 laus
440 3870 526 3926 recto
548 3861 701 3925 factorum
723 3863 971 3945 magnorumque
992 3861 1025 3923 in
1047 3881 1114 3925 rem
1136 3860 1295 3944 publicam
1310 3860 1504 3936 meritorum,
1520 3863 1603 3944 quae

349 4130 583 4191 t.‹1rsidemcosV:
601 4143 645 4180 nos
660 4131 759 4191 quidm
775 4129 872 4190 ebti3
891 4131 1053 4193 tequiderng
1068 4156 1096 4167 -
1114 4131 1140 4180 2.
1153 4129 1273 4193 oportebit
1288 4131 1342 4181 Di:
1359 4129 1602 4193 oportebctVsolns

284 4207 310 4254 et
327 4205 401 4268 ott).
421 4205 529 4275 «incipit
544 4203 641 4256 Tullius
657 4205 709 4255 bac
724 4206 839 4270 primum
857 4205 975 4255 cretione
992 4204 1026 4254 de
1043 4204 1195 4270 republica
1212 4205 1302 4257 dicere
1319 4205 1447 4258 adversus
1463 4205 1601 4257 consules:

284 4281 311 4329 et
327 4291 396 4342 qnae
412 4279 456 4330 bic
473 4282 633 4344 sequuntur,
652 4281 740 4332 onmia
757 4280 791 4332 de
808 4280 895 4332 futuro
912 4280 1060 4331 dicuntur.»
1078 4283 1213 4331 Gsmrorr.
1234 4309 1262 4319 -
1277 4282 1337 4331 soci
1352 4282 1390 4330 V:
1408 4283 1467 4332 noct
1481 4281 1548 4331 οοὸοι
1562 4281 1603 4330 Di

285 4381 311 4392 -
326 4355 351 4404 3.
368 4359 422 4405 tum
438 4354 470 4405 V¹
484 4383 511 4393 -
527 4357 632 4420 fortune
646 4370 694 4407 sun
709 4355 768 4407 b-
788 4354 812 4407 i.
830 4357 890 4405 mitt
902 4383 939 4396 ·-
950 4357 1083 4418 uideretur]
1101 4357 1169 4406 brec
1179 4355 1262 4407 rerba
1279 4357 1383 4407 cumb.
1397 4357 1425 4407 C.
1440 4357 1473 4407 ll.
1484 4353 1603 4406 Auberto

284 4428 412 4493 (Obseroc.
430 4431 497 4480 criu.
514 4432 541 4481 is
562 4432 583 4481 1.
602 4431 652 4482 cic.
670 4431 839 4482 Amooioncos
860 4432 1032 4482 christianiae
1056 4429 1132 4492 isti)
1158 4431 1240 4495 signis
1261 4431 1483 4496 parenthessosa
1502 4427 1603 4493 reliqua

284 4506 400 4556 oratione
424 4504 596 4568 seclusimus,
619 4505 647 4556 id
668 4505 823 4570 quodcum
844 4506 927 4555 oratio
948 4499 1149 4566 ἀνακόλοοθος
1170 4504 1281 4568 fiagimt,
1307 4507 1364 4555 turn
1384 4503 1461 4566 illud,
1487 4516 1521 4554 ne
1544 4503 1604 4567 quis

282 4578 366 4629 rerba
383 4580 422 4630 sic
438 4581 544 4644 iungat:
562 4594 627 4643 nuce
639 4580 760 4644 (fortuna)
776 4580 836 4630 ostiti
850 4580 1004 4643 fortunatior
1017 4580 1152 4630 οίάονοιον.
1166 4605 1194 4616 -
1213 4570 1343 4642 cuippiam
1355 4580 1425 4630 mei:
1443 4578 1573 4642 quidpiam
1583 4579 1603 4627 0

285 4655 551 4705 -mcsommv-
578 4654 838 4707 b.imroresorv-.-
860 4654 1004 4706 6.ssreV:
1031 4655 1187 4705 cmlii·
1214 4654 1484 4705 mdemirctrssV:
1509 4655 1605 4704 murs

283 4731 386 4780 mandor
402 4730 471 4779 ilio
490 4757 518 4768 -
536 4732 561 4782 7.
579 4733 610 4781 sit
625 4731 769 4796 plodiorssn
784 4730 803 4779 b
821 4755 848 4765 -
867 4730 995 4792 inpactus
1011 4743 1027 4779 a
1042 4757 1069 4764 -
1088 4729 1111 4780 8.
1128 4742 1245 4792 promam
1260 4730 1300 4779 iss
1315 4730 1365 4790 ai;
1380 4725 1604 4792 properammssw

285 4804 1129 4868 —oecrenV—ii.om.g-9.morescontrsnettceni-
1157 4803 1605 4855 ⁴⁰.sr‘oV:rtDi-tt.meom

283 4883 383 4928 tenuem
400 4877 446 4927 V¹r
469 4891 552 4930 mecm
573 4892 651 4941 quom
670 4881 698 4930 io
720 4893 749 4930 re
766 4879 868 4942 publicu
888 4892 985 4942 πωρον
1002 4879 1147 4941 imperis
1162 4893 1186 4928 r.
1201 4892 1229 4941 p.
1247 4878 1263 4942 i)
1280 4878 1370 4938 babel,
1387 4884 1488 4930 mucro
1504 4881 1527 4928 V
1543 4892 1602 4944 sup.

283 4951 327 5005 lin.
345 4955 410 5004 mi
429 4955 491 5018 (non
506 4954 606 5019 prima,
625 4955 836 5018 mutilaret),
854 4954 922 5004 ilio
942 4979 969 4989 -
988 4953 1092 5003 libem
1108 4954 1119 5001 t
1136 4980 1163 4992 -·
1182 4966 1259 5016 quom
1273 4955 1419 5006 mtemtoen
1434 4967 1489 5004 a·
1509 4955 1549 5006 ts.
1567 4954 1605 5003 io·

280 5035 353 5090 petro
370 5043 385 5078 a
404 5053 431 5066 -
451 5029 494 5094 ric]
512 5031 615 5080 sitt-
635 5029 675 5080 ⁴3.
693 5029 750 5095 cini]
767 5027 893 5092 cuib-
912 5025 1154 5090 ommativlscd
1171 5025 1187 5078 e‘
1205 5028 1503 5094 inrns.sm.sec.)-
1521 5032 1606 5080 dicam

284 5102 567 5168 b-tl.bisag-
588 5104 741 5167 ipriat-
763 5105 996 5155 iti.ssom.t-
1020 5102 1361 5164 ibantibusdommibil
1385 5130 1413 5140 —
1438 5106 1607 5169 [mumius

284 5179 337 5229 mus
353 5179 414 5243 Vti)
432 5182 499 5231 teste
517 5179 657 5242 Deyclrsio.
679 5207 705 5216 -
729 5179 793 5244 enm]
811 5179 877 5231 enim
893 5181 904 5228 t
920 5203 947 5213 -
973 5177 1014 5228 ⁴8.
1032 5177 1097 5226 idem
1113 5179 1182 5228 mei:
1205 5179 1280 5228 ῑᾶάοοι
1296 5177 1317 5228 0
1334 5203 1362 5214 -
1381 5191 1477 5231 mecam
1491 5181 1607 5231 iocoso

285 5253 320 5302 V:
342 5267 439 5305 mecum
459 5254 527 5305 ino
551 5281 580 5294 -
607 5253 646 5303 ⁴9.
662 5254 814 5316 pironiscero
835 5253 866 5303 V¹
886 5279 912 5290 -
939 5253 981 5303 ΞΟ.
998 5253 1072 5302 umal
1091 5251 1422 5304 cimonem-toccum
1443 5255 1507 5319 (sic)
1528 5256 1606 5307 affert

285 5329 428 5380 Arusianus
445 5328 556 5380 Messius
572 5340 599 5392 p.
617 5327 665 5378 sis
682 5327 801 5379 Lindem.
821 5353 848 5364 ·-
871 5329 991 5390 prsiddom
1007 5328 1029 5377 V
1046 5340 1115 5376 corr.
1133 5339 1166 5376 ex
1189 5327 1331 5389 qrsiddim
1354 5355 1381 5365 -
1407 5329 1497 5380 iustior
1512 5332 1546 5381 V:
1564 5334 1607 5383 ts-

284 5402 347 5451 stior
359 5417 386 5466 p.
399 5417 421 5454 c.
440 5403 515 5454 inu.
537 5400 626 5453 Verba
641 5416 687 5452 nec
702 5404 796 5454 scitu
807 5415 884 5465 quom
898 5418 967 5455 mors
983 5416 1043 5454 esse
1060 5401 1225 5454 familiarium
1242 5401 1454 5466 admonentium,
1471 5404 1537 5455 vidit
1552 5410 1607 5457 An-

287 5476 387 5528 bcrtus.
412 5504 439 5515 -
465 5478 506 5529 it.
523 5490 603 5528 casm
623 5477 703 5528 morbi
723 5479 732 5528 i
754 5503 782 5514 -
808 5479 850 5531 is.
867 5479 1017 5529 immortalia
1037 5478 1060 5527 V
1077 5503 1104 5513 -
1128 5490 1172 5529 vr.
1190 5478 1437 5541 qst--cnritsismr
1454 5479 1481 5529 ln
1497 5481 1519 5530 V
1536 5479 1607 5531 mi

286 5551 408 5616 suppleta
424 5557 493 5604 sunt.
507 5579 535 5590 -
554 5553 595 5604 ib.
613 5554 741 5617 monsque
756 5568 783 5605 u.
801 5554 959 5605 moronV:
977 5555 1007 5604 de
1022 5553 1151 5616 musque
1165 5567 1193 5603 s.
1211 5566 1298 5606 errore
1313 5553 1422 5604 ino·
1441 5553 1482 5606 bi.
1499 5553 1608 5603 homines

285 5628 445 5678 combri-
464 5628 679 5693 spectantisv-
698 5628 903 5692 ibcmdetigt
925 5654 948 5663 -
968 5627 1609 5680 consonos-soemotmtmv-imos·

286 5703 408 5766 cecinisse
423 5704 459 5752 V:
481 5704 623 5766 coscttpisrs
638 5704 706 5754 ino
723 5703 780 5768 ised
798 5717 814 5768 g
830 5705 974 5767 concepisse)
994 5730 1021 5740 -
1040 5709 1075 5754 est
1091 5709 1175 5755 asion
1189 5702 1236 5754 V¹:
1255 5703 1295 5754 lin
1310 5709 1394 5756 mem
1409 5717 1442 5766 a;
1462 5717 1495 5754 cn
1509 5707 1545 5753 est
1560 5717 1611 5752 cn·

286 5785 335 5829 tem
352 5779 373 5828 V
391 5791 460 5830 corr.
478 5791 516 5830 m.
533 5781 565 5844 2,
588 5778 669 5840 bt03
695 5792 726 5830 sc
746 5785 829 5832 neem
849 5781 933 5843 erigi
952 5804 979 5815 -
1005 5779 1048 5830 28.
1064 5775 1182 5830 tcusv¹z
1208 5784 1232 5830 st
1250 5779 1308 5830 tous
1324 5780 1357 5831 V*
1374 5781 1418 5844 (m.
1436 5779 1503 5843 sec.)
1520 5779 1558 5829 Di
1579 5804 1607 5815 -

285 5867 339 5906 rem
352 5851 454 5916 publico
469 5853 506 5916 V;
523 5867 552 5909 re
570 5869 604 5920 p.
622 5854 656 5918 b,
675 5869 725 5920 ap.
743 5857 755 5908 t
771 5881 798 5894 -
819 5854 966 5907 matum
981 5853 1067 5905 vni:
1089 5855 1162 5918 [coro
1176 5855 1323 5910 mom
1339 5856 1360 5907 0
1376 5857 1405 5907 et
1420 5853 1499 5910 codd.
1516 5851 1609 5906 isidori

328 5945 417 5996 crosno
431 5944 458 5993 Τ.
468 5943 498 5994 11.
1353 5948 1396 6016 78
