3800 7350
285 1179 369 1250 4006
703 1187 857 1253 ouarlo
877 1186 958 1254 PRO
978 1185 1021 1253 bl.
1044 1186 1189 1254 cauato

652 1359 796 1423 «Utinam
817 1379 858 1423 ne
880 1360 913 1422 in
934 1379 1063 1424 nemore
1085 1357 1192 1422 Pelio»

284 1472 322 1516 ae
342 1451 466 1535 longius
489 1451 619 1536 quidem
641 1452 719 1517 mibi
741 1460 911 1518 contexere
931 1452 994 1517 boo
1016 1473 1143 1517 carmen
1164 1453 1284 1517 liceret.

666 1548 762 1610 «Nam
784 1568 957 1632 numquam
979 1567 1032 1612 eru
1054 1567 1179 1612 errans»

282 1637 366 1704 bano
387 1639 564 1705 molestiam
584 1640 677 1704 nobis
699 1640 880 1716 exhiberet,

258 1748 274 1793 o
539 1734 670 1798 slledea
690 1736 796 1799 animo
818 1755 930 1819 aegro,
952 1754 1060 1799 amore
1081 1754 1177 1799 saevo
1200 1734 1337 1799 saucia.»

282 1829 335 1893 Sic
356 1831 457 1904 enim,
480 1829 617 1904 iudices,
649 1829 830 1913 reperietis,
852 1827 958 1914 quod,
980 1850 1051 1893 oum
1073 1830 1113 1893 ad
1135 1828 1167 1892 id
1189 1829 1251 1893 loci
1273 1848 1407 1904 venero,
1430 1828 1607 1905 ostendam,

280 1923 363 1987 banc
392 1923 564 1987 Palatinam
591 1922 736 1986 Medeam
765 1924 1049 2007 migrationemque
1076 1924 1152 1987 huic
1173 1922 1368 1987 adolescenti
1391 1943 1517 1988 oausam
1540 1925 1607 1989 sive

280 2016 436 2081 malorum
457 2016 599 2079 omnium
621 2015 689 2079 sive
711 2018 817 2099 potius
838 2035 1020 2079 sermonum
1042 2016 1150 2081 fuisse.
1409 2086 1414 2103 „

366 2106 417 2174 49.
440 2110 542 2187 Quam
565 2110 605 2173 ob
620 2131 688 2174 rem
708 2110 773 2184 illa,
794 2130 877 2195 quae
892 2130 933 2173 ex
947 2117 1163 2174 accusatorum
1179 2111 1323 2174 oratione
1336 2115 1528 2195 praemuniri
1543 2114 1605 2177 iam

243 2212 314 2270 toet
340 2204 418 2287 fingi
447 2203 681 2285 intelligebam,
707 2202 806 2267 fretus
828 2211 932 2268 vestra
953 2204 1138 2286 prudentia,
1161 2202 1299 2279 iudices,
1321 2226 1385 2269 non
1408 2209 1605 2289 pertImesoo.

280 2298 416 2364 aiebant
437 2298 520 2362 enim
541 2296 611 2359 lore
632 2304 744 2360 testem
767 2304 956 2370 senatorem,
979 2298 1035 2381 qui
1056 2315 1090 2359 se
1114 2294 1282 2379 pontideiis
1297 2299 1434 2362 comitiis
1448 2300 1606 2382 pulsatum

280 2413 300 2457 a
322 2391 428 2456 Caelio
451 2390 580 2455 diceret.
613 2390 640 2454 Α
662 2412 726 2476 quo
748 2410 907 2475 maenam,
930 2392 957 2453 si
979 2390 1144 2472 prodierit,
1165 2392 1313 2473 primum,
1335 2412 1392 2456 our
1406 2394 1512 2456 statim
1525 2392 1605 2455 nihil

280 2489 405 2573 egerit?
427 2486 559 2560 deinde,
581 2487 609 2549 44
630 2485 662 2548 id
685 2486 776 2567 queri
798 2505 892 2567 quam
914 2504 1009 2567 agere
1031 2483 1192 2560 maluerit,
1214 2506 1270 2549 cur
1290 2487 1466 2569 productus
1484 2485 1606 2550 avobis

279 2582 387 2667 potius
415 2600 510 2664 quem
538 2581 607 2661 lpse
634 2600 693 2662 per
717 2599 767 2653 se,
802 2599 859 2641 cur
887 2585 975 2642 tanto
1001 2585 1074 2662 post
1093 2579 1199 2662 potius
1223 2599 1318 2663 quam
1341 2581 1491 2643 continuo
1514 2579 1605 2663 queri

241 2688 271 2735 44
280 2674 450 2739 maluerit‘l
481 2673 514 2736 Si
545 2673 620 2735 mibi
650 2671 689 2735 ad
712 2672 790 2735 baec
811 2680 902 2736 acute
924 2681 1099 2756 arguteque
1120 2672 1336 2756 responderit,
1350 2682 1433 2737 =tum
1455 2694 1604 2758 quaeram

279 2769 435 2853 denique',
457 2786 499 2831 ex
520 2786 584 2849 quo
606 2767 666 2831 iste
687 2766 776 2831 fonte
798 2775 924 2830 senator
946 2773 1081 2829 emanet.
1116 2768 1195 2829 Nam
1218 2769 1245 2830 si
1266 2769 1335 2851 ipse
1357 2769 1476 2832 orietur
1498 2777 1530 2835 et
1550 2791 1605 2833 na-

279 2871 384 2929 scetur
405 2882 445 2925 ex
467 2881 553 2936 sese,
579 2860 731 2934 sortasse,
758 2867 795 2924 ut
822 2860 928 2935 soleo,
957 2861 1193 2924 commovebor:
1216 2861 1394 2926 sinautem
1416 2869 1465 2927 est
1484 2863 1605 2928 rivolus

278 2957 449 3022 arcessitus
479 2964 513 3019 et
533 2955 646 3019 duetus
667 2956 707 3018 ab
728 2957 800 3039 ipso
821 2955 923 3038 capite
945 2954 1155 3018 accusatIonis
1177 2962 1315 3032 vescae,
1344 2957 1505 3033 laetabor,
1533 2978 1605 3022 oum

277 3057 365 3116 tanta
394 3050 493 3134 gratia
515 3050 675 3132 mutisque
697 3048 810 3131 opibus
832 3048 991 3111 accusatio
1013 3055 1118 3111 vestra
1138 3050 1273 3126 nitatur,
1305 3072 1403 3115 unum
1425 3059 1605 3116 senatorem

241 3144 382 3209 rosulum
413 3163 485 3208 esse
514 3142 570 3225 qui
597 3142 688 3218 vobis
717 3138 883 3226 gratificari
904 3139 1002 3205 vellet
1022 3142 1196 3207 inventum.
1239 3140 1291 3207 20.
1312 3147 1378 3209 Neo
1398 3153 1505 3209 tamen
1525 3144 1605 3210 illud

278 3258 379 3321 genus
400 3237 533 3300 alterum
555 3243 783 3299 nocturnorum
798 3235 925 3297 testium
939 3235 1138 3316 pertimesco.
1171 3237 1228 3300 liet
1241 3237 1325 3302 enim
1341 3238 1461 3302 dictum
1475 3238 1515 3302 ab
1529 3236 1604 3310 illle,

276 3332 346 3397 tore
368 3331 426 3416 qni
448 3330 590 3393 dicerent
610 3348 727 3393 uxores
749 3348 823 3392 suas
845 3347 864 3390 a
886 3347 964 3391 cena
985 3329 1155 3393 redeuntes
1170 3337 1351 3396 attrectatas
1365 3351 1436 3396 esse
1451 3352 1470 3396 a
1485 3330 1604 3397 Caelio.

278 3425 397 3491 Graves
419 3431 512 3487 erunt
532 3423 695 3498 homines,
717 3423 772 3505 qui
794 3421 855 3485 boo
877 3421 971 3485 iurati
987 3423 1092 3487 dicere
1114 3424 1294 3500 audebunt,
1315 3447 1386 3490 cum
1408 3428 1448 3490 sit
1469 3427 1508 3491 iis
1531 3446 1604 3490 oon·

276 3518 431 3582 fiteudum
459 3535 631 3600 numquam
659 3535 693 3579 se
722 3535 763 3579 ne
791 3534 964 3598 congressu
992 3517 1121 3600 quidem
1150 3526 1182 3581 et
1203 3520 1375 3583 constituto
1397 3520 1542 3603 coepisse
1564 3520 1603 3582 de

239 3611 373 3680 tutantis
402 3611 527 3674 iniuriis
549 3610 696 3696 experiri.
740 3610 795 3673 lx.
817 3609 881 3672 Sed
902 3617 1002 3673 totum
1025 3630 1125 3694 genus
1147 3614 1392 3697 oppugnationis
1413 3614 1524 3690 buius,
1553 3613 1603 3677 iu·

278 3707 378 3782 dices,
401 3715 434 3770 et
455 3705 517 3768 iam
538 3705 718 3788 prospicitis
740 3705 853 3768 animis
875 3712 923 3778 et,
948 3725 1018 3768 cum
1041 3704 1203 3781 inferetur,
1225 3708 1412 3793 propulsare
1433 3708 1600 3772 debebitis.

275 3803 346 3866 Non
368 3801 453 3865 enim
476 3799 514 3862 ab
536 3799 636 3862 isdem
659 3805 823 3862 accusatur
843 3801 886 3861 M.
909 3798 1053 3873 Caelius,
1075 3799 1232 3883 aquibus
1255 3809 1472 3884 oppugnatur:
1496 3800 1601 3884 palam

275 3899 309 3962 in
337 3917 409 3961 enm
439 3895 502 3959 tela
530 3894 705 3967 iaciuntur,
735 3893 813 3956 clam
842 3892 1156 3959 subministrantur·
1175 3889 1226 3957 44.
1247 3896 1358 3979 Neque
1381 3895 1415 3957 id
1437 3914 1496 3978 ego
1518 3895 1601 3968 dico,

275 3999 311 4056 ut
331 3989 520 4054 invidiosum
544 3987 640 4050 sitin
662 4005 732 4060 eos,
755 3986 870 4070 quibus
891 3986 1063 4069 gloriosum
1087 3989 1180 4050 etiam
1203 3987 1265 4051 boc
1287 4009 1358 4052 esse
1380 3987 1484 4051 debet.
1507 3988 1600 4050 *Fun-

238 4093 394 4170 ecguntur
414 4079 533 4156 officio,
554 4079 731 4143 detendunt
751 4099 843 4154 suos,
865 4079 986 4143 iaciunt
1007 4080 1092 4164 quod
1114 4081 1174 4144 viri
1194 4081 1358 4146 tortissimi
1381 4081 1499 4145 solent:
1521 4080 1599 4143 laesi

275 4179 399 4253 dolent,
420 4175 491 4241 irati
513 4176 704 4249 efferuntur,
726 4182 869 4257 pugnant
889 4174 1037 4237 lacessiti.
1070 4174 1134 4238 Sed
1155 4182 1278 4239 vestrae
1300 4176 1475 4259 sapientiae
1494 4180 1600 4238 444444

276 4282 340 4349 est,
362 4271 500 4344 iudices,
529 4289 609 4342 non,
641 4269 668 4332 si
689 4287 785 4331 causa
805 4268 888 4332 iusta
910 4274 959 4331 est
981 4268 1055 4331 viris
1077 4267 1210 4332 fortibus
1232 4267 1438 4354 oppugnandi
1459 4267 1501 4330 bl.
1524 4266 1601 4331 Cae·

274 4366 370 4442 bum,
402 4366 474 4430 ideo
502 4363 593 4428 vobis
620 4381 749 4447 quoque
776 4381 834 4426 vos
856 4381 981 4426 oausam
1009 4368 1123 4446 putare
1145 4382 1214 4427 esse
1236 4363 1350 4428 iustam
1371 4363 1476 4428 alieno
1497 4361 1600 4426 dolori

273 4460 381 4545 potius
402 4477 499 4544 quam
519 4465 644 4522 vestrae
664 4452 738 4519 fidei
760 4454 955 4518 consulendi.
987 4454 1078 4531 Quae
1103 4455 1144 4519 eit
1163 4455 1333 4520 multitudo
1356 4457 1390 4520 iu
1407 4456 1496 4532 loro,
1517 4475 1599 4541 quae

341 4770 365 4819 4.
381 4766 451 4831 peteo
466 4769 498 4827 P;
515 4767 629 4829 4444444
649 4793 676 4803 -
693 4765 718 4817 3.
735 4778 797 4816 omas
812 4767 832 4818 P
848 4777 908 4830 sup.
926 4763 972 4816 lin.
990 4763 1073 4815 babet
1088 4777 1104 4815 a
1121 4776 1157 4814 m.
1169 4765 1270 4815 vetere.
1286 4792 1313 4802 -
1332 4778 1378 4816 ero
1394 4767 1428 4816 P:
1447 4778 1518 4816 44444
1534 4765 1597 4826 Εῦς

273 4843 336 4896 14444
350 4842 372 4894 0
390 4868 417 4878 -
437 4843 462 4891 o.
480 4843 662 4902 4444444444
677 4844 697 4893 Ρ
710 4866 738 4879 -
756 4854 833 4906 aegro
850 4841 898 4893 PE
910 4843 945 4891 G:
964 4854 1044 4905 aegro
1058 4840 1113 4891 80.
1135 4837 1202 4890 Illud
1213 4838 1291 4891 codd.
1304 4840 1396 4905 optirm
1406 4841 1488 4891 etiam
1499 4838 1601 4891 habent

274 4919 301 4969 tn
317 4915 385 4968 libro
401 4915 436 4966 de
453 4917 516 4966 Peto
533 4915 548 4980 5
565 4915 597 4966 34
614 4919 641 4967 44
656 4917 683 4967 44
700 4916 776 4966 Rhet.
794 4914 828 4966 ad
851 4916 966 4968 Herenn.
984 4917 1019 4978 ll,
1038 4915 1053 4980 5
1070 4914 1111 4967 34.
1140 4915 1179 4967 ct.
1199 4917 1280 4967 etium
1296 4917 1350 4967 Lis.
1369 4918 1405 4978 11,
1424 4915 1457 4966 ³:
1480 4917 1534 4966 tum
1553 4927 1600 4965 4444

272 4997 358 5056 poste
372 4991 456 5055 sepita
471 4991 562 5040 4444444
579 4993 607 5042 44
622 4989 681 5041 sall.
700 4992 755 5053 lug.
773 4991 819 5050 49,
838 4992 866 5042 t:
890 4991 990 5041 44444444
1005 5004 1081 5055 ceper
1097 4992 1221 5054 44444444,
1241 5003 1309 5055 quos
1325 4989 1398 5042 locos
1414 4988 1544 5041 Wesenb.
1562 4992 1600 5040 at·

273 5066 340 5119 44444.
354 5092 381 5103 -
401 5067 425 5117 6.
444 5067 478 5116 od
493 5066 520 5115 444
535 5069 555 5117 Ρ
572 5067 668 5131 purtim
684 5065 710 5115 in
727 5077 781 5116 res.
794 5063 884 5116 babet.
899 5093 926 5102 -
946 5067 971 5117 7.
984 5079 1087 5116 44444444
1102 5067 1154 5116 4444
1170 5066 1206 5117 c:
1225 5067 1276 5116 4444
1292 5078 1346 5116 om.
1359 5066 1380 5116 0
1393 5077 1426 5114 ex
1442 5064 1503 5115 Em.
1516 5065 1597 5123 cont,

272 5142 303 5192 ut
326 5141 390 5191 item
413 5141 500 5191 44444
523 5152 576 5191 uno
599 5141 681 5191 Onon.
707 5142 741 5190 at
756 5153 782 5188 v.
800 5153 843 5204 ep.
862 5138 897 5189 ad
918 5141 996 5192 Attio.
1014 5141 1085 5201 VIII,
1104 5138 1132 5200 3,
1150 5139 1180 5200 3,
1207 5152 1288 5203 quom
1313 5137 1401 5190 locum
1421 5136 1598 5188 dorotheae

273 5215 443 5281 comparavit.
461 5241 495 5251 -
511 5216 552 5265 to.
569 5213 739 5278 intellegebam
755 5215 775 5264 P
794 5240 822 5250 -
846 5214 887 5266 43.
905 5217 964 5266 dete
980 5214 1039 5267 eod.
1058 5213 1149 5266 Lamb.
1170 5240 1197 5251 -
1222 5215 1312 5277 cocere
1327 5217 1359 5275 P,
1381 5215 1446 5265 Item
1462 5228 1489 5263 v.
1507 5212 1548 5265 tl.
1568 5239 1595 5249 -

273 5291 313 5341 46.
331 5302 382 5352 qao
396 5289 450 5354 4444]
473 5303 522 5350 quo
542 5294 565 5339 44
586 5292 615 5341 P¹
627 5290 696 5349 G¹E3
723 5294 797 5352 quoto
813 5289 855 5352 P²,
878 5305 927 5353 quo
943 5293 975 5342 (P
993 5316 1020 5326 -
1045 5291 1085 5339 47.
1103 5289 1146 5355 444]
1166 5286 1180 5341 i
1199 5292 1218 5339 P
1235 5291 1260 5339 in
1277 5302 1346 5349 ras.;
1372 5295 1400 5339 444
1417 5290 1436 5339 4.
1454 5290 1490 5353 (ut
1504 5289 1599 5338 44444444

272 5365 321 5416 ortt
334 5377 426 5415 4444444.
438 5363 530 5414 Lamb.
543 5364 612 5414 coni.
625 5365 651 5414 in
663 5364 943 5428 marg.)-rioolaeP:
963 5365 1061 5416 44444444
1072 5366 1128 5414 0-
1144 5364 1184 5414 48.
1197 5364 1330 5414 ueneratio
1341 5365 1393 5415 C·
1406 5365 1446 5414 44.
1458 5376 1599 5414 4444444--

272 5446 420 5493 muter
434 5451 485 5491 4444
500 5438 577 5489 affert
592 5437 672 5490 Iulius
689 5440 848 5490 Severianus
864 5453 890 5504 p.
909 5440 957 5492 348
976 5442 1058 5504 capp.
1079 5464 1106 5475 -
1124 5450 1187 5488 44444
1202 5440 1237 5489 P:
1257 5451 1334 5489 coeno
1351 5438 1371 5488 0
1390 5465 1417 5475 -
1436 5438 1562 5489 4444444444
1578 5441 1599 5489 Ρ

275 5516 509 5567 -44444444444444
527 5518 646 5564 attractos
662 5516 694 5572 1²3
713 5519 867 5565 attrectatus
881 5516 946 5566 Ε-
962 5516 1075 5568 434444
1092 5514 1154 5564 E-
1173 5515 1204 5563 444
1219 5516 1282 5566 PG:
1299 5515 1337 5564 4444
1353 5514 1414 5565 0-
1433 5512 1474 5565 44.
1491 5512 1598 5564 recolit}

274 5616 302 5626 -
320 5591 412 5655 4444444
427 5592 462 5650 G,
480 5589 588 5639 44444444
604 5591 624 5639 P
643 5615 670 5624 -
688 5589 729 5639 44.
748 5590 861 5653 44444444·
877 5592 928 5642 EG
945 5618 973 5629 -
992 5591 1084 5642 44444444
1100 5591 1175 5639 etiem
1191 5591 1250 5640 P—
1269 5588 1310 5640 44.
1328 5589 1405 5639 odem
1421 5591 1492 5640 PG1:
1510 5590 1598 5640 44444444

272 5665 332 5717 (Po
349 5691 377 5702 -
395 5665 437 5715 48.
454 5663 686 5714 mutuantur
701 5667 721 5714 P
739 5690 766 5699 -
786 5677 831 5729 ego
848 5666 884 5716 C:
908 5679 937 5717 44
953 5667 974 5718 0
990 5679 1024 5717 ex
1041 5667 1109 5718 cont.
1128 5666 1273 5725 SchuetzII,
1291 5667 1321 5715 ut
1337 5667 1378 5716 est
1393 5679 1421 5730 p.
1440 5667 1517 5717 44444.
1535 5667 1594 5716 Am.

272 5739 346 5805 334.
365 5765 394 5779 -
413 5738 794 5792 49.4444(4-44444444444’;
817 5740 863 5790 boe
884 5743 960 5792 444444
980 5742 1058 5793 Euo
1077 5769 1105 5779 -
1128 5740 1321 5806 3444444444ωηὶ
1343 5742 1386 5802 P=;
1407 5739 1597 5805 [4444444444

272 5815 302 5864 P¹
319 5837 347 5851 -
365 5813 406 5865 34.
423 5814 476 5864 44444
490 5826 569 5865 444444
585 5814 645 5866 um
662 5839 691 5850 -
710 5814 751 5866 33.
768 5827 813 5866 444
830 5813 974 5868 dolendum
990 5818 1083 5870 censet
1098 5816 1234 5879 Garatont;
1252 5815 1287 5869 ol.
1299 5813 1387 5868 Madv.
1405 5828 1432 5881 p.
1445 5814 1494 5867 394
1511 5813 1591 5865 nott

274 5886 352 5941 etad
368 5888 423 5942 cto.
440 5886 475 5941 de
491 5888 565 5943 Plnn.
582 5903 609 5956 p.
628 5887 687 5942 344.
705 5912 734 5928 ·-
752 5887 794 5942 34.
810 5890 975 5951 4444444444..
989 5893 1028 5945 1²¹.
