3800 7350
300 1178 362 1243 856
592 1184 743 1251 onsnto
766 1186 849 1250 CUM
870 1183 1031 1250 noento
1053 1183 1225 1250 assutas
1246 1186 1342 1251 EGIT

301 1364 353 1431 ut,
382 1377 452 1419 cum
475 1374 530 1430 ea,
561 1375 644 1439 quaa
672 1354 829 1429 amiserit,
859 1356 919 1418 sibi
948 1356 1094 1420 restituta
1124 1362 1247 1430 essent,
1276 1357 1421 1419 virtutem
1445 1355 1543 1419 animi
1565 1375 1629 1420 non

300 1451 445 1526 baberet,
468 1469 561 1532 quam
584 1468 755 1531 numquam
779 1448 979 1531 perdidisset
1017 1448 1079 1510 Sed
1100 1449 1162 1512 boc
1184 1449 1265 1512 inter
1285 1458 1447 1533 meatque
1468 1449 1558 1513 illum
1580 1450 1630 1513 in·

302 1552 412 1618 terest,
434 1544 520 1626 quod
541 1542 614 1615 illo,
636 1562 700 1625 qua
721 1562 756 1604 re
779 1543 946 1625 plurimum
962 1543 1081 1625 potuit,
1103 1564 1141 1606 ea
1157 1544 1227 1625 ipsa
1242 1563 1276 1606 re
1292 1543 1437 1607 inimicos
1452 1563 1528 1607 suos
1542 1543 1629 1606 ultus

301 1650 366 1716 est,
388 1640 496 1712 armis,
519 1656 578 1718 ego
601 1656 664 1719 qua
686 1637 853 1710 consuevi,
882 1644 970 1697 utar:
999 1637 1147 1717 quonism
1169 1636 1219 1699 illi
1241 1636 1300 1699 arti
1322 1637 1357 1700 in
1377 1636 1463 1699 bello
1485 1656 1522 1700 ac
1545 1635 1629 1699 sodi·

277 1738 385 1801 stione
415 1733 502 1795 locus
532 1737 594 1804 est,
628 1729 702 1791 huic
733 1730 765 1790 in
795 1748 873 1811 pace
903 1736 998 1809 atque
1029 1729 1105 1792 otio.
1148 1726 1200 1792 bl.
1223 1730 1423 1813 Quamquam
1445 1730 1501 1793 illo
1521 1730 1629 1794 auimo

301 1832 380 1892 irato
403 1826 479 1890 nibil
501 1823 562 1887 nisi
585 1822 625 1886 de
648 1822 784 1885 inimicis
807 1821 1000 1883 ulciscendis
1023 1823 1148 1904 agebat,
1172 1842 1231 1905 ego
1252 1822 1291 1884 de
1314 1823 1394 1904 ipsis
1409 1822 1545 1887 inimicis
1560 1831 1630 1887 tan·

301 1927 384 1996 tuin,
407 1926 559 2003 quantum
581 1916 657 1978 mibi
679 1935 729 1979 res
752 1915 879 1998 publica
900 1915 1074 1997 permittet,
1097 1917 1254 1998 cogitabo.
1297 1916 1352 1978 lx.
1374 1917 1527 2000 Denique,
1540 1916 1630 1992 -Qut-

300 2017 391 2088 citas,
422 2012 574 2095 quoniam
597 2030 646 2072 mo
668 2015 820 2093 quattuor
841 2007 971 2071 omnino
996 2007 1161 2071 bominum
1184 2029 1299 2091 genem
1322 2009 1500 2084 violarunt,
1529 2030 1629 2073 unum

302 2129 428 2180 eorum,
451 2106 505 2189 qui
529 2103 604 2166 odio
627 2101 858 2184 reipublicae,
881 2099 968 2182 quod
991 2121 1060 2163 eam
1083 2102 1162 2184 ipsis
1184 2103 1294 2167 invitis
1308 2120 1546 2176 conservarem,
1568 2102 1630 2165 ini·

265 2200 462 2268 amicissimi
484 2198 561 2259 mibi
583 2196 727 2270 fuerunt3
749 2194 898 2268 alterum,
921 2194 976 2276 qui
999 2213 1057 2277 per
1078 2196 1311 2260 simulationem
1332 2196 1490 2260 amicitias
1507 2195 1629 2260 nelarie

301 2293 526 2377 prodiderunt3
550 2291 693 2363 tertium,
716 2290 770 2373 qui
793 2309 864 2352 cum
885 2295 1015 2371 propter
1029 2289 1175 2352 inertiam
1190 2310 1280 2354 suam
1296 2291 1407 2354 eadem
1422 2289 1550 2373 assequi
1565 2310 1630 2354 non

304 2393 447 2470 possent,
469 2382 652 2447 inviderunt
675 2382 759 2445 laudi
782 2391 814 2446 et
834 2381 977 2464 dignitati
1002 2402 1105 2458 mess;
1128 2392 1294 2467 quartum,
1317 2386 1373 2468 qui
1394 2403 1466 2447 cum
1481 2381 1629 2446 custodes

304 2482 350 2544 rei
372 2479 516 2563 publicae
538 2498 608 2541 esse
629 2476 796 2551 deberent,
825 2475 960 2539 salutem
982 2495 1101 2550 meam,
1132 2484 1247 2540 statum
1269 2478 1420 2551 civitatis,
1443 2475 1629 2559 dignitatem

303 2575 372 2637 eius
394 2571 533 2656 imperii,
562 2569 649 2655 quod
672 2579 739 2633 orat
759 2589 857 2654 pones
877 2570 982 2651 ipsos,
1013 2568 1240 2633 vendiderunt:
1263 2570 1308 2633 sic
1330 2571 1467 2634 ulciscar
1485 2568 1629 2633 facinora

267 2686 411 2732 meorum
439 2663 578 2747 singula,
607 2684 702 2747 quem
731 2663 771 2725 ad
799 2663 925 2726 modum
955 2682 973 2725 a
1001 2662 1179 2746 quibusque
1202 2683 1271 2725 sum
1292 2677 1500 2748 provocatus:
1529 2663 1628 2727 malos

303 2762 389 2825 cives
409 2779 476 2822 rem
499 2757 656 2841 publicam
679 2758 759 2819 bene
780 2756 935 2838 gerendo,
958 2753 1096 2838 perfidos
1118 2758 1235 2820 amicos
1257 2758 1337 2821 nihil
1359 2757 1517 2820 credendo
1532 2764 1628 2840 atque

304 2854 411 2918 omnia
433 2851 590 2924 cavendo,
612 2851 737 2913 invidos
759 2850 866 2912 virtuti
890 2859 922 2912 et
943 2850 1061 2930 gloriae
1083 2851 1265 2927 sarriendo,
1291 2861 1481 2915 mercatores
1502 2850 1628 2933 provin·

305 2949 422 3010 ciarum
449 2941 628 3008 revocando
650 2944 778 3006 domum
807 2951 903 3025 atquo
925 2943 965 3005 ab
987 2944 1026 3005 iis
1049 2944 1279 3025 provinciarum
1302 2945 1425 3008 ratione
1446 2943 1627 3026 repetenda.

304 3038 355 3103 αἳ.
378 3040 576 3121 Quamquam
598 3036 692 3109 mibi,
717 3036 870 3113 Quirites,
893 3035 1003 3099 maiori
1026 3056 1119 3099 curae
1138 3046 1197 3111 est,
1219 3039 1512 3122 quemadmodum
1527 3038 1628 3112 vobis,

266 3136 359 3219 toqui
382 3134 421 3195 de
443 3151 493 3194 ms
515 3131 592 3194 estis
615 3130 731 3213 optime
753 3132 874 3204 meriti,
896 3132 1028 3211 gratiam
1050 3130 1200 3205 reseram,
1222 3152 1317 3214 quam
1335 3152 1430 3215 quem
1444 3132 1485 3195 ad
1499 3131 1628 3195 modum

303 3227 504 3291 inimicorum
533 3224 666 3285 iniurias
689 3222 970 3305 crudelitatemque
992 3243 1175 3306 persequar.
1211 3225 1336 3288 Etenim
1358 3225 1560 3289 ulciscendas
1579 3226 1629 3288 in·

304 3321 403 3384 iuriae
425 3317 548 3380 facilior
568 3317 650 3378 ratio
673 3325 721 3379 est
743 3335 839 3397 quam
860 3316 1008 3379 beneficii
1027 3317 1266 3391 remunerandi,
1288 3327 1457 3401 propterea
1472 3318 1558 3402 quod
1576 3339 1629 3382 su·

303 3416 460 3498 periorem
482 3430 552 3474 esse
574 3418 684 3472 contra
704 3409 863 3492 improbos
886 3410 990 3472 minus
1013 3419 1062 3473 est
1079 3411 1202 3491 ,negotii
1224 3431 1317 3495 quam
1333 3412 1426 3475 bonis
1440 3412 1628 3494 exaequari3

304 3519 370 3572 tum
400 3507 494 3570 etiam
525 3524 565 3566 ne
594 3510 657 3566 tam
687 3504 899 3566 necessarium
928 3503 1057 3584 quidem
1079 3509 1128 3565 est
1149 3504 1231 3566 male
1252 3505 1370 3567 meritis
1392 3524 1487 3588 quam
1509 3506 1628 3587 optime

266 3595 449 3685 ss[moritis]
480 3596 597 3661 reterre
625 3596 709 3682 quod
740 3596 866 3659 debeas.
909 3593 960 3658 23.
983 3596 1098 3659 Odium
1119 3595 1171 3659 vel
1198 3598 1343 3680 precibus
1364 3598 1501 3681 mitigari
1521 3604 1629 3682 potest

368 3928 391 3976 4.
411 3924 522 3976 amiserit
537 3923 659 3974 Weiske:
686 3923 808 3972 amiserat
824 3922 902 3973 codd.
921 3925 948 3972 et
965 3923 985 3972 0
1004 3950 1031 3959 -
1049 3923 1074 3972 2.
1092 3935 1230 3984 numquam
1246 3924 1265 3972 P
1282 3935 1352 3972 corr.
1370 3935 1406 3973 m.
1425 3924 1441 3974 2
1458 3936 1490 3974 er
1507 3937 1576 3974 oum.
1597 3952 1624 3962 -

302 4003 325 4054 l.
343 4008 403 4052 utar
420 4000 528 4049 PGEV
546 4001 573 4048 el
590 3999 604 4046 6
623 3999 715 4059 Laggs
735 4009 788 4047 om.
808 3998 868 4061 Lag.
882 4000 913 4056 73
930 4000 1022 4059 pistats
1037 4001 1142 4060 murts)
1156 3997 1196 4049 vel
1213 4004 1274 4048 utar
1288 3999 1381 4060 pistats
1397 4000 1414 4048 S
1431 3998 1459 4046 et
1474 3995 1530 4048 rcll.
1544 4000 1624 4062 lagg.

303 4077 445 4127 Lambinus
457 4074 529 4124 addit
539 4074 647 4132 laudato,
659 4070 770 4122 Woltius
782 4078 846 4130 arte,
860 4074 1048 4122 ltlommsenius
1058 4075 1084 4122 ci
1096 4074 1218 4135 (dicendi)
1230 4078 1289 4137 post
1300 4075 1423 4124 consuevi.
1435 4101 1469 4110 -
1479 4078 1535 4122 arto
1546 4073 1627 4123 PEV

306 4178 332 4189 -
347 4154 371 4202 5.
384 4156 459 4211 atquc
470 4150 496 4197 ia
513 4151 562 4198 otio
574 4149 623 4198 EV
636 4172 663 4182 -
683 4147 707 4195 6.
721 4147 858 4210 aqsbautt}
872 4172 900 4184 ··
918 4149 1024 4197 mimicis
1036 4162 1089 4198 om.
1104 4150 1153 4198 EV
1167 4176 1188 4184 —
1212 4151 1236 4199 7.
1250 4150 1310 4198 mibi
1326 4162 1380 4199 om.
1394 4149 1444 4198 EV
1457 4174 1484 4184 -
1501 4149 1627 4210 pumtust
1689 4196 1698 4213 ‚

301 4231 345 4291 ις.
359 4227 382 4277 l.
394 4227 416 4274 s.
430 4225 468 4274 48.
479 4223 520 4273 43.
531 4223 571 4273 lb.
583 4223 622 4272 fib:
639 4222 761 4283 pumitttt
777 4222 830 4271 mei
847 4221 950 4286 reliqui.
963 4227 992 4258 —'
1009 4224 1033 4273 8.
1046 4237 1086 4273 mc
1102 4227 1201 4274 Pcorr.
1215 4238 1249 4273 ex
1265 4237 1309 4282 uc;
1328 4225 1355 4274 tu
1370 4225 1441 4273 mett
1458 4224 1577 4284 (quatuor
1587 4237 1627 4273 ms

300 4302 368 4363 RV).
388 4327 415 4336 -
434 4304 553 4361 quattuor
569 4299 601 4347 P:
620 4302 730 4358 quatuor
747 4297 767 4346 0
786 4323 813 4333 ·-
831 4297 958 4347 lominum
974 4311 1066 4361 qonsra
1083 4300 1151 4348 mei:
1168 4311 1262 4361 ponera
1277 4299 1405 4348 bammum
1421 4299 1441 4348 0
1455 4323 1482 4333 -
1501 4297 1526 4347 9.
1544 4298 1629 4350 mostis

299 4380 314 4427 5
333 4379 424 4439 Lugg.:
441 4375 548 4423 conatus
564 4374 583 4422 P
601 4385 639 4436 pr.
654 4385 703 4430 m.;
722 4373 842 4421 conuiciis
852 4375 871 4421 G
881 4373 900 4423 E
910 4373 957 4422 SV
975 4377 1002 4422 et
1018 4376 1036 4422 P
1054 4387 1135 4433 corr,
1154 4373 1211 4424 rell.
1225 4373 1274 4436 (vel
1289 4374 1425 4423 conutitutis
1436 4371 1477 4423 vel
1489 4373 1582 4434 uictis).
1597 4398 1626 4409 -

298 4454 472 4501 conservatam
488 4448 569 4497 GEV
589 4474 615 4483 -
634 4447 703 4495 inim.
723 4447 784 4495 milii
801 4448 870 4497 mci:
888 4449 949 4497 mibi
965 4449 1068 4497 mimo
1089 4476 1115 4483 -
1135 4449 1176 4498 to.
1195 4450 1310 4512 ussarius
1326 4451 1344 4499 P
1362 4471 1385 4484 ἡ
1405 4449 1446 4498 ll.
1462 4448 1628 4510 prodiderunt

300 4526 387 4585 PGV,
405 4524 421 4573 8
438 4522 709 4585 nagg.:psratdemut
726 4522 760 4581 E;
778 4535 817 4570 mc
830 4524 996 4582 prodiderunt
1013 4522 1068 4572 rell.
1088 4524 1165 4585 Logg.
1185 4524 1231 4573 SO
1249 4549 1276 4559 —
1296 4523 1398 4585 adsequi
1415 4523 1434 4572 P
1453 4548 1481 4560 -
1500 4522 1540 4572 ti.
1558 4523 1628 4571 iusi·

298 4604 388 4651 demut
403 4600 419 4648 8
437 4600 514 4660 Lagg.
533 4601 560 4647 et
577 4599 597 4646 G
614 4610 697 4646 corn:
720 4597 858 4646 iuoidermt
875 4596 931 4645 rell.
952 4598 1004 4646 mei
1022 4600 1049 4646 et
1066 4599 1143 4660 Lagg.
1165 4623 1191 4633 -
1212 4597 1251 4647 43.
1271 4598 1384 4647 deberem
1400 4597 1518 4646 Ernesti:
1536 4597 1627 4648 dubus-

298 4683 358 4727 ruut
368 4675 461 4732 codd.;
481 4673 607 4722 debuerint
618 4673 804 4729 Heumcnuus;
823 4673 957 4722 debueram
969 4675 989 4722 0
1003 4699 1028 4708 -
1049 4672 1088 4722 tt.
1105 4686 1197 4734 pacuss
1214 4675 1233 4722 P
1247 4699 1274 4709 -
1291 4674 1408 4736 {minora
1424 4685 1511 4722 corum
1527 4672 1628 4736 sissqula

298 4753 405 4815 scripsi:
429 4750 571 4812 sucinorum
591 4748 691 4810 siuqula
709 4749 740 4802 P:
762 4748 878 4811 faciuoro
898 4748 997 4810 stupida
1018 4746 1073 4795 rell.
1093 4748 1145 4797 mei
1170 4750 1197 4796 et
1219 4749 1288 4810 Lagg
1307 4762 1313 4806 ;
1331 4759 1423 4810 peoora
1439 4747 1539 4810 mapula
1555 4748 1576 4797 Ο
1593 4761 1626 4797 ex

298 4829 339 4877 ed.
355 4829 465 4888 Nauger.
485 4823 572 4873 Possis
584 4822 663 4871 etiam
676 4834 707 4870 ex
726 4820 838 4872 lectione
851 4822 950 4872 codicis
963 4824 980 4870 Ρ
992 4823 1138 4871 coniiccre:
1157 4823 1273 4883 facinora
1284 4822 1448 4884 stapulensis.
1464 4847 1491 4858 -
1512 4821 1551 4871 46.
1564 4823 1628 4872 ciuis

299 4904 359 4953 mei.
382 4928 408 4934 -
427 4899 485 4948 oms
500 4897 607 4959 roqmdo
624 4896 676 4945 mei
695 4897 810 4958 (Logom.
824 4897 858 4946 de
876 4898 930 4946 suis
947 4899 1032 4949 mesti
1051 4895 1074 4943 b.
1092 4890 1199 4958 parendo
1217 4896 1300 4944 estin
1317 4895 1360 4945 ed.
1373 4901 1484 4946 ascens.
1499 4897 1582 4960 sats.)
1595 4923 1625 4936 -

298 4978 337 5027 48.
351 4975 383 5024 ab
398 4974 436 5022 lis
447 4972 509 5022 mei.
525 4998 551 5007 -
567 4971 757 5032 prouiatimum
768 4973 787 5020 P
801 4997 828 5006 -
846 4973 944 5020 rationo
956 4971 1089 5031 repetenda
1102 4972 1120 5018 P
1131 4983 1170 5034 pr.
1186 4983 1226 5039 m..
1235 4971 1296 5032 Lag.
1310 4972 1350 5021 to.
1365 4971 1405 5019 43.
1419 4970 1451 5018 25
1463 4971 1491 5019 et
1502 4971 1512 5019 4
1528 4971 1624 5022 Onon:

296 5052 394 5099 ratione
419 5046 557 5109 sopotcadu
579 5046 641 5103 EV;
668 5047 793 5094 rationem
815 5047 948 5107 repetenda
966 5048 986 5093 G
1003 5059 1043 5108 pr.
1063 5058 1114 5097 m.;
1140 5046 1264 5094 rationem
1279 5047 1409 5106 rsmteado
1426 5048 1445 5095 P
1462 5050 1490 5096 st
1506 5048 1526 5096 G
1543 5059 1625 5108 corr„

297 5125 353 5176 rell.
373 5127 463 5187 lagg..
482 5123 529 5172 SO
548 5144 574 5158 ·-
595 5123 635 5172 ts.
655 5134 802 5182 quosquam
820 5125 876 5172 P-
896 5121 972 5178 milti,
992 5121 1113 5180 Quirites,
1130 5120 1223 5169 maiori
1239 5121 1349 5183 scripsi:
1367 5121 1443 5169 michi
1458 5123 1519 5183 qum
1533 5125 1628 5173 maiom‘

297 5203 329 5258 P3
348 5201 409 5249 mibi
425 5211 503 5258 quam
518 5197 584 5245 mort
596 5196 691 5254 unv;
709 5198 770 5245 miti
787 5197 885 5257 quidem
901 5195 993 5244 maiori
1011 5196 1046 5250 l.;
1064 5195 1126 5243 mibi
1141 5196 1234 5244 maiori
1251 5195 1297 5244 SO
1315 5197 1342 5245 el
1358 5197 1448 5259 lasgg.¹
1466 5200 1495 5246 ut
1510 5197 1625 5249 videtur.

298 5300 325 5311 -
340 5287 411 5336 quon
422 5272 566 5322 ammodum
578 5273 596 5320 P
609 5274 635 5320 ct
646 5271 685 5320 sic
696 5271 774 5334 paulo
787 5275 854 5335 post.
869 5296 898 5307 -
916 5269 985 5318 coms
1000 5271 1043 5329 qus¹
1060 5270 1089 5318 αθ
1104 5283 1144 5318 ms
1155 5273 1176 5318 t}
1188 5272 1299 5328 corr.‚S
1316 5275 1343 5320 et
1359 5269 1459 5334 aliquot
1470 5272 1565 5335 lagga
1583 5275 1627 5334 qut

296 5351 325 5398 αθ
341 5362 380 5397 mc
396 5346 464 5395 uobis
482 5346 560 5395 PEV
577 5349 604 5395 et
621 5347 640 5394 G
660 5360 699 5409 pr.
718 5360 770 5403 m.;
790 5347 888 5408 quidem
903 5345 972 5394 uobis
988 5346 1031 5406 qus·
1047 5345 1077 5394 αθ
1092 5359 1131 5394 ms
1147 5345 1252 5408 tbsgg.
1266 5349 1294 5395 et
1304 5347 1333 5396 0.
1358 5346 1446 5397 Possis
1463 5359 1496 5397 en
1512 5347 1626 5399 lectione

296 5425 455 5486 optimorum
473 5420 583 5470 elicere:
608 5422 814 5482 quonammodum
838 5422 881 5481 qui
898 5422 928 5471 αθ
943 5433 983 5469 ms
999 5433 1012 5469 θ
1027 5419 1096 5470 uobis
1112 5423 1175 5479 etc..
1193 5419 1242 5471 sed
1259 5419 1426 5472 verisimilius
1443 5421 1548 5473 videtur
1563 5436 1627 5474 ver-

296 5499 391 5547 borum
408 5496 613 5559 transpositione
631 5498 749 5545 erratum
761 5509 830 5546 esse.
846 5524 872 5531 -
892 5496 932 5544 st.
952 5496 1041 5544 ctms'm
1056 5509 1114 5544 mun
1129 5494 1283 5546 ulciscmdas
1293 5494 1437 5548 Lambinus
1448 5512 1481 5548 cx
1493 5498 1553 5550 cod.
1566 5512 1625 5558 suo,

297 5572 366 5635 quod
385 5573 407 5623 si
426 5569 538 5636 pmbes.
556 5572 631 5620 stiam
648 5573 709 5634 post
725 5575 777 5619 tum
794 5573 827 5632 (v.
840 5569 880 5630 ᾗ)
900 5570 981 5620 ctiam
999 5572 1083 5634 magis
1100 5568 1226 5621 otlcndet.
1246 5597 1272 5608 -
1292 5570 1332 5620 23.
1351 5569 1626 5632 somniassem

295 5649 380 5697 bouus.
402 5675 429 5684 -
454 5646 496 5697 st.
514 5646 604 5708 optimc
625 5647 720 5695 moritis
737 5648 754 5695 P
779 5645 834 5707 (sed
853 5648 895 5695 est
909 5645 973 5694 mm·
990 5646 1014 5694 ic
1033 5644 1091 5695 loco
1110 5658 1186 5696 eraso
1202 5647 1344 5709 scriptum,
1368 5647 1624 5709 montanensem,

296 5724 344 5774 sed
362 5737 401 5787 pr.
421 5724 482 5783 ml:
502 5721 597 5771 moritis
612 5733 666 5770 om.
684 5720 804 5769 GEVet
815 5722 892 5784 lagg.
906 5722 930 5770 3.
944 5722 969 5770 6.
983 5722 1023 5769 to,
1036 5722 1083 5778 2t;
1102 5735 1179 5782 quam
1189 5728 1240 5784 opt.
1252 5722 1347 5771 mauis
1358 5734 1412 5772 om.
1425 5723 1481 5771 Set
1492 5723 1523 5771 to
1536 5723 1623 5785 lagg..

296 5811 357 5847 cum
375 5795 480 5846 librarii
491 5795 525 5847 sb
543 5795 626 5847 altero
643 5796 738 5845 meritis
754 5795 787 5844 ad
805 5795 917 5846 alterum
935 5794 1127 5847 aberraverint.
1140 5821 1169 5832 -
1187 5798 1228 5847 ss.
1246 5797 1360 5860 mitiqam'
1376 5797 1483 5846 GESV
1499 5798 1527 5846 et
1542 5793 1625 5860 pleri·

297 5884 366 5936 que:
384 5871 487 5921 uiticari
505 5874 524 5921 P
541 5884 581 5936 pr.
595 5883 647 5930 m.;
666 5871 897 5921 uiadicurchorr.
910 5882 946 5921 m.
960 5872 976 5921 ἱ
988 5875 1016 5922 et
1025 5873 1087 5935 Lag.
1101 5873 1143 5922 st.
1158 5897 1185 5910 -
1199 5870 1367 5936 potestusls:
1388 5871 1492 5922 ustorn
1504 5869 1622 5922 PGEV.
