3800 7350
707 1222 780 1288 cn.
803 1224 954 1290 v-vn.
981 1222 1028 1308 ss
1050 1220 1196 1288 u-ls.
1527 1214 1610 1283 latr

283 1396 358 1460 visit
378 1393 570 1459 Semurium.
604 1393 740 1478 Campus
761 1397 892 1459 blartins
909 1394 1063 1469 restabat,
1085 1395 1147 1458 nisi
1165 1396 1252 1478 prius
1268 1392 1448 1458 cumfratre
1464 1390 1608 1475 fugisset

283 1488 347 1552 Sed
368 1488 448 1551 baec
468 1507 613 1569 agrorum
635 1490 807 1571 assignatio
829 1490 925 1572 paulo
947 1496 1039 1563 ante,
1071 1488 1228 1564 Quirites,
1256 1490 1292 1551 L.
1315 1488 1473 1563 Caesaris,
1502 1486 1610 1550 claris·

282 1581 353 1645 simi
374 1580 434 1643 riri
456 1588 489 1646 et
508 1582 768 1663 praestantissimi
791 1584 962 1656 senatoris,
985 1582 1141 1645 sententia
1162 1580 1317 1645 dissoluta
1338 1588 1401 1644 est:
1432 1580 1507 1645 bnic
1523 1579 1610 1642 enim

282 1673 404 1740 assensi
430 1675 655 1758 septemvirum
684 1683 755 1740 acta
775 1676 971 1741 sustulimus.
1017 1678 1126 1740 lacent
1151 1675 1306 1739 beneficia
1334 1674 1489 1750 Nuculae,
1519 1673 1611 1756 friget

281 1776 435 1853 patronus
455 1768 623 1832 Antonius.
664 1771 743 1832 Nam
765 1790 964 1854 possessores
986 1771 1091 1834 animo
1112 1769 1266 1852 aequiore
1289 1768 1468 1833 discedent:
1490 1766 1633 1831 nullamo

282 1862 458 1944 impensam
479 1861 634 1936 fecerant,
656 1861 798 1926 nondum
818 1864 1050 1937 instruxerant,
1072 1862 1187 1944 partim
1209 1862 1285 1946 quia
1310 1881 1376 1926 non
1398 1861 1610 1935 confidebant,

281 1953 396 2038 partim
423 1957 499 2039 quia
525 1975 590 2018 non
617 1955 786 2019 habebant.
830 1952 882 2019 t5.
912 1957 976 2021 Sed
1004 1956 1059 2020 illa
1080 1962 1184 2018 statua
1212 1955 1378 2038 palmaris,
1409 1955 1449 2019 de
1476 1973 1552 2039 qua,
1581 1952 1610 2017 si

282 2046 415 2111 meliora
442 2055 585 2132 tempora
610 2055 734 2124 essent,
760 2069 826 2114 non
852 2070 981 2134 possem
1002 2051 1071 2114 sine
1092 2048 1159 2112 risu
1181 2048 1303 2113 dicere:
1331 2049 1366 2111 L.
1386 2049 1568 2113 Antonio
1590 2065 1611 2110 a

282 2140 377 2203 lano
408 2141 543 2206 medio
572 2150 758 2228 patrono.
799 2144 909 2207 Itane?
941 2145 1035 2207 lanus
1056 2141 1179 2206 medius
1201 2142 1235 2205 in
1257 2144 1292 2205 L.
1313 2141 1442 2206 Antonii
1464 2140 1611 2205 clientela

284 2236 355 2297 esti
378 2233 457 2309 Quis
479 2256 630 2321 umquam
652 2236 685 2300 in
707 2237 763 2301 illo
786 2238 862 2301 lano
885 2237 1033 2302 inventus
1056 2244 1119 2311 est,
1142 2237 1198 2320 qui
1216 2237 1251 2298 L.
1265 2237 1402 2300 Antonio
1418 2235 1505 2300 mille
1518 2253 1649 2301 num-to

283 2348 368 2392 mum
391 2327 488 2394 ferret
509 2334 706 2415 expensum?

367 2422 420 2485 Vl.
444 2424 506 2487 Sed
538 2424 631 2489 nimis
660 2424 758 2489 multa
788 2425 828 2488 de
855 2425 967 2508 nnqis:
996 2422 1035 2487 ad
1065 2443 1190 2488 causam
1219 2424 1402 2508 bellumque
1428 2426 1609 2493 redeamust

284 2536 474 2602 quamquam
504 2540 569 2582 non
599 2517 738 2583 alienum
766 2518 826 2581 luit
847 2537 1001 2602 personas
1023 2518 1177 2602 quasdam
1198 2538 1217 2581 a
1238 2518 1327 2581 vobis
1348 2520 1549 2603 recognosci,
1575 2525 1611 2582 nt

284 2610 473 2694 quibuscum
493 2612 612 2678 bellum
634 2621 794 2697 gereretur
815 2613 951 2695 possetis
973 2612 1061 2675 taciti
1084 2612 1232 2695 cogitare.
1261 2613 1329 2694 Ego
1343 2620 1449 2677 autem
1465 2633 1521 2676 vos
1535 2610 1611 2675 bor-

282 2713 348 2778 tor,
377 2704 537 2781 Quirites,
566 2717 602 2771 ut
631 2708 724 2772 etiam
753 2706 779 2770 si
802 2706 917 2771 melius
938 2705 1026 2769 aliud
1048 2704 1125 2779 luit,
1148 2714 1253 2769 tamen
1275 2706 1451 2789 legatorum
1473 2704 1609 2768 reditum
1620 2722 1648 2770 tt

283 2800 472 2882 exspectetis
501 2800 607 2864 animo
637 2820 752 2885 aequo.
790 2800 941 2864 Celeritas
972 2799 1113 2865 detracta
1134 2799 1174 2863 de
1196 2819 1292 2863 causa
1314 2808 1378 2863 est:
1405 2799 1482 2863 boni
1505 2806 1611 2862 umen

282 2892 402 2977 aliquid
431 2895 565 2958 accessit
595 2892 634 2957 ad
666 2914 801 2958 causam.
846 2889 896 2956 lb.
921 2893 998 2957 Cum
1030 2893 1114 2957 enim
1143 2892 1237 2975 legati
1270 2892 1497 2967 renuntiarint,
1526 2892 1611 2976 quod

282 2994 367 3050 certe
388 2987 629 3063 renuntiabunt,
658 3009 721 3052 non
743 2988 777 3051 in
799 2996 903 3052 vestra
925 2995 1100 3071 potestate,
1130 3007 1194 3052 non
1217 2988 1251 3051 in
1272 2996 1401 3051 senatus
1423 3006 1492 3051 esse
1514 2989 1612 3050 Anto-

283 3081 389 3156 nium,
418 3082 490 3165 quis
518 3084 578 3145 erit
605 3090 667 3146 tam
697 3083 858 3166 improbus
881 3082 959 3146 civis
982 3083 1038 3166 qui
1060 3081 1150 3145 illum
1172 3081 1275 3145 civem
1296 3080 1475 3145 habendum
1496 3082 1609 3163 puteti

282 3176 373 3236 Nunc
396 3174 479 3237 enirn
501 3184 575 3239 sunt
596 3176 689 3259 pauci
711 3174 758 3239 illi
781 3175 927 3261 quidem,
958 3175 1014 3238 sed
1037 3185 1140 3238 tamen
1162 3176 1287 3258 plures,
1310 3195 1405 3261 quam
1427 3197 1461 3239 re
1484 3174 1648 3259 publicato

284 3269 415 3350 dignum
436 3277 500 3344 est,
523 3272 577 3353 qni
599 3271 644 3333 ita
666 3268 855 3354 loquantur:
877 3289 918 3332 ne
937 3269 1056 3352 legatos
1074 3268 1202 3353 quidem
1218 3269 1493 3352 exspectabimus?
1515 3269 1611 3332 Istam

284 3368 368 3424 certe
389 3381 500 3427 vocem
522 3364 820 3446 simulationemque
845 3362 1032 3427 clementiae
1054 3362 1258 3446 extorquebit
1278 3362 1348 3426 istis
1369 3383 1420 3426 res
1445 3362 1515 3446 ipsa
1539 3358 1610 3445 [pn-

283 3448 388 3537 blical.
430 3455 503 3530 Quo
531 3457 640 3531 etiam,
672 3464 708 3519 ut
737 3453 887 3520 confitear
917 3455 1022 3531 vobis,
1056 3457 1216 3532 Quirites,
1250 3458 1354 3521 minus
1379 3456 1535 3520 bodierno
1558 3455 1610 3519 die

283 3548 449 3624 contendi,
479 3550 583 3614 minus
610 3551 766 3625 laboravi,
796 3558 832 3613 nt
858 3551 935 3614 mibi
963 3557 1092 3614 senatus
1111 3551 1290 3615 assentiens
1312 3550 1478 3614 tumultum
1502 3548 1611 3612 decer·

283 3649 387 3718 neret,
416 3662 492 3728 saqa
520 3646 601 3710 sumi
631 3647 764 3711 iuberet.
804 3646 902 3710 Malui
931 3644 1041 3729 viginti
1071 3644 1182 3708 diebus
1204 3652 1277 3730 post
1298 3644 1486 3710 sententiam
1508 3662 1647 3710 meamet

282 3736 404 3801 laudari
432 3737 471 3801 ab
501 3740 647 3804 omnibns
675 3761 770 3826 mam
800 3761 819 3804 a
846 3741 955 3823 paucis
977 3738 1074 3803 bodie
1097 3740 1280 3823 vituperari.
1324 3735 1374 3801 li.
1397 3739 1610 3822 Quapropter,

271 3823 437 3906 Quirites,
467 3842 649 3914 exspectate
677 3832 853 3917 legatorum
880 3833 1015 3897 reditum
1038 3840 1068 3896 et
1092 3852 1266 3914 paucorum
1289 3832 1410 3899 dierum
1431 3831 1610 3895 molestiam

282 3923 441 3987 devorate.
475 3925 537 4001 Qui
560 3947 631 3990 cnm
650 3927 818 4001 redierint,
842 3929 867 3991 si
889 3946 999 4009 pacem
1015 3926 1161 4001 afferent,
1185 3926 1334 4010 cupidum
1350 3946 1415 4000 me,
1438 3925 1465 3989 si
1480 3923 1609 3999 bellum,

281 4017 449 4103 providum
476 4018 656 4083 iudicatote.
698 4022 746 4082 An
776 4040 835 4103 ego
863 4041 928 4083 non
956 4019 1139 4103 provideam
1170 4021 1247 4083 meis
1274 4021 1419 4083 civibus?
1448 4038 1511 4082 non
1540 4015 1609 4081 dies

281 4118 456 4195 noctesque
479 4112 519 4175 de
540 4121 643 4177 vestra
665 4114 827 4189 libertate,
850 4115 889 4177 de
904 4115 949 4176 rei
965 4113 1112 4197 publicae
1127 4114 1229 4177 salute
1244 4116 1401 4197 cogitem?
1424 4111 1507 4188 Quid
1525 4111 1646 4181 enimse

282 4226 344 4268 non
367 4205 468 4271 debeo
489 4206 593 4282 vobis,
616 4207 766 4283 Quirites,
790 4227 885 4290 quem
900 4227 956 4271 vos
980 4227 998 4270 a
1020 4226 1054 4270 se
1077 4213 1181 4270 ortum
1203 4206 1384 4271 hominibus
1402 4204 1609 4269 nobilissimis

283 4300 429 4364 omnibus
442 4300 617 4365 bonoribus
631 4300 847 4384 praetulistis?
867 4302 916 4362 An
930 4301 1070 4382 ingratus
1085 4303 1176 4364 sumi
1207 4302 1278 4385 quis
1293 4302 1419 4364 minuet
1442 4301 1497 4384 qni
1511 4299 1609 4384 partis

281 4394 457 4459 bonoribus
484 4394 613 4459 eosdem
641 4395 675 4456 in
703 4394 771 4458 loro
801 4395 885 4478 gessi
915 4393 1055 4471 labores,
1088 4415 1168 4480 quos
1199 4395 1361 4478 petendis.
1398 4393 1497 4458 Rudis
1518 4393 1552 4454 in
1573 4413 1608 4456 re

281 4489 431 4572 publicat
464 4491 536 4575 quis
567 4488 782 4563 exercitatior,
818 4489 872 4573 qui
903 4489 1015 4572 viginti
1044 4491 1106 4555 iam
1134 4510 1236 4554 annos
1266 4489 1385 4554 bellum
1408 4507 1513 4573 geram
1536 4507 1609 4550 cum

282 4584 387 4666 impiis
416 4584 561 4648 civibnst
603 4581 670 4648 V11.
694 4578 744 4644 l8.
775 4584 877 4659 Quam
912 4581 952 4646 ob
982 4605 1065 4659 rem,
1098 4584 1255 4660 Quirites,
1288 4583 1420 4648 oonsilio
1454 4589 1645 4666 quantumst

346 4875 372 4924 t.
395 4872 538 4924 amorium
562 4871 631 4922 coni.
654 4871 808 4932 Ferrarium
831 4874 859 4922 at
879 4887 905 4924 v.
927 4874 1008 4925 blacr.
1031 4874 1083 4923 Sat.
1101 4875 1126 4934 l,
1149 4874 1194 4936 to,
1214 4873 1255 4925 46.
1282 4898 1311 4912 -
1336 4873 1361 4922 2.
1379 4872 1521 4936 odatqemio
1537 4873 1560 4922 V
1579 4899 1607 4911 -

280 4945 1610 5011 t.aneesvr-tacenav-o.nuttaopmtaeeraecv-eeoeaseoeuetv-nec-

280 5023 351 5074 bebot
366 5023 390 5072 V
408 5048 436 5058 -
454 5021 480 5072 8.
499 5033 517 5070 o
532 5033 587 5071 om.
607 5022 633 5080 i;
656 5020 712 5070 leat
730 5021 806 5070 medit
826 5023 896 5073 coni.
916 5023 1060 5072 Ferrarius.
1081 5049 1108 5060 -
1133 5022 1158 5072 o.
1175 5023 1274 5072 mesdeo
1288 5021 1312 5070 V
1330 5047 1358 5061 -
1377 5022 1446 5071 duee
1461 5023 1492 5072 Α.
1511 5018 1609 5072 Gellius

281 5099 336 5162 (qui
352 5095 441 5149 locum
459 5095 535 5146 affert
551 5096 575 5155 l,
593 5095 638 5157 46,
657 5097 672 5146 5
689 5108 775 5159 usque
793 5096 827 5146 ad
844 5099 1003 5160 capessam:
1027 5098 1065 5147 lta
1080 5099 1108 5147 ta
1124 5110 1181 5148 enm
1197 5097 1252 5156 Vi3
1279 5095 1338 5147 lort.
1356 5095 1445 5147 ttaoe?
1460 5096 1514 5145 inm
1532 5123 1559 5132 -
1577 5096 1606 5145 L.

281 5187 334 5223 om.
354 5168 384 5222 V¹
404 5199 431 5209 -
450 5171 537 5221 uotoni
553 5170 577 5218 V
596 5196 623 5206 -
643 5170 682 5221 40.
700 5174 736 5220 est
752 5169 863 5222 Gellius:
882 5173 913 5222 sit
929 5172 950 5221 V
964 5172 1018 5229 0i;
1041 5171 1074 5223 cl.
1093 5171 1180 5223 lladv.
1199 5170 1234 5223 ad
1250 5172 1305 5223 Cic.
1323 5169 1358 5221 de
1375 5170 1438 5222 dnn.
1456 5183 1483 5235 p.
1501 5169 1559 5221 tta.
1579 5196 1607 5206 -

281 5249 324 5311 qai
339 5243 372 5296 V¹
388 5247 416 5297 et
432 5246 510 5298 codd.
528 5244 654 5298 Macrobii
671 5245 724 5295 Sat.
743 5246 771 5307 1,
789 5247 819 5307 b,
837 5249 867 5308 b,
892 5246 937 5312 qui
954 5245 1032 5296 allert
1047 5247 1091 5307 qus·
1106 5259 1226 5309 unquam
1237 5258 1428 5308 --eapeem
1448 5271 1476 5280 —
1493 5258 1611 5295 mmo

281 5336 338 5372 nan
354 5317 387 5371 V'
405 5344 433 5357 -
448 5318 499 5372 tt.
513 5321 615 5384 possitis
631 5319 639 5369 l
658 5346 684 5357 -
711 5320 752 5370 lb.
771 5321 835 5372 olim
850 5320 873 5369 V
892 5347 919 5356 -
944 5320 1086 5385 equom
1101 5321 1208 5371 redttm
1224 5320 1363 5383 tapetum
1377 5322 1510 5384 exspectetis
1525 5321 1609 5371 uelem

281 5397 446 5461 enqro-
465 5395 505 5446 ⁴9.
524 5393 768 5458 inprobascrsiusV
787 5423 814 5433 -
834 5396 874 5445 ΞΟ.
894 5394 1072 5455 quidems'ttti
1093 5420 1117 5432 -
1137 5394 1609 5458 quoeur.p.Vi(inVreapubtlca

282 5475 309 5522 et
321 5470 429 5534 popolus
443 5470 570 5520 Romanoa
585 5468 641 5520 lere
659 5482 767 5534 semper
783 5468 868 5535 plenis
885 5467 979 5519 litteris
996 5471 1125 5533 scriptum
1143 5469 1202 5529 est.)
1222 5494 1249 5504 -
1274 5469 1316 5520 at.
1334 5472 1521 5533 wpectoutrnas
1536 5469 1559 5517 V
1574 5496 1608 5506 -

281 5547 322 5597 22.
341 5545 394 5594 tatia
409 5544 444 5594 V:
471 5544 503 5594 its
522 5545 531 5594 i
551 5571 577 5580 —
599 5542 701 5606 publica
719 5543 810 5595 delent
826 5546 944 5595 Muretus
962 5547 989 5594 et
1006 5545 1143 5604 Garatoni,
1170 5545 1196 5593 in
1213 5542 1237 5592 V
1254 5545 1295 5594 est
1307 5558 1334 5606 p.
1358 5570 1386 5581 -
1412 5543 1453 5596 st.
1471 5544 1609 5594 emacim

280 5622 303 5671 V
321 5647 348 5658 —
366 5619 407 5671 tt.
425 5619 537 5684 adferent
553 5618 576 5667 V
595 5642 623 5654 -
648 5619 688 5668 ³⁴.
708 5620 774 5682 quir.
793 5620 818 5677 i;
840 5619 957 5681 qnosptus
973 5619 995 5669 V
1013 5644 1041 5655 -
1066 5619 1188 5669 lomim
1204 5631 1222 5668 o
1237 5631 1263 5668 ae
1279 5625 1361 5670 erasm
1377 5621 1509 5680 Muretus,
1533 5631 1607 5668 eor-

282 5701 335 5746 tem
350 5696 374 5745 V
390 5696 416 5746 in
434 5708 488 5746 ras.
507 5691 596 5744 babet.
621 5719 649 5729 -
673 5693 714 5743 32.
729 5695 813 5756 partis
829 5695 851 5744 V
869 5708 938 5745 corr.
958 5709 991 5744 ex
1012 5708 1094 5757 ponsa
1110 5721 1137 5730 -
1161 5694 1202 5745 33.
1219 5695 1283 5759 qesta·
1300 5696 1327 5744 to
1341 5695 1398 5758 loro
1416 5696 1424 5744 l
1448 5720 1474 5731 -
1496 5694 1607 5757 petendis

282 5771 321 5819 V:
344 5770 372 5819 ie
390 5770 501 5832 petendis
518 5770 535 5819 i.
562 5771 684 5821 Garatoni
706 5773 767 5835 apte
789 5769 899 5821 contulit
921 5770 955 5820 do
979 5771 1058 5834 legg.
1077 5771 1123 5829 111.
1142 5769 1158 5833 3
1175 5770 1220 5819 ll:
1243 5771 1346 5821 Danaam
1360 5784 1392 5821 ee
1412 5771 1531 5832 copem
1546 5781 1607 5819 owe

282 5846 358 5894 doato
374 5845 554 5908 oeoepetendu
568 5858 629 5895 neve
643 5847 753 5911 parendo
768 5859 829 5896 eece
843 5851 913 5910 qesta
927 5851 1056 5909 potestate.
1071 5873 1098 5882 -
1117 5845 1333 5898 teneamur
1349 5847 1374 5896 i:
1391 5846 1525 5897 mttador
1539 5844 1602 5893 V-

283 5918 325 5971 35.
342 5919 425 5984 boma
440 5920 477 5969 V:
495 5919 614 5984 improbis
628 5921 652 5982 i;
671 5920 704 5972 cl.
718 5932 757 5975 or.
769 5920 827 5983 ΧΗ,
845 5919 913 5984 5⁴⁸·
931 5921 998 5985 XlV,
1015 5920 1075 5986 glo
1092 5922 1120 5972 et
1135 5933 1217 5987 saepe
1233 5919 1306 5973 allas.
1320 5947 1349 5958 -
1367 5919 1459 5972 cibibus
1474 5917 1506 5971 V.
