3800 7350
725 1218 798 1282 Cer.
820 1219 929 1282 1-11.
957 1217 1003 1302 §5
1028 1215 1132 1284 4-6.
1506 1204 1587 1275 iiii>

271 1391 388 1465 voluit,
419 1408 458 1451 ne
481 1408 545 1472 qua
567 1387 672 1450 tabula
700 1394 773 1470 post
794 1387 869 1450 idus
890 1388 1017 1452 Martias
1039 1388 1136 1451 ullius
1157 1389 1275 1453 decreti
1297 1385 1437 1451 Caesaris
1459 1392 1512 1448 aut
1531 1384 1589 1446 be·

270 1483 374 1548 000044
404 1479 560 1565 figeretur.
605 1481 704 1546 blulta
730 1490 895 1565 praetereo
924 1501 1025 1564 esque
1054 1482 1230 1566 praeclara;
1258 1482 1297 1545 ad
1325 1479 1483 1562 singulare
1504 1478 1588 1541 enim

268 1579 311 1640 bl.
332 1573 460 1639 Antonii
494 1573 608 1639 iactum
640 1573 769 1639 festinat
800 1578 910 1640 oratio.
952 1576 1158 1650 Dictaturam,
1191 1596 1273 1659 quae
1301 1575 1370 1656 iam,
1393 1574 1454 1637 vim
1483 1572 1587 1655 regiae

269 1668 435 1753 potestatis
456 1668 641 1741 obsederat,
661 1667 802 1732 funditus
824 1687 865 1732 ex
887 1688 920 1731 re
942 1667 1070 1751 publica
1091 1667 1233 1742 sustulit,
1256 1669 1296 1731 de
1316 1687 1380 1751 qua
1400 1686 1441 1729 ne
1462 1673 1588 1730 senten·

270 1766 329 1828 tias
352 1762 480 1849 quidem
502 1760 656 1837 diximum
678 1761 828 1846 scriptum
850 1770 980 1825 senalus
1002 1761 1197 1835 consultum,
1218 1760 1306 1845 quod
1328 1758 1395 1823 lieri
1416 1760 1612 1832 satietati

268 1857 356 1931 tulit,
384 1876 448 1939 quo
476 1854 607 1918 recitato
635 1856 853 1920 auctoritatem
879 1856 948 1920 eius
976 1876 1099 1918 summo
1120 1853 1225 1918 studio
1246 1855 1344 1919 secuti
1366 1872 1474 1918 sumus
1495 1852 1589 1933 eique

268 1950 469 2034 amplissimis
504 1948 606 2012 verbis
638 1969 695 2030 per
727 1955 855 2012 senatus
880 1949 1061 2012 consultum
1091 1947 1206 2031 gratias
1227 1948 1361 2031 egimus.
1403 1948 1442 2010 ll.
1465 1942 1494 2008 4.
1517 1945 1589 2006 Lux

270 2043 424 2129 quaedam
454 2042 618 2106 videbatur
639 2042 760 2116 oblata,
790 2062 854 2105 non
876 2042 972 2105 modo
993 2062 1107 2125 regno,
1139 2041 1223 2124 quod
1254 2041 1503 2125 pertulerimus,
1531 2033 1589 2099 sed

270 2138 363 2202 etiam
385 2136 475 2218 regni
496 2136 607 2199 timore
629 2135 769 2211 sublato;
799 2155 1013 2219 magnumque
1042 2135 1158 2219 pignus
1179 2135 1218 2198 ab
1241 2155 1280 2199 eo
1301 2136 1347 2198 rei
1369 2132 1514 2217 publicae
1535 2129 1591 2192 da·

271 2239 352 2303 tum,
373 2247 409 2294 se
431 2229 560 2293 liberam
582 2229 740 2293 civitatem
763 2248 833 2293 esse
855 2229 952 2304 velle,
975 2250 1045 2294 cum
1066 2228 1225 2292 dictatoris
1239 2248 1372 2302 nornen,
1394 2226 1479 2311 quod
1496 2236 1627 2308 saepeso

271 2325 389 2388 iustum
411 2321 541 2396 luisset,
563 2330 693 2405 propter
714 2331 886 2406 perpetuae
908 2323 1080 2385 dictaturae
1102 2330 1262 2386 recentem
1283 2322 1464 2385 memoriam
1485 2317 1591 2382 lundi-

272 2425 322 2480 tus
351 2436 391 2479 ex
421 2414 604 2499 republica
630 2415 816 2481 sustulisset
860 2411 891 2478 5.
912 2415 1077 2479 Liberatus
1100 2415 1240 2498 periculo
1262 2414 1369 2479 caedis
1391 2414 1499 2498 paucis
1521 2418 1592 2494 post

272 2510 381 2573 diebus
410 2516 552 2582 senatus,
583 2528 683 2571 uncus
712 2509 868 2593 impactus
895 2517 944 2573 est
971 2508 1104 2592 fugitivo
1132 2508 1196 2582 illi,
1226 2509 1340 2593 quiin
1362 2507 1452 2572 Marii
1475 2524 1589 2569 nomen

270 2604 438 2666 invaserat.
482 2602 584 2685 Atque
606 2600 684 2664 baec
707 2602 814 2666 omnia
835 2603 1043 2666 communiter
1065 2623 1136 2666 cum
1158 2604 1296 2685 collegas
1318 2602 1380 2667 alia
1403 2619 1498 2685 porro
1519 2617 1591 2682 pro·

270 2697 339 2781 pria
358 2695 557 2770 Dolabellae,
579 2714 671 2777 quae,
694 2695 755 2758 uisi
777 2696 898 2777 collega
919 2695 1066 2770 afuisset,
1089 2696 1184 2761 credo
1205 2697 1245 2760 iis
1266 2696 1371 2761 lutura
1391 2694 1489 2759 fuisse
1506 2706 1628 2756 com-st

270 2791 386 2854 munia.
415 2791 496 2852 iiam
518 2808 589 2851 cum
611 2797 752 2870 serperet
773 2789 806 2851 in
829 2789 939 2853 urbem
960 2787 1117 2854 inlinitum
1139 2790 1254 2854 malum
1277 2792 1374 2874 idque
1397 2793 1537 2852 manaret
1557 2786 1592 2849 in

270 2886 336 2949 dies
357 2882 469 2957 latius,
496 2882 643 2966 idemque
664 2882 792 2946 bustum
814 2884 847 2946 iu
868 2882 938 2948 ioro
959 2882 1115 2959 iacerent,
1144 2884 1200 2967 qui
1223 2884 1308 2948 illam
1331 2883 1522 2966 insepultam
1543 2901 1592 2943 se·

269 2977 427 3062 pulturam
455 2977 638 3048 effecerant,
670 2985 701 3039 et
729 2976 872 3059 quotidie
900 2977 999 3060 magis
1033 2978 1198 3061 magisque
1219 2978 1335 3061 perditi
1355 2978 1501 3041 homines
1522 2993 1593 3039 cum

270 3072 318 3136 sui
347 3069 501 3134 similibus
530 3070 629 3133 servis
658 3070 749 3133 tectis
778 3090 816 3134 ac
836 3070 963 3154 templis
983 3071 1071 3134 urbis
1092 3072 1329 3145 minitarentur,
1359 3071 1430 3134 talis
1451 3067 1593 3133 animad-

270 3165 372 3228 versio
393 3163 455 3225 luit
475 3162 657 3226 Dolabellae
680 3184 750 3226 cum
772 3165 803 3226 in
826 3164 961 3228 audaces
984 3164 1219 3248 sceleratosque
1242 3184 1365 3239 servos,
1391 3172 1457 3227 tum
1480 3163 1512 3226 in
1535 3163 1630 3225 iro-so

271 3278 367 3341 puros
389 3265 420 3319 et
441 3255 579 3319 nefarios
601 3256 735 3330 liberos,
758 3257 892 3340 talisque
915 3258 1037 3321 eversio
1060 3258 1146 3321 illius
1165 3266 1346 3321 exsecratae
1361 3259 1537 3331 columnae,
1558 3263 1594 3317 ut

272 3350 348 3414 mibi
370 3350 483 3413 mirum
506 3349 649 3413 videatur
669 3358 731 3412 tarn
754 3351 845 3413 valde
868 3350 1026 3433 reliquum
1050 3358 1172 3433 tempus
1194 3351 1233 3414 ab
1256 3351 1311 3415 illo
1326 3371 1390 3414 uno
1406 3349 1457 3413 die
1472 3349 1594 3412 dissen-

271 3448 359 3510 sisse.
402 3440 432 3505 6.
453 3442 535 3507 Ec'ce
565 3443 649 3505 enim
680 3444 831 3508 Kalendis
860 3444 977 3518 Iuniis,
1008 3443 1122 3527 quibus
1151 3451 1187 3506 ut
1217 3444 1399 3508 adessemus
1420 3444 1593 3516 edixerant,

271 3546 389 3602 mutua
410 3536 532 3600 omnia:
554 3537 633 3601 nibil
656 3556 711 3620 per
733 3545 895 3610 senatum,
918 3537 1016 3601 multa
1038 3544 1071 3601 et
1090 3557 1205 3620 magua
1226 3557 1283 3619 per
1304 3536 1472 3622 populum,
1495 3544 1526 3598 et
1539 3534 1595 3597 ab·

270 3640 359 3695 sente
380 3630 500 3715 populo
523 3637 555 3693 et
575 3629 686 3694 invito.
725 3630 877 3697 Consules
899 3630 1055 3714 designati
1076 3631 1235 3715 negabant
1255 3651 1289 3695 se
1309 3630 1428 3695 audere
1448 3630 1481 3692 in
1504 3644 1633 3693 sena-as

271 3738 336 3790 tum
359 3727 485 3800 venire3
506 3726 626 3808 patriae
649 3726 832 3790 liberatores
856 3726 932 3789 urbe
955 3726 1104 3791 carebant
1124 3746 1177 3801 ea,
1200 3726 1289 3790 cuius
1310 3746 1329 3790 a
1350 3724 1525 3789 cervicibus
1546 3724 1595 3786 iu·

271 3840 345 3902 gum
374 3818 489 3883 servile
517 3818 714 3895 deiecerant,
743 3840 824 3905 quos
853 3828 958 3884 tamen
979 3820 1041 3902 ipsi
1062 3821 1210 3885 consules
1231 3821 1264 3882 in
1287 3819 1487 3884 contionibus
1508 3825 1541 3881 et
1562 3817 1594 3879 in

270 3913 356 3975 omni
387 3932 532 3976 sermone
562 3912 750 3987 laudabant;
780 3914 918 3977 veterani
941 3915 998 3997 qui
1022 3913 1276 3997 appellabantur,
1305 3913 1422 3996 quibus
1442 3912 1495 3976 hic
1516 3910 1594 3977 ordo

336 4249 359 4298 4.
377 4248 487 4297 mercios
503 4246 586 4310 ng;
605 4260 663 4296 mar
680 4261 741 4298 cum
759 4246 802 4299 lio.
815 4252 827 4298 i
840 4277 867 4287 -
886 4248 1017 4313 40000044
1032 4276 1058 4285 -
1077 4249 1102 4298 i.
1116 4248 1301 4312 sconaowe)
1318 4249 1391 4298 eiuro
1404 4254 1469 4298 0004.
1482 4250 1548 4299 odil
1564 4271 1591 4285 -

271 4325 296 4375 3.
314 4324 401 4374 004004
417 4323 439 4372 V
457 4348 484 4357 -
503 4323 647 4372 dicaturum
663 4323 695 4371 V¹
713 4349 740 4359 -
760 4325 813 4373 iem
828 4324 881 4373 0440
898 4324 970 4373 Vit:
988 4324 1042 4372 0404
1057 4323 1110 4372 iam
1126 4322 1194 4386 abg
1212 4348 1239 4358 -
1259 4322 1282 4373 4.
1300 4324 1399 4386 potestis
1415 4324 1436 4371 V
1455 4349 1481 4359 -
1500 4325 1526 4374 5.
1537 4337 1595 4373 con·

270 4400 332 4449 seito
349 4412 366 4462 g
384 4425 410 4464 ··.
434 4399 494 4448 00444
510 4401 520 4446 4
536 4424 568 4435 -
585 4398 610 4446 0.
628 4398 706 4460 repeti
722 4411 751 4456 a;
776 4398 874 4448 recitati
891 4400 902 4447 i
919 4423 945 4433 -
965 4398 989 4448 8.
1009 4411 1059 4446 000
1074 4397 1147 4448 modo
1163 4411 1253 4462 reptio,
1271 4399 1313 4449 sed
1329 4399 1404 4448 stiam
1420 4397 1491 4461 repsi
1507 4397 1595 4451 timore

270 4475 365 4525 0004040
381 4473 459 4524 alieri
474 4472 573 4524 Nonius
589 4486 616 4537 p.
628 4472 685 4523 384.
700 4498 727 4507 -
748 4472 787 4522 40.
806 4485 855 4522 esse
871 4485 924 4523 om.
941 4475 953 4521 4
971 4498 997 4507 -
1017 4473 1058 4522 lt.
1073 4478 1178 4536 propter
1194 4477 1218 4523 40
1235 4474 1266 4534 lte
1282 4474 1445 4538 punctatum)
1460 4480 1595 4537 00004000

270 4550 441 4598 0400040000
457 4552 553 4597 recente
568 4554 705 4597 mersorum
720 4546 743 4595 V
756 4572 783 4581 -
803 4546 842 4596 ⁴2.
860 4560 914 4609 rep.
932 4546 955 4594 V
972 4547 999 4597 iu
1016 4559 1068 4599 ras.
1086 4560 1122 4598 m.
1135 4549 1161 4598 2.
1176 4573 1203 4583 -
1222 4547 1341 4599 44400400
1356 4554 1391 4600 eet
1406 4549 1450 4613 bg
1469 4577 1496 4587 -
1513 4550 1596 4601 raedis

268 4621 380 4687 0040040
396 4622 436 4672 Di
455 4648 482 4659 -
502 4620 542 4671 43.
560 4627 660 4673 emotus
676 4617 731 4672 om}
749 4625 773 4678 4.
792 4624 853 4672 ente
868 4623 957 4685 paucis
972 4621 1055 4673 hebet
1070 4634 1087 4685 g
1106 4649 1132 4658 -
1151 4622 1249 4672 4000400
1265 4635 1295 4682 a;
1322 4637 1401 4673 00004
1415 4624 1538 4687 aspectas
1551 4625 1595 4687 te·

269 4699 357 4762 picino,
376 4695 419 4759 pei
435 4695 463 4746 c.
475 4695 553 4746 Marii
569 4709 658 4746 00000
675 4696 802 4746 40004004
817 4696 893 4747 atteri
904 4696 992 4748 schol.
1007 4698 1175 4761 cruqnianus
1192 4698 1226 4748 ad
1244 4699 1306 4749 lior.
1319 4699 1407 4751 carm.
1420 4700 1444 4762 l,
1457 4699 1498 4760 00,
1510 4699 1551 4750 40.
1564 4726 1591 4738 -

269 4774 384 4835 inpactus
400 4768 483 4834 ng;
500 4771 619 4833 inpactus
635 4772 658 4828 4;
679 4772 706 4820 40
720 4773 809 4834 poecis
825 4784 871 4821 a-
890 4772 917 4822 40
933 4786 987 4823 om.
1007 4772 1066 4823 cod.
1080 4772 1213 4834 iliensis,
1232 4787 1286 4838 quo
1303 4786 1368 4824 usus
1384 4776 1426 4825 esi
1442 4772 1593 4825 Guilelmus.

271 4873 298 4883 -
315 4846 384 4897 Mari
400 4844 435 4893 V:
459 4844 486 4895 G.
504 4844 582 4895 440444
599 4846 669 4895 400
687 4872 714 4882 -
733 4844 774 4896 tl.
790 4849 898 4909 0000040
914 4848 947 4897 od
958 4847 1278 4904 0040400004440040004400
1294 4849 1321 4899 44
1337 4851 1365 4899 04
1379 4850 1419 4900 040
1430 4847 1595 4914 plerumque)

271 4950 297 4957 —
313 4924 353 4972 40.
366 4919 540 4984 000400044-
553 4920 654 4983 assises
665 4918 726 4970 Vll:
744 4920 828 4982 foissm
840 4917 884 4980 V¹;
903 4920 1020 4985 04004004
1037 4922 1097 4972 tuo
1109 4920 1167 4986 (sed
1179 4921 1197 4972 b
1210 4924 1264 4985 00.)
1278 4948 1305 4958 -
1323 4921 1390 4985 lev,
1407 4924 1443 4975 eis
1458 4923 1553 4974 abito
1566 4950 1593 4960 -

268 4996 441 5061 [0400404000
456 4994 490 5044 04
509 5021 536 5031 -
556 4994 595 5044 40.
609 4996 636 5045 40
651 4993 807 5046 primeva:
826 4997 853 5046 40
869 4995 929 5046 urbs
945 4994 1054 5060 bgtiO
1067 5022 1095 5033 -
1114 5003 1252 5047 moereta
1267 5023 1294 5032 -
1314 4997 1353 5047 44.
1367 4997 1594 5060 ideoqoeVsbg:

269 5074 295 5122 id
305 5077 341 5122 est
357 5070 400 5134 poi
417 5072 440 5128 4;
458 5068 581 5131 44000000
596 5071 636 5121 40
651 5098 678 5107 -
696 5072 850 5134 sepulteram
865 5085 878 5121 s
893 5073 982 5135 00004
994 5072 1048 5132 (sic)
1066 5072 1078 5120 4
1096 5096 1122 5106 -
1142 5070 1182 5121 48.
1200 5070 1369 5132 cottidieVs,
1386 5073 1474 5122 cotidie
1490 5072 1553 5135 bgt
1567 5095 1593 5107 -

270 5161 317 5210 poe
328 5160 381 5198 om.
392 5148 416 5204 t;
434 5145 517 5209 mopis
531 5159 563 5195 oc
577 5147 685 5210 mopisa
699 5173 725 5184 κ
746 5149 785 5198 rs.
797 5148 851 5198 sols
865 5146 985 5196 similibus
996 5143 1086 5205 codd.;
1105 5143 1257 5195 emendavit
1273 5146 1328 5196 4440.
1341 5144 1464 5209 Angelius
1474 5146 1501 5196 in
1518 5147 1594 5205 lunt,

271 5225 300 5273 ui
311 5223 331 5271 V
343 5220 425 5272 babet
440 5218 504 5271 Pbil.
518 5221 553 5282 li,
572 5220 623 5283 §2-
638 5248 665 5258 -
683 5223 860 5272 minitarentur
872 5221 905 5270 V:
924 5221 1081 5270 minorentur
1098 5220 1167 5271 iDO
1184 5246 1211 5256 —
1230 5219 1271 5270 20.
1289 5220 1395 5270 0000040
1411 5221 1433 5269 V
1453 5244 1478 5257 -
1498 5222 1525 5271 40
1541 5232 1594 5270 om.

272 5299 312 5348 Vt
331 5324 357 5333 -
381 5296 485 5358 inpuros
500 5297 536 5358 gt
558 5322 585 5332 -
614 5296 654 5347 it.
673 5302 696 5347 et
712 5297 830 5360 iaeserios
845 5296 877 5346 V.
904 5297 989 5359 Saepe
1012 5292 1135 5346 librarius
1152 5292 1251 5345 codicis
1264 5295 1289 5343 'V
1305 5293 1419 5347 litteram
1436 5297 1445 5345 i
1461 5295 1596 5347 vocabulis

271 5371 438 5436 praeposuit,
462 5370 488 5420 iu
505 5371 598 5434 primis
615 5370 649 5420 ab
666 5384 678 5419 s
695 5369 893 5435 incipientibus,
912 5369 984 5421 velut
1000 5371 1154 5431 4004000400,
1178 5371 1253 5432 ispes,
1278 5370 1392 5432 lspirites
1407 5372 1470 5431 cet..
1493 5369 1527 5420 de
1544 5381 1596 5432 qua

272 5461 300 5497 re
318 5459 344 5495 v.
363 5446 425 5495 biez
442 5446 556 5495 Gromm.
568 5445 613 5494 der
628 5444 800 5494 romonisebsn
815 5444 942 5506 Sprocbea
959 5446 985 5503 Ι,
1004 5442 1061 5494 233.
1086 5472 1111 5481 -
1138 5450 1272 5495 moratos
1287 5445 1358 5496 Vlli
1379 5472 1402 5482 -
1424 5445 1465 5495 22.
1482 5445 1598 5495 uideatur

271 5523 365 5571 mirum
380 5519 398 5570 b
416 5545 444 5555 -
461 5521 583 5572 relicuum
599 5520 621 5569 V
635 5546 661 5556 -
679 5519 720 5569 2³.
739 5520 805 5570 iupis
821 5533 846 5584 g,
864 5521 928 5570 40044
944 5520 981 5570 04
998 5520 1048 5582 (444.
1066 5514 1110 5569 iuri
1128 5519 1158 5580 V)
1178 5545 1204 5556 -
1223 5520 1357 5570 0444000004
1373 5520 1460 5570 Vsb:
1483 5519 1597 5569 ediceret

272 5610 288 5659 g
298 5596 323 5649 44
341 5596 414 5659 {Ecce
424 5594 490 5645 00440
499 5595 626 5646 Kalendas
636 5594 737 5653 Iunios,
756 5594 844 5657 004000
853 5620 868 5632 ·
876 5623 891 5633 -
901 5596 1032 5645 miserm:
1048 5599 1147 5644 mutato
1158 5594 1260 5655 bamb.)
1275 5621 1302 5630 -
1320 5593 1361 5645 ii.
1371 5593 1499 5657 populum]
1516 5593 1598 5654 ipsam

273 5673 326 5722 i-
346 5677 369 5722 04
385 5671 437 5720 obs.
452 5685 512 5734 pop.
531 5676 554 5720 04
570 5670 647 5719 400440
664 5668 741 5721 ederi
757 5671 900 5721 Arusianus
918 5670 996 5721 bless.
1016 5682 1042 5733 p.
1060 5668 1110 5719 sta
1126 5670 1155 5719 L.
1171 5696 1196 5705 -
1216 5668 1257 5719 25.
1276 5681 1301 5719 se
1317 5669 1409 5718 cudere
1425 5664 1549 5730 00000004
1564 5667 1597 5716 04
1705 5712 1708 5718 .

275 5775 301 5785 -
321 5748 362 5798 46.
381 5760 412 5796 00
427 5745 553 5796 0004004
572 5771 598 5780 -
618 5745 705 5810 ispum
722 5757 776 5796 om.
795 5747 805 5794 4
822 5770 849 5780 -
874 5745 914 5794 27.
933 5743 1043 5793 00000400
1058 5743 1085 5792 40
1101 5743 1135 5792 V:
1160 5742 1270 5793 00040404
1284 5749 1308 5793 04
1324 5744 1350 5792 40
1366 5743 1434 5792 4440
1453 5768 1479 5777 -
1498 5742 1598 5791 sonmo·

272 5822 344 5872 04000
360 5821 451 5885 Vitio
469 5846 497 5857 -
516 5820 557 5871 28.
575 5820 734 5872 omniomi
752 5846 779 5856 -
798 5819 958 5884 000044004ον
973 5817 1025 5879 bt;
1043 5818 1156 5870 0040004
1172 5817 1260 5881 004404
1274 5817 1314 5870 bic
1330 5817 1391 5867 ordo
1407 5815 1477 5880 dilip.
1489 5815 1597 5867 koeerol

275 5896 330 5961 (sic)
348 5894 426 5946 alieri
441 5893 586 5947 amoenus
602 5907 630 5960 p.
648 5892 697 5951 iii
713 5892 742 5950 l..
