3800 7350
336 1165 399 1235 ou
709 1175 763 1241 nn
784 1169 1040 1243 msusrrouu
1058 1167 1278 1245 nnsrossis

335 1344 431 1416 casti,
453 1340 639 1416 sollemnes,
665 1344 823 1427 religiosi,
845 1347 962 1431 quihus
980 1348 1067 1412 ludis
1088 1350 1223 1433 primum
1240 1354 1317 1411 ·ante
1338 1347 1450 1430 pepuli
1473 1360 1657 1412 consessum

336 1437 459 1499 senatui
481 1436 583 1498 locum
605 1437 638 1498 P.
661 1436 823 1506 Africanus
844 1441 959 1504 iterum
981 1443 1094 1505 consul
1116 1444 1171 1505 ille
1192 1445 1294 1506 maior
1318 1442 1421 1516 dedit,
1443 1449 1548 1505 uteos
1562 1442 1656 1505 ludos

334 1531 412 1594 haee
440 1529 510 1592 lues
538 1528 660 1613 impura
687 1532 860 1613 polluent?
892 1555 956 1618 quo
987 1537 1013 1598 si
1045 1538 1100 1619 qui
1122 1536 1202 1600 liber
1224 1545 1279 1600 aut
1301 1535 1465 1619 spectandi
1486 1536 1657 1599 autetiam

334 1624 495 1706 religionis
518 1640 611 1685 eausa
633 1635 823 1702 accesserat,
845 1649 957 1692 manus
979 1630 1202 1693 afferebantur:
1225 1649 1290 1714 quo
1313 1638 1455 1693 matrona
1477 1630 1566 1693 nulla
1580 1629 1658 1692 adiit

309 1722 460 1801 ⁶propter
473 1718 537 1779 vim
559 1737 807 1804 consessumque
830 1742 1002 1785 servorum.
1037 1726 1083 1786 lta
1096 1724 1190 1788 ludos
1206 1745 1271 1798 eos,
1293 1744 1429 1808 quorum
1442 1723 1556 1806 religio
1566 1729 1658 1786 tanta

333 1820 397 1885 est,
423 1817 462 1874 ut
483 1830 523 1873 ex
544 1808 666 1875 ultimis
687 1815 779 1876 terris
800 1817 949 1879 arcessita
972 1816 1005 1879 in
1027 1817 1087 1881 hac
1108 1819 1186 1881 urbe
1209 1810 1404 1891 consederit,
1432 1818 1487 1900 qui
1508 1818 1566 1880 ani
1586 1815 1654 1879 ludi

330 1924 372 1968 ne
393 1907 489 1968 verbo
512 1904 641 1988 quidem
663 1908 864 1989 appellantur
885 1910 1014 1984 Latine,
1037 1920 1072 1974 ut
1090 1911 1244 1974 vocabulo
1259 1912 1330 1993 ipso
1341 1919 1376 1973 et
1390 1911 1531 1993 appetita
1542 1909 1655 1992 religio

331 2008 462 2064 externa
483 2005 514 2061 et
535 1999 644 2062 Matris
665 2019 797 2083 magnae
818 2003 947 2064 nomine
967 2011 1116 2088 suscepta
1138 2004 1315 2068 declaretur
1330 2040 1370 2049 —
1391 2004 1450 2066 hos
1464 2003 1558 2068 ludes
1571 2004 1656 2067 servi

330 2093 488 2169 fecerunt,
510 2092 593 2155 servi
615 2100 856 2176 spectaverunt,
878 2102 944 2160 tota
960 2098 1099 2181 denique
1114 2098 1175 2160 hoe
1192 2098 1295 2160 aedile
1310 2117 1470 2160 servorum
1485 2098 1656 2180 Megalesia

293 2188 467 2251 ⁴⁰luerunt.
511 2184 561 2247 25.
584 2188 644 2250 Pro
666 2187 698 2250 di
717 2188 930 2252 immortalesl
957 2192 1011 2274 qui
1035 2193 1133 2273 magis
1153 2192 1318 2255 nobiscum
1340 2191 1428 2274 loqui
1451 2190 1606 2272 possetis,
1628 2190 1655 2253 si

330 2281 442 2345 essetis
458 2282 726 2364 versareminique
738 2282 928 2346 nobiscum?
950 2284 1041 2347 ludos
1055 2305 1127 2347 esse
1141 2284 1281 2369 pollutos
1296 2283 1496 2367 significastis
1510 2303 1548 2347 uc
1558 2283 1655 2367 plane

327 2374 442 2438 dicitis.
478 2371 562 2447 Quid
584 2376 682 2457 magis
704 2376 920 2458 inquinatum,
949 2377 1176 2451 defensatum,
1206 2393 1407 2460 perversum,
1433 2376 1654 2440 conturbatam

324 2468 390 2532 dici
411 2474 514 2551 potest
532 2487 630 2550 quam
654 2487 748 2532 omne
771 2472 933 2533 servitium
964 2471 1121 2553 permissu
1145 2472 1345 2553 magistratus
1367 2470 1533 2533 liberatum
1554 2470 1588 2533 in
1608 2469 1655 2533 al·

327 2570 428 2625 taram
442 2579 586 2624 scaenam
600 2562 791 2637 immissum,
814 2563 905 2627 alteri
923 2566 1157 2647 praepositum,
1177 2571 1216 2627 ut
1228 2563 1309 2627 alter
1322 2580 1492 2627 consessus
1503 2562 1654 2646 possam

291 2672 488 2718 ssssrvorum
510 2654 709 2730 obiiceretur,
730 2658 809 2720 alter
831 2677 993 2721 servorum
1014 2666 1099 2720 totns
1122 2661 1227 2721 esset?
1250 2649 1284 2720 Si
1299 2650 1653 2739 examen‘nplunrltrdis

327 2749 362 2811 in
377 2766 522 2812 scaenam
533 2767 704 2812 caveamve
716 2752 865 2824 venisset,
879 2751 1062 2835 haruspices
1077 2750 1244 2815 acciendos
1260 2772 1302 2814 ex
1316 2751 1441 2813 Etmrla
1452 2756 1652 2832 putaremus:

327 2841 471 2906 videmus
500 2842 639 2906 universi
669 2852 800 2926 repente
823 2847 970 2907 examina
992 2853 1079 2909 muta
1100 2863 1263 2908 servorum
1284 2844 1425 2907 immissa
1445 2843 1479 2905 in
1499 2843 1652 2926 populum

327 2937 502 2999 ltemanum
514 2942 662 3018 scopum
675 2945 772 3020 atque
786 2937 956 3013 inclusum,
978 2947 1011 3012 et
1025 2959 1090 3001 non
1104 2942 1359 3002 commovemur?
1381 2938 1487 3018 Atque
1500 2937 1652 3020 iar-apium

324 3030 458 3094 tortasse
486 3032 633 3093 examine
660 3050 720 3093 nos
749 3050 791 3093 ex
816 3031 1023 3095 Etruscorum
1054 3032 1178 3115 scriptis
1197 3032 1400 3115 haruspices,
1426 3037 1464 3093 ut
1485 3048 1504 3092 a
1525 3029 1652 3093 ser-vitio

289 3142 526 3197 asseveremus,
555 3132 730 3187 monerent
770 3121 825 3186 dd
847 3124 941 3200 Quod
968 3121 1135 3207 igiturex
1164 3125 1275 3209 alique
1296 3123 1440 3187 diiuncto
1462 3122 1651 3207 divamque

327 3226 467 3282 monstro
496 3213 704 3299 significatum
732 3235 932 3293 caveremus,
963 3219 995 3281 id
1025 3237 1095 3282 eum
1117 3218 1223 3302 ipsum
1244 3218 1305 3282 sibi
1323 3223 1502 3281 mensuum
1525 3223 1590 3291 est,
1618 3224 1651 3279 et

328 3333 397 3374 eum
419 3312 453 3373 in
470 3332 514 3374 eo
534 3312 604 3392 ipso
625 3312 801 3395 perieulum
823 3321 886 3387 est,
908 3333 950 3376 ex
973 3331 1036 3396 quo
1056 3313 1233 3395 perieulum
1253 3310 1471 3395 portenditur,
1491 3328 1559 3373 non
1579 3327 1651 3393 per-

328 3406 549 3467 timescemus?
567 3404 665 3467 ‘letius
683 3405 772 3468 modi
790 3406 963 3488 Megalesia
983 3406 1059 3469 fecit
1073 3413 1162 3488 pater
1176 3408 1271 3469 tuusl
1287 3406 1385 3468 istius
1400 3404 1487 3467 modi
1501 3406 1651 3487 patruus?

327 3498 358 3559 ls
378 3497 457 3561 mihi
477 3497 572 3560 etiam
593 3499 718 3578 generis
740 3500 789 3561 sai
812 3500 1004 3562 mentionem
1024 3498 1115 3573 facit,
1138 3519 1210 3562 eum
1224 3498 1412 3561 Athenionis
1434 3505 1489 3560 ant
1504 3497 1650 3581 *Spartaci

287 3591 474 3674 meremple
496 3590 589 3653 ludos
605 3589 714 3655 dacem
733 3592 883 3656 maluerit
905 3612 1000 3675 quam
1018 3593 1057 3656 G.
1079 3600 1134 3655 aut
1154 3591 1491 3677 supertransierunt
1513 3591 1564 3653 llli
1575 3609 1650 3654 cum
1676 3585 1680 3591 ’

327 3686 419 3749 ludos
446 3683 602 3759 facerem,
632 3706 741 3750 servos
771 3687 810 3750 de
837 3707 932 3751 eavea
959 3688 1047 3750 exire
1075 3687 1243 3750 iubebant:
1274 3687 1366 3750 tuin
1386 3686 1519 3749 aderam
1540 3704 1649 3750 servm

326 3780 500 3853 immisisti,
521 3798 563 3841 ex
581 3780 682 3843 altera
699 3781 821 3844 ¹lilreros
841 3781 974 3844 eieciffl.
1014 3781 1127 3864 itaque
1146 3782 1204 3864 qui
1223 3787 1320 3843 antea
1341 3798 1418 3843 voee
1436 3780 1608 3862 *praeconis
1629 3797 1649 3841 a

326 3875 434 3938 liberis
456 3873 712 3948 semovebantur,
733 3875 797 3937 tuis
820 3876 904 3938 ladis
926 3890 992 3937 non
1006 3894 1100 3948 voce,
1122 3875 1180 3936 sed
1198 3892 1299 3936 manu
1320 3873 1437 3936 liberos
1460 3891 1528 3937 ase
1541 3889 1649 3955 segne-

327 3970 452 4052 gabant.
495 3967 580 4029 Xlll.
602 3970 648 4031 Ne
668 3968 731 4031 hoe
753 3968 881 4052 quidem
903 3969 962 4031 tihi
984 3969 1018 4030 in
1039 3975 1177 4032 mentem
1192 3966 1352 4040 veniebat,
1376 3966 1531 4051 Sibyllino
1547 3985 1649 4031 saeer-

289 4063 410 4137 sodoti,
429 4064 511 4126 haec
532 4081 621 4124 sacra
642 4062 777 4125 maiores
798 4071 923 4126 nostros
946 4081 987 4124 ex
1008 4062 1120 4125 vestris
1142 4060 1230 4125 libris
1253 4060 1435 4143 expetisse?
1457 4060 1484 4123 si
1507 4060 1556 4124 illi
1576 4067 1649 4124 sunt

327 4158 438 4232 vestri,
460 4173 539 4241 quos
561 4161 595 4217 tu
617 4157 713 4240 impia
734 4164 839 4220 mente
861 4156 1034 4238 conquiris,
1055 4156 1179 4218 violatis
1194 4155 1292 4218 oeulis
1314 4155 1404 4237 legis,
1427 4154 1648 4218 contaminatis

326 4252 469 4315 manibus
490 4257 647 4314 attrectas.
690 4247 742 4313 27.
763 4250 830 4313 Hae
851 4250 947 4333 igitur
962 4258 1032 4312 vate
1050 4248 1202 4311 suadente
1217 4247 1396 4331 quondam,
1418 4245 1545 4310 defessa
1558 4245 1648 4311 ltalia

325 4345 440 4406 Punico
460 4343 545 4408 hello
566 4351 662 4426 atque
683 4343 723 4406 ab
737 4343 911 4407 Hannibale
933 4350 1057 4417 vexata,
1080 4361 1168 4405 sacra
1188 4342 1249 4404 ista
1262 4342 1363 4403 nostri
1378 4340 1514 4403 maiores
1528 4339 1647 4403 adscita

326 4455 366 4497 ex
396 4436 531 4519 Phrygia
561 4437 677 4500 Romae
705 4437 915 4500 collocarunt:
952 4456 1034 4520 quae
1063 4437 1111 4499 vir
1138 4435 1327 4519 isaecepit,
1360 4434 1416 4517 qui
1438 4439 1488 4496 est
1508 4433 1646 4516 optimus

288 4527 434 4609 35populi
462 4530 595 4593 Romani
624 4531 798 4606 iudicatus,
827 4532 861 4593 P.
884 4530 1007 4614 Scipio,
1036 4528 1153 4593 femina
1175 4536 1297 4603 autem,
1328 4547 1410 4610 quae
1431 4531 1645 4595 matronarum

388 4889 412 4938 t.
424 4903 562 4941 emessam
574 4894 615 4942 P2:
634 4905 773 4944 concessam
789 4897 831 4954 P¹;
850 4894 986 4957 consessa
1003 4895 1025 4942 G
1042 4919 1069 4928 —
1093 4894 1118 4943 i.
1137 4893 1164 4943 Ρ.
1182 4903 1235 4942 om.
1254 4894 1273 4942 P
1293 4916 1319 4927 -
1338 4903 1387 4941 cos.
1404 4891 1470 4941 P·-
1489 4888 1514 4940 3.
1528 4889 1646 4953 polim-tt

323 4963 451 5014 Faernus:
468 4967 588 5027 pollueret
605 4968 654 5017 CO
673 4995 700 5002 -
724 4968 748 5018 l.
767 4968 981 5032 sdsmmcctsrl’
1001 4995 1028 5004 -
1047 4967 1100 5017 odit
1116 4966 1193 5018 PGE
1213 4992 1239 5002 -
1262 4965 1287 5015 6.
1306 4965 1349 5026 qui
1365 4964 1418 5013 laedi
1433 4975 1531 5014 asem
1547 4964 1646 5028 madan

319 5037 393 5087 carbo
409 5039 435 5088 ll
453 5065 481 5074 —-
499 5041 524 5090 7.
542 5041 687 5103 capetias
706 5071 734 5079 —
753 5045 793 5093 t0.
811 5045 859 5093 Pro
875 5045 902 5093 di
918 5045 954 5092 G:
977 5044 1059 5093 Paridi
1074 5044 1108 5102 P;
1132 5043 1180 5092 Pro
1197 5041 1232 5091 dil
1248 5040 1281 5099 0;
1302 5040 1350 5090 Per
1365 5038 1458 5090 deosE
1476 5062 1504 5074 ·-
1522 5040 1565 5090 l'l.
1581 5052 1645 5090 uos*

319 5114 485 5176 curantesque
500 5116 549 5165 PG
566 5141 594 5151 -
612 5117 768 5180 ugmfieastis
784 5119 817 5167 G:
836 5119 982 5183 §gustastis
997 5118 1017 5167 0
1031 5143 1059 5155 -
1078 5119 1119 5168 ti.
1137 5118 1296 5180 iaqsdamsm
1312 5114 1478 5175 deformatam
1493 5113 1586 5165 PGE:
1605 5113 1645 5164 tle·

317 5186 467 5248 smmis,
485 5189 643 5251 inquinatur
658 5193 713 5242 llo
732 5220 759 5228 —
779 5193 819 5243 43,
838 5193 970 5244 desum
985 5197 1023 5243 G:
1042 5193 1161 5244 libratas
1176 5192 1281 5252 menn
1300 5191 1414 5242 mesum
1429 5187 1561 5241 m—ss.
1575 5193 1645 5241 acue

317 5274 380 5310 nem
396 5263 427 5310 P:
446 5274 545 5313 sconem
561 5265 595 5325 0;
614 5267 677 5315 item
689 5280 715 5315 v.
730 5267 770 5316 46.
789 5293 817 5302 -
836 5269 877 5318 45.
896 5268 1033 5318 obaesus
1049 5269 1083 5325 G;
1102 5267 1248 5317 obicteretur
1264 5266 1283 5316 P
1297 5286 1324 5302 -u
1342 5265 1474 5328 opime:
1491 5264 1641 5328 missso-⁴

318 5334 359 5384 46,
377 5347 493 5387 mosomo
508 5351 641 5391 cosmarus
655 5343 758 5391 vectust
775 5343 980 5393 Mommsenius:
998 5356 1103 5393 cassem
1118 5355 1223 5393 causam
1238 5341 1341 5392 osaias
1349 5343 1395 5402 Ῥη
1414 5352 1531 5390 sesam
1539 5342 1644 5393 seam

317 5410 466 5461 thEMO
484 5436 512 5447 -
531 5416 657 5478 amspiess
674 5418 695 5465 G
713 5444 740 5452 —
759 5417 799 5466 ⁴8.
817 5418 904 5480 optma
920 5418 1058 5469 PtGEM:
1079 5419 1183 5480 oppium
1198 5419 1243 5477 Ρη
1261 5428 1339 5479 sowa
1356 5415 1375 5465 0
1390 5441 1417 5452 —
1436 5413 1477 5463 ⁴9.
1494 5413 1644 5479 sosimenes

317 5487 360 5543 P¹;
377 5497 423 5534 sos
438 5491 462 5536 st
477 5489 520 5548 Ρη
537 5495 634 5540 comant
651 5491 700 5540 GE
718 5515 745 5525 -
764 5493 890 5555 magices
907 5493 969 5541 G-
987 5493 1029 5543 20.
1047 5492 1157 5544 diiuncto
1173 5496 1207 5544 P:
1226 5492 1339 5543 memte
1354 5492 1391 5550 ll3
1411 5489 1533 5540 dictassem
1548 5490 1640 5541 GO-

315 5559 357 5609 22.
371 5562 527 5622 semidiem
545 5566 593 5615 GE
613 5591 640 5603 ·-
662 5564 703 5614 23.
721 5566 794 5615 latios
808 5566 876 5616 modi
892 5565 1028 5635 nequieris
1042 5567 1100 5630 secte
1113 5573 1188 5630 poter
1203 5572 1260 5616 tuus
1276 5576 1330 5615 om.
1344 5567 1404 5615 G-
1421 5564 1493 5614 astos
1507 5564 1577 5615 'medi
1588 5577 1642 5628 ps·

315 5637 423 5687 mose
439 5650 638 5703 supervo-sum
654 5641 722 5689 m-
742 5640 1055 5705 semimersam
1070 5643 1208 5693 soson·-
1227 5640 1341 5705 sumo
1357 5640 1420 5699 ⁶1³³
1438 5640 1638 5702 quamsa-

314 5710 356 5759 25.
375 5710 484 5762 GPG:
504 5713 637 5764 Cuiio-
656 5716 830 5776 appiP1E-
850 5716 1093 5768 26.sosms1>¹-
1113 5717 1362 5769 saudauma·
1381 5714 1637 5767 aestatema-

315 5782 543 5838 aasumensi„
563 5788 1128 5845 -33.oeom.c—oosmvaotoresc:
1151 5791 1391 5846 nemausis
1415 5816 1443 5830 -
1465 5790 1636 5843 usadw-

315 5856 482 5924 aarum
497 5861 547 5915 GE
567 5887 594 5899 -
612 5861 819 5927 mmmm
841 5863 1027 5921 commorat
1042 5868 1071 5918 G.
