3800 7350
307 1191 389 1265 iiao
683 1123 834 1269 oebalo
856 1203 935 1268 PRO
958 1204 1000 1267 bi.
1020 1202 1237 1268 MARCELLO

306 1374 477 1456 spicionem
505 1380 607 1447 tuam,
636 1392 716 1457 qnae
749 1394 812 1435 non
834 1374 889 1436 tibi
911 1374 972 1456 ipsi
994 1374 1091 1455 magis
1113 1393 1207 1454 quam
1230 1391 1301 1435 cum
1323 1372 1469 1434 omnibus
1490 1369 1632 1443 civibus,

307 1473 374 1528 ium
402 1468 538 1529 maxime
566 1468 674 1539 nobis,
703 1468 756 1549 qui
778 1485 795 1529 a
818 1476 848 1529 te
870 1467 1045 1530 conservati
1067 1486 1191 1539 sumus,
1218 1464 1413 1550 providenda
1434 1472 1500 1527 est:
1529 1482 1631 1549 quam

305 1561 363 1621 etsi
394 1578 487 1640 spero
518 1579 589 1623 esse
617 1559 745 1634 falsam,
775 1568 879 1623 umen
901 1579 1072 1640 numquam
1094 1560 1281 1623 extenuabo.
1324 1560 1393 1623 Tua
1413 1558 1499 1621 cuim
1522 1557 1632 1621 cautio

305 1658 412 1715 nostra
433 1654 538 1716 cautio
561 1660 622 1728 est,
646 1659 698 1728 ut,
720 1653 802 1715 siin
825 1653 975 1715 alterutro
997 1652 1190 1734 peccandum
1212 1652 1270 1726 sit,
1291 1652 1399 1715 malim
1413 1651 1516 1716 videri
1530 1650 1631 1715 nimis

280 1744 431 1807 otimidus
459 1763 553 1827 quam
582 1763 694 1830 parum
715 1747 863 1831 prudens.
904 1744 967 1807 Sed
988 1744 1135 1827 quisnam
1156 1752 1204 1808 est
1224 1746 1284 1808 iste
1305 1751 1368 1807 tam
1391 1746 1546 1809 demensi
1578 1745 1630 1807 lie

303 1838 427 1900 tuisne?
449 1872 492 1884 —
518 1842 642 1903 tametsi
672 1842 726 1924 qui
756 1840 856 1921 magis
885 1846 959 1901 suni
986 1838 1031 1900 tui
1054 1858 1149 1920 quam
1171 1839 1285 1921 quibus
1307 1846 1342 1901 tu
1363 1840 1495 1903 salutem
1518 1841 1630 1923 inspe-

303 1928 443 1993 rantibus
463 1931 648 1996 reddidisti?
663 1965 704 1980 -
719 1934 742 2014 †
755 1953 796 1997 an
811 1952 853 1995 ex
873 1932 935 1996 boc
949 1951 1092 2006 numero,
1114 1933 1169 2014 qui
1183 1952 1247 1995 uua
1261 1939 1365 1994 tecum
1380 1932 1532 1996 fuerunti
1553 1934 1627 1995 Non

304 2029 352 2086 est
372 2024 531 2088 credibilis
553 2033 658 2089 tantus
679 2028 713 2089 in
734 2027 800 2089 ulio
821 2025 927 2100 furor,
949 2032 1002 2098 ut,
1024 2045 1089 2108 quo
1111 2025 1190 2088 duce
1212 2026 1319 2088 omnia
1341 2046 1464 2089 summa
1485 2026 1528 2090 sit
1548 2025 1629 2089 ade·

302 2123 392 2197 ptus,
412 2117 507 2181 huius
527 2120 623 2182 vitam
643 2139 708 2182 non
730 2125 900 2203 anteponat
922 2137 1008 2182 suae.
1040 2121 1088 2180 An
1111 2119 1137 2181 si
1159 2119 1237 2182 nibil
1260 2120 1307 2182 tui
1328 2120 1467 2203 cogitant
1485 2118 1628 2193 sceleris,

268 2210 476 2274 socaeendum
498 2220 546 2275 esi
566 2213 703 2296 nequid
724 2214 870 2275 inimicit
905 2212 991 2287 Quii
1014 2232 1123 2276 omncs
1136 2214 1236 2287 enim,
1261 2214 1314 2296 qui
1330 2213 1474 2288 inerunt,
1495 2219 1550 2276 aut
1567 2231 1629 2276 sna

302 2304 475 2385 pertinacia
497 2306 593 2369 vitam
614 2305 786 2369 amiserunt
806 2315 861 2369 aut
882 2315 936 2369 tua
957 2306 1169 2369 misericordia
1189 2307 1404 2377 retinuerunt,
1425 2313 1532 2370 ataui
1545 2305 1629 2369 uuili

303 2399 462 2479 supersint
491 2400 531 2461 de
561 2400 696 2462 inimicis
725 2408 779 2462 aut
807 2400 863 2483 qui
892 2399 1021 2462 fuerunt
1041 2400 1105 2462 sint
1125 2400 1317 2462 amicissimi.
1360 2396 1411 2461 22.
1433 2398 1496 2462 Sed
1517 2408 1627 2462 tamen

303 2509 373 2553 cum
396 2492 563 2554 inanimis
585 2491 745 2556 bominum
768 2499 873 2557 mutae
896 2493 1034 2555 latebrae
1056 2494 1119 2555 sint
1137 2499 1169 2555 et
1182 2492 1262 2555 tanti
1275 2509 1429 2566 recessus,
1449 2511 1627 2576 augeamus

302 2601 378 2646 sane
406 2586 618 2666 suspicionem
646 2594 748 2649 tuam:
779 2587 872 2650 simui
900 2585 986 2649 enim
1008 2587 1191 2668 augebimus
1213 2581 1417 2668 diligentiam.
1449 2585 1627 2669 Numquis

266 2685 350 2738 ioasi
371 2678 512 2740 omnium
534 2687 597 2742 tam
619 2681 747 2763 ignarus
768 2698 891 2755 rerum,
912 2689 976 2744 tam
998 2679 1087 2741 rudis
1108 2681 1141 2742 iu
1163 2678 1360 2761 republica,
1382 2686 1444 2741 tam
1459 2678 1538 2742 nibil
1554 2701 1627 2743 nm-

302 2785 395 2853 quam
423 2787 483 2833 uec
511 2772 551 2834 ds
578 2790 636 2836 sua
662 2792 721 2836 nec
743 2773 782 2835 de
804 2773 962 2837 communi
991 2771 1092 2834 salute
1114 2774 1273 2854 cogitans,
1303 2772 1359 2854 qui
1381 2791 1444 2835 non
1466 2773 1628 2857 intelligat

302 2869 356 2925 tua
377 2864 479 2927 salute
501 2867 655 2929 contineri
676 2886 765 2930 suam
786 2875 819 2930 ct
840 2887 880 2929 ex
902 2866 996 2928 unius
1018 2872 1072 2928 tua
1092 2866 1155 2929 rita
1176 2865 1317 2948 pendere
1339 2866 1502 2930 omniomi
1523 2867 1627 2950 Equi·

302 2956 372 3019 dem
395 2956 435 3021 de
456 2964 489 3020 ts
509 2955 577 3022 dies
598 2967 786 3043 noctesque,
815 2969 850 3023 ut
872 2961 985 3033 debeo,
1008 2960 1150 3043 cogitans
1172 2979 1263 3021 casus
1283 2958 1446 3021 dumtaxat
1466 2958 1626 3022 bumauos

303 3059 334 3112 et
348 3050 484 3115 incertos
499 3061 630 3115 eventus
645 3053 833 3116 valetudinis
848 3061 880 3115 et
897 3059 1028 3115 naturae
1044 3052 1219 3115 communis
1233 3051 1432 3134 fragilitatem
1448 3053 1625 3115 extimesco

265 3144 475 3226 sodoieoque,
505 3165 577 3208 cum
599 3166 649 3208 res
671 3146 797 3228 publica
819 3146 1003 3209 immortalis
1026 3167 1096 3210 esse
1119 3146 1248 3219 debeat,
1280 3164 1349 3207 eam
1370 3146 1404 3206 iu
1425 3146 1518 3208 unius
1539 3164 1626 3208 mor-

303 3238 374 3299 talis
394 3239 500 3301 anima
521 3239 704 3302 consistere.
748 3236 798 3302 23.
823 3240 855 3302 Si
877 3258 952 3302 vero
982 3240 1021 3303 ad
1043 3240 1198 3304 bumanos
1220 3257 1312 3301 casus
1332 3240 1533 3321 incertosque
1555 3258 1624 3301 mo-

303 3337 353 3392 tus
383 3331 573 3395 valetudinis
601 3332 728 3395 sceleris
757 3333 850 3396 etiam
881 3334 1010 3397 accedat
1036 3334 1287 3416 insidiarumque
1312 3331 1497 3405 consensio,
1527 3351 1624 3415 quem

304 3423 413 3499 deum,
436 3426 463 3488 si
486 3423 608 3509 cupiat,
630 3445 724 3509 posse
746 3426 893 3509 opitulari
916 3428 963 3489 rei
985 3428 1130 3509 publicae
1151 3426 1337 3489 credamus?

386 3517 469 3581 vni.
492 3517 606 3582 Omnia
626 3525 701 3583 sunt
721 3519 889 3583 excitanda
910 3520 984 3594 tibi,
1007 3520 1040 3583 C.
1057 3520 1186 3594 Caesar,
1208 3521 1279 3593 uni,
1302 3537 1384 3603 quae
1405 3519 1507 3583 iacere
1521 3521 1623 3583 sentis

265 3610 377 3673 robelli
398 3612 499 3697 ipsius
522 3614 657 3697 impetu,
679 3614 765 3698 quod
788 3633 917 3678 necesso
938 3613 1015 3689 suit,
1036 3614 1180 3698 perculsa
1195 3622 1290 3697 atque
1311 3619 1480 3698 prostrata:
1503 3616 1624 3678 consti-

302 3704 419 3768 tuenda
447 3704 582 3782 iudicia,
610 3709 786 3772 revocanda
819 3705 913 3781 fides,
944 3708 1197 3792 comprimendae
1225 3706 1389 3782 libidines,
1418 3708 1624 3792 propaganda

302 3799 447 3872 suboles,
469 3801 592 3874 omnia,
613 3820 695 3883 quae
717 3801 840 3883 dilapsa
860 3802 923 3864 iam
939 3801 1159 3877 diffluxerunt,
1181 3803 1300 3866 severis
1316 3800 1438 3885 iegibus
1452 3800 1624 3864 vincienda

216 3914 222 3925 ·
302 3899 384 3956 sunt
427 3890 478 3957 ii.
504 3896 574 3957 Non
602 3894 662 3958 fuit
693 3897 898 3958 recusandum
927 3897 961 3958 in
989 3904 1075 3958 tauto
1098 3896 1180 3959 civili
1202 3896 1304 3970 bello,
1336 3901 1422 3957 tanto
1445 3894 1621 3958 animorum

302 3987 413 4050 ardore
436 3996 468 4050 ct
488 4006 660 4063 armorum,
683 3990 766 4071 quin
784 3997 931 4072 quassata
953 4009 1004 4052 res
1027 3990 1164 4072 publica,
1187 3990 1379 4073 quicumque
1398 3988 1474 4051 belii
1489 3995 1622 4051 eventus

264 4078 428 4155 sciuisset,
459 4081 556 4143 multa
584 4084 729 4166 perderet
757 4093 789 4145 et
816 4092 1000 4145 ornamenta
1023 4084 1181 4165 dignitatis
1204 4093 1236 4146 et
1263 4083 1421 4166 praesidia
1442 4081 1623 4144 stabilitatis

301 4191 393 4246 suae,
420 4174 582 4257 multaque
611 4183 745 4259 uterque
773 4176 837 4238 dux
866 4175 983 4239 iaceret
1012 4184 1165 4251 armatus,
1195 4197 1276 4261 quae
1299 4177 1384 4241 idem
1406 4182 1531 4258 togatus
1553 4170 1622 4236 lieri

365 4528 389 4578 3.
406 4530 498 4592 swam
517 4542 567 4578 csse
587 4528 607 4579 E
629 4555 656 4566 ·-
683 4534 765 4578 taram
784 4543 921 4591 numquam
938 4531 1003 4580 GE:
1031 4545 1168 4602 numqaum
1191 4537 1275 4581 tamea
1295 4532 1375 4582 FiiO
1394 4559 1421 4569 -
1443 4534 1582 4584 cetemsobo
1599 4536 1619 4584 G

301 4602 336 4653 E:
356 4603 494 4653 cccccccbo
509 4602 589 4653 cubis
605 4604 674 4662 Fbi;
692 4602 772 4652 cuba
787 4604 925 4653 ccicnoobo
940 4605 969 4654 0.
996 4605 1163 4669 interpolatio
1180 4609 1235 4655 oria
1253 4605 1357 4655 videtur
1374 4620 1406 4655 cr
1423 4619 1482 4670 pag.
1502 4607 1575 4669 tiso,
1593 4609 1618 4657 9.

303 4704 330 4715 -
349 4678 373 4728 i.
391 4685 427 4729 cst
446 4685 534 4729 nostro
552 4680 636 4728 coctio
653 4680 670 4728 F
690 4703 717 4714 -
743 4684 771 4728 ut
791 4680 811 4727 si
833 4680 859 4727 iu
881 4679 1002 4729 clanstro
1023 4682 1177 4741 peccandum
1197 4682 1228 4729 sit
1245 4682 1261 4730 S
1279 4681 1304 4729 iu
1322 4679 1461 4740 lemmata
1486 4683 1620 4743 quoditie

300 4752 420 4801 altenare
433 4754 586 4814 peccandum
602 4755 633 4803 sii
650 4753 721 4803 idem
738 4755 763 4803 in
781 4752 889 4803 soboiio.
916 4756 1063 4804 Priscianus
1079 4756 1110 4815 V,
1130 4757 1169 4814 46,
1188 4757 1219 4805 68
1237 4769 1270 4805 ex
1292 4759 1420 4806 memoria
1437 4756 1527 4807 affert:
1554 4761 1621 4820 quod

300 4827 367 4876 siin
388 4826 509 4878 dmutro
527 4830 679 4890 peccandum
697 4829 741 4888 sii,
767 4829 854 4879 moiim
870 4830 970 4878 timidus
986 4843 1062 4891 quam
1079 4842 1174 4891 porum
1190 4831 1300 4892 praedm
1320 4830 1412 4889 videri3
1440 4830 1510 4882 idem
1528 4832 1574 4892 Vi,
1593 4835 1618 4893 7,

301 4903 346 4952 ³5:
368 4902 455 4962 quodsi
476 4904 503 4951 iu
523 4904 645 4952 evermo
663 4904 815 4965 peccaram
835 4904 875 4954 sii.
898 4930 925 4940 -
953 4903 1034 4968 nimis]
1055 4906 1138 4968 maqis
1159 4906 1183 4954 ii
1202 4932 1228 4940 -
1253 4907 1277 4954 ii.
1297 4906 1419 4967 warum]
1438 4908 1493 4968 quis
1508 4910 1527 4958 F
1544 4934 1573 4946 -
1593 4911 1618 4961 6.

300 4976 581 5027 εαηιοιεί--νοάᾱὶᾶῑαί
597 4979 722 5027 omF-
741 4979 845 5040 mmsis]
861 4979 979 5028 etsiiii-
998 4981 1021 5028 7.
1040 4992 1075 5028 cc
1090 4993 1124 5028 cn
1139 4979 1184 5028 boc
1200 4980 1263 5029 GE:
1281 4994 1316 5029 ac
1331 4993 1365 5030 ec
1379 4993 1408 5030 co
1425 4981 1523 5043 Fii0;
1542 4990 1572 5034 ce
1587 4999 1621 5036 coa

269 5100 284 5125 ω
300 5063 329 5100 eo
345 5052 404 5100 car.
423 5051 463 5100 Fr.
481 5052 647 5103 iiermannus
669 5052 695 5102 iu
717 5054 749 5102 iti.
766 5053 832 5103 uio.
851 5054 925 5105 iiico
944 5055 1035 5117 (iiiiii.)
1053 5055 1110 5105 Vol.
1130 5056 1176 5116 iv,
1196 5068 1253 5119 pag.
1273 5055 1334 5114 3t'i;
1358 5068 1393 5105 oe
1408 5070 1442 5105 ec
1456 5057 1502 5107 boc
1517 5071 1622 5109 omnmo

270 5128 274 5132 “
302 5125 387 5190 glossa
399 5127 503 5177 videtur
514 5128 701 5186 Mommseni03
720 5126 837 5178 Halmius
855 5129 941 5180 deleto
959 5144 993 5179 cn
1006 5129 1093 5180 iocum
1105 5133 1225 5180 sanatum
1238 5133 1359 5194 putat-
1374 5130 1460 5183 osca
1471 5160 1506 5170 -
1521 5135 1546 5186 8.
1558 5136 1619 5200 asilo]

301 5202 343 5251 iiio
360 5203 377 5251 F
397 5230 424 5239 -
442 5202 467 5252 9.
484 5201 530 5265 Aa]
548 5207 575 5252 ct
592 5202 610 5251 F
628 5226 656 5238 -
679 5201 740 5251 nillil
765 5203 801 5251 toi
818 5204 916 5255 ossi:
940 5206 977 5253 iai
997 5205 1057 5252 uitii
1074 5206 1118 5254 FO
1137 5230 1164 5239 -
1186 5205 1225 5253 ii.
1243 5206 1286 5265 qui
1308 5207 1409 5268 summi
1429 5206 1500 5258 Gii¹z
1519 5211 1621 5272 quisu-

299 5277 446 5340 pcrsuouot
463 5276 581 5327 mitio
599 5303 633 5313 —
652 5275 691 5326 ii.
713 5276 776 5340 qais]
793 5278 837 5338 qui
853 5280 878 5328 iti
897 5304 924 5314 -
944 5281 984 5328 io.
1002 5293 1046 5330 occ
1062 5282 1122 5329 anie
1140 5281 1169 5328 de
1185 5293 1231 5328 sua
1247 5293 1301 5330 om.
1320 5281 1337 5330 F
1353 5308 1386 5317 -
1402 5285 1536 5345 communi]
1552 5283 1621 5334 moui

302 5351 343 5401 vei
364 5353 476 5401 omnim
492 5353 516 5402 bi
535 5377 561 5386 —-
582 5352 621 5401 ii.
640 5365 672 5402 se
687 5353 761 5401 uoisss
776 5356 822 5401 tuo
836 5354 890 5402 cito
903 5357 1010 5415 pendere
1026 5357 1110 5405 omnio
1126 5354 1182 5417 (sic)
1200 5354 1276 5405 aiiert
1292 5353 1378 5405 Scboi.
1396 5357 1493 5406 Lucani
1511 5357 1542 5418 V,
1560 5357 1618 5409 686.

302 5452 334 5462 -
352 5427 407 5475 aito
428 5426 463 5474 C:
486 5427 564 5475 citam
580 5427 599 5475 0
616 5439 677 5477 cum
695 5426 754 5476 cod.
773 5427 890 5478 Parisino
906 5429 980 5478 7839.
999 5456 1026 5465 -
1045 5431 1086 5480 99.
1104 5432 1169 5493 cem]
1186 5436 1239 5479 mm
1255 5433 1275 5480 G
1294 5459 1320 5467 -
1339 5432 1380 5480 it.
1397 5438 1479 5482 motus
1495 5435 1527 5483 C:
1545 5447 1621 5484 cvm-

302 5507 341 5552 soa
357 5502 386 5550 0.
410 5500 449 5551 Ci.
470 5514 494 5549 v.
514 5501 554 5551 49.
572 5528 604 5538 -
620 5502 661 5552 69.
680 5503 773 5552 coemit
790 5504 839 5552 GE
858 5532 883 5540 -
908 5505 949 5554 23.
968 5504 997 5567 ss]
1014 5509 1038 5554 et
1053 5507 1074 5553 si
1092 5506 1121 5564 F;
1143 5507 1218 5555 ctiam
1233 5507 1255 5555 si
1270 5506 1296 5556 ii
1314 5532 1341 5541 -
1361 5520 1432 5568 posse
1446 5508 1566 5569 opitulari
1582 5508 1617 5559 C:
1675 5539 1684 5563 .

302 5576 420 5639 opitulari
436 5587 507 5637 posse
523 5577 543 5624 0
562 5603 589 5612 -
607 5576 647 5627 ai.
666 5578 693 5627 0.
712 5578 743 5627 F:
767 5578 843 5634 (ibic
863 5592 915 5629 orn.
935 5581 984 5629 ΟΕ
1002 5605 1028 5614 -
1053 5579 1106 5643 aas]
1123 5581 1150 5629 io
1167 5583 1187 5630 G
1204 5608 1237 5618 -
1252 5582 1291 5632 25.
1310 5581 1403 5643 irnpsiu
1418 5584 1461 5631 iit:
1479 5579 1573 5645 impeti
1588 5580 1620 5633 θ’

305 5679 331 5688 -
348 5656 478 5713 prostrato
493 5657 567 5712 atque
580 5653 730 5714 pcrcaisoF
750 5679 776 5688 -
797 5653 838 5702 86.
856 5655 1041 5717 comprmsoc
1058 5656 1096 5714 Mi
1119 5661 1142 5705 et
1156 5656 1354 5718 comprimendae
1371 5658 1387 5706 F
1406 5683 1434 5694 -
1457 5660 1498 5709 27.
1516 5659 1619 5721 delapso

303 5728 352 5777 Gii
368 5754 401 5764 -
418 5728 1098 5793 diisimmitiii1doticcouotiii'3flocerunt0
1119 5756 1145 5766 -
1162 5730 1285 5780 uincendo
1300 5732 1364 5782 ii-
1382 5731 1423 5783 68.
1442 5733 1503 5784 bciio
1518 5734 1616 5784 ciciiiF

305 5829 331 5840 -
345 5807 415 5852 tacto
430 5803 572 5853 cainonem
588 5802 652 5854 GE:
670 5808 787 5864 motoque
803 5816 944 5854 animosum
956 5806 1029 5856 Fiio
1043 5831 1070 5840 -
1087 5805 1129 5854 89.
1141 5818 1206 5868 resp.
1219 5819 1287 5856 corr.
1300 5808 1325 5856 in
1341 5820 1394 5870 rap.
1409 5809 1466 5858 G—
1485 5808 1525 5859 96.
1536 5809 1617 5859 muita

300 5879 414 5942 perderet
428 5883 575 5929 omomento
590 5878 718 5944 dignitatis
731 5888 792 5928 suos
808 5877 912 5940 (ceteris
928 5879 1041 5942 omissis)
1059 5880 1120 5933 Fit.
