3800 7350
311 1176 375 1243 970
719 1184 872 1250 casulo
893 1185 974 1251 PRO
995 1187 1030 1251 P.
1052 1186 1194 1252 SESTIO

311 1353 501 1437 perdiderit,
522 1356 565 1418 ita
586 1354 627 1417 oh
649 1375 719 1418 eam
740 1355 841 1439 ipsam
864 1374 991 1419 causam
1012 1362 1062 1418 est
1075 1356 1150 1419 mihi
1165 1355 1323 1430 inimicus,
1346 1356 1422 1440 quia
1436 1356 1514 1419 nihil
1528 1357 1634 1420 habet.

312 1448 421 1511 Utrum
443 1448 582 1530 egotibi
604 1448 827 1530 patrimonium
849 1449 967 1530 eripui,
998 1448 1097 1523 Gelli,
1125 1468 1165 1512 an
1188 1455 1221 1511 tu
1244 1449 1431 1512 comedisti?
1464 1450 1572 1525 Quidl
1601 1458 1636 1514 tu

312 1560 383 1604 meo
405 1541 562 1623 periculo,
584 1561 697 1625 gurges
719 1562 755 1605 ac
775 1561 891 1624 vorago
914 1543 1113 1625 patrimonii,
1135 1541 1334 1616 helmaham,
1357 1550 1408 1617 ut,
1430 1544 1457 1605 si
1479 1562 1538 1625 ego
1561 1563 1637 1606 con-

311 1634 361 1697 sul
383 1654 448 1697 rem
470 1634 629 1718 publicam
652 1643 760 1699 contm
782 1642 813 1698 te
836 1645 868 1698 et
886 1635 1029 1719 gregales
1044 1642 1117 1698 tuos
1132 1635 1354 1710 defendissem,
1377 1637 1409 1699 in
1425 1636 1550 1700 civitate
1566 1658 1636 1701 esse

288 1744 362 1792 eme
390 1727 515 1790 nollesf
555 1731 600 1792 Te
632 1749 726 1792 nemo
755 1736 881 1792 tuorum
903 1728 1011 1791 ridere
1032 1729 1115 1792 vult:
1149 1749 1257 1794 omnes
1279 1730 1415 1804 aditum,
1448 1750 1637 1806 sermonem,

311 1841 514 1904 congressum
536 1831 625 1886 tuum
646 1822 788 1905 fugiunt:
812 1832 842 1886 te
864 1823 981 1886 sororis
1004 1819 1086 1885 filius
1108 1824 1304 1898 Postumius,
1327 1822 1511 1888 adolescens
1532 1826 1638 1907 gravis

310 1915 405 1989 senili
425 1916 553 1991 iudicio,
574 1918 704 1991 notavit,
727 1937 798 1979 cum
813 1916 846 1978 in
861 1936 976 1998 magno
991 1936 1122 1979 numero
1139 1924 1272 1981 tutorem
1288 1916 1396 1980 liberis
1410 1936 1475 1980 non
1491 1918 1637 1982 instituit

310 2009 373 2073 Sed
395 2010 482 2094 latus,
499 2008 573 2073 odio
595 2017 627 2073 et
649 2031 720 2073 meo
742 2018 774 2073 et
794 2010 841 2072 rei
862 2009 1007 2092 publicae
1027 2011 1170 2084 nomine,
1193 2030 1329 2093 quornm
1351 2010 1413 2074 ille·
1429 2012 1491 2074 utri
1512 2011 1556 2075 sit
1576 2011 1637 2076 ini·

310 2104 420 2167 micior
441 2104 565 2178 nescio,
586 2104 679 2186 plura
700 2104 785 2178 diri,
809 2123 905 2187 quam
926 2103 1093 2166 dicendum
1114 2103 1194 2178 fuit,
1216 2105 1249 2166 in
1272 2105 1518 2169 furiosissimum
1540 2113 1637 2188 atque

273 2217 301 2261 ro
309 2198 549 2280 egentissimum
566 2217 755 2280 ganeonem.
798 2191 870 2259 tlt.
891 2195 971 2259 llluc
992 2205 1150 2261 revertor:
1173 2206 1282 2261 contra
1303 2219 1353 2261 me
1370 2219 1442 2263 cum
1457 2205 1506 2262 est
1524 2206 1637 2272 actum,

309 2298 401 2373 capta
421 2291 500 2355 urbe
521 2298 616 2375 atque
638 2310 806 2375 oppressa,
828 2291 981 2365 Gellium,
1003 2289 1204 2366 Firmidlum,
1227 2291 1363 2366 Titium,
1386 2291 1529 2355 eiusdem
1552 2291 1637 2355 modi

308 2382 406 2447 furias
428 2383 493 2448 illis
514 2385 739 2449 mercennariis
760 2386 908 2468 gregibus
931 2382 1029 2447 duces
1050 2392 1083 2446 et
1096 2392 1240 2448 auctores
1253 2384 1364 2460 fuisse,
1387 2405 1458 2449 cum
1473 2385 1542 2469 ipse
1557 2385 1638 2449 lator

308 2475 388 2539 nihil
416 2477 456 2540 ab
484 2478 596 2542 horum
622 2477 834 2561 turpitudine,
862 2478 1012 2551 audacia,
1042 2478 1189 2541 sordibus
1212 2479 1403 2544 ahhorreret
1440 2482 1482 2541 ht
1503 2499 1574 2543 cum
1596 2479 1636 2541 de

308 2568 462 2653 dignitate
490 2592 561 2636 mea
586 2572 763 2648 ferebatur,
794 2592 888 2636 nemo
917 2571 978 2634 sibi
1007 2591 1066 2635 nec
1096 2570 1286 2636 valetudinis
1318 2574 1556 2637 excusationem
1577 2593 1637 2636 neo

271 2686 299 2731 so
308 2668 480 2731 senectutis
502 2668 578 2730 satis
599 2668 713 2731 iustam
735 2666 833 2730 ullam
854 2665 993 2749 putavit;
1016 2685 1111 2729 nemo
1132 2666 1207 2740 fuit,
1231 2667 1286 2749 qui
1308 2688 1342 2730 se
1357 2686 1422 2730 non
1444 2686 1512 2729 rem
1531 2665 1636 2749 publi-

307 2776 376 2821 cam
397 2780 520 2824 mecum
542 2760 637 2824 simul
657 2780 805 2824 revocare
827 2760 861 2822 in
883 2763 958 2823 siras
980 2759 1073 2824 sedes
1094 2761 1304 2824 arbitraretur.

391 2855 471 2917 Llll.
496 2850 567 2918 443.
588 2854 759 2918 Videamus
781 2874 865 2918 nuno
886 2854 1014 2917 comitia
1029 2855 1279 2937 magistratuum.
1308 2855 1380 2918 Fuit
1393 2855 1562 2937 collegium
1576 2872 1636 2917 nu·

306 2966 365 3031 per
385 2949 602 3024 tribunicium,
625 2949 657 3011 in
680 2968 745 3032 qno
768 2957 832 3012 tres
856 2948 1003 3022 minime,
1025 2948 1090 3010 duo
1112 2948 1316 3012 vehementer
1336 2948 1507 3032 populares
1525 2949 1636 3013 existi·

307 3041 481 3106 mabuntur.
510 3044 560 3105 Ex
580 3044 636 3117 iis,
659 3043 715 3126 qni
737 3042 905 3125 populares
927 3062 993 3104 non
1013 3042 1228 3116 habebantur,
1251 3042 1365 3125 quibus
1387 3044 1421 3106 in
1442 3043 1497 3106 illo
1519 3062 1635 3125 genero

269 3137 530 3205 reconductamm
561 3138 746 3200 contionum
779 3136 973 3199 consistendi
1007 3143 1146 3218 potestas
1178 3155 1242 3199 non
1272 3144 1353 3210 erat,
1387 3137 1452 3201 dno
1473 3157 1493 3201 a
1513 3135 1634 3221 populo

307 3232 447 3295 Romano
479 3239 640 3314 praetores
669 3231 762 3294 video
792 3249 862 3293 esse
890 3230 1007 3303 factos;
1039 3236 1072 3292 et
1099 3237 1250 3312 quantum
1274 3232 1472 3294 sermonibus
1494 3230 1579 3313 vulgi
1603 3237 1635 3293 et

306 3325 464 3406 suffragiis
484 3326 664 3408 intelligere
686 3325 792 3407 potui,
814 3343 889 3408 prae
911 3345 945 3387 se
967 3323 1106 3406 populus
1122 3325 1281 3387 Romanus
1300 3324 1437 3399 ferebat,
1461 3324 1522 3388 sibi
1542 3324 1634 3388 illum

307 3419 340 3481 in
362 3418 523 3482 tribunatu
545 3419 601 3482 Cn.
623 3418 753 3483 Domitii
775 3419 914 3481 animum
937 3425 1135 3482 constantem
1157 3426 1189 3480 et
1206 3420 1367 3501 egregium
1381 3420 1468 3495 etQ.
1483 3419 1633 3483 bucherii

307 3507 400 3574 fidem
422 3531 460 3575 ac
482 3512 717 3587 fortitudinem,
742 3513 839 3576 etiam
860 3514 887 3575 si
908 3511 988 3576 nihil
1010 3531 1103 3594 agere
1124 3513 1320 3593 potuissent,
1342 3520 1447 3577 tamon
1470 3513 1633 3578 voluntate

270 3604 376 3689 reipsa
405 3612 524 3690 gratam
551 3607 661 3670 fuisse.
701 3608 767 3670 lam
797 3605 837 3669 de
867 3604 900 3669 C.
923 3607 1043 3669 Fannio
1066 3625 1148 3691 quae
1170 3606 1212 3669 sit
1233 3606 1441 3683 existimatio,
1470 3607 1631 3671 videmus:

306 3699 393 3783 quod
429 3701 579 3766 iudicium
607 3701 717 3785 populi
747 3702 880 3764 Romani
908 3701 943 3764 in
973 3699 1148 3764 honoribus
1170 3701 1239 3764 eius
1260 3701 1401 3764 futurum
1423 3703 1478 3778 sit,
1512 3703 1631 3767 nemini

305 3792 436 3858 dubium
458 3814 528 3858 esse
549 3795 652 3859 debet
696 3790 768 3857 444.
791 3794 899 3871 Quint
920 3795 1090 3879 populares
1112 3793 1158 3858 illi
1180 3794 1244 3857 duo
1263 3795 1340 3878 quid
1354 3800 1512 3879 egerunt?
1532 3797 1631 3874 Alter,

305 3890 360 3973 qui
388 3897 494 3954 tamen
523 3909 558 3953 se
584 3889 799 3964 continuerat,
828 3889 942 3952 tulerat
963 3887 1057 3964 nihil,
1083 3897 1366 3953 senserattantum
1388 3888 1428 3953 de
1450 3893 1632 3975 republica

304 3983 391 4048 aliud
420 3992 517 4068 atque
544 3984 689 4048 homines
718 3984 959 4067 exspectabant,
989 3985 1036 4046 vir
1064 3990 1096 4046 et
1123 3984 1224 4047 bonus
1255 3990 1288 4046 et
1308 3984 1463 4048 innocens
1485 3993 1518 4048 et
1538 3985 1632 4050 bonis

266 4079 380 4148 rosiris
402 4098 527 4161 semper
547 4079 715 4164 probatus,
737 4078 823 4162 quod
845 4097 957 4160 parum
973 4077 1118 4142 videlicet
1140 4077 1297 4140 intellexit
1311 4078 1344 4140 in
1359 4077 1531 4154 tribunatu,
1554 4080 1632 4163 quid

306 4192 379 4236 vcro
401 4172 519 4255 populo
541 4173 743 4254 probaretur,
766 4182 798 4234 et
820 4171 904 4256 quod
928 4172 1016 4236 illum
1038 4192 1108 4235 esse
1131 4173 1284 4255 populum
1307 4174 1501 4246 Romanum,
1523 4175 1631 4257 quiin

305 4267 453 4331 contione
475 4274 556 4340 erat,
579 4266 801 4342 arbitrabatur,
831 4286 895 4328 non
917 4266 1019 4329 tenuit
1041 4288 1113 4329 eum
1136 4266 1260 4339 locum,
1290 4267 1324 4328 in
1347 4286 1461 4349 quem,
1490 4266 1552 4329 nisi
1575 4287 1633 4349 po-

305 4360 424 4444 pularis
447 4381 517 4424 esse
539 4361 707 4435 voluisset,
728 4360 876 4424 facillime
897 4361 1106 4443 pervenisset
1146 4360 1250 4434 Alter,
1274 4360 1329 4443 qui
1352 4361 1396 4422 ita
1416 4380 1451 4423 se
1473 4360 1506 4422 in
1528 4380 1632 4445 popu·

305 4454 363 4517 lari
390 4455 512 4518 ratione
540 4455 686 4529 iactarat,
715 4462 751 4518 ut
772 4455 928 4539 auspicia,
959 4454 1062 4536 legem
1083 4455 1221 4529 heliam,
1252 4462 1382 4517 senatus
1403 4454 1630 4529 auctoritatem,

369 4756 393 4804 4.
411 4753 492 4816 ipram
507 4766 611 4803 causam
626 4754 682 4817 ipso
699 4755 757 4816 (ipss
769 4755 848 4815 corr.)
866 4758 901 4803 est
918 4755 938 4802 G
952 4778 979 4788 -
999 4752 1023 4802 2.
1042 4757 1084 4802 tuo
1101 4765 1154 4802 aneo
1166 4753 1187 4800 G
1200 4777 1226 4785 —
1247 4751 1271 4801 3.
1284 4750 1429 4802 ὴοὶἱιιαὺανο
1443 4750 1515 4803 PG2:
1533 4753 1630 4804 heduo-

303 4828 385 4879 bsrem
401 4829 444 4886 G¹3
462 4827 595 4878 mirabare
612 4828 631 4878 0
650 4856 678 4865 -
697 4827 722 4879 4.
739 4829 850 4892 propolis
866 4829 915 4877 PG
934 4855 961 4863 ·-
989 4829 1013 4877 6.
1032 4828 1146 4877 adiutem
1164 4823 1219 4888 (litt.
1232 4840 1249 4875 u
1264 4831 1326 4876 ante
1342 4832 1352 4876 t
1368 4827 1438 4892 exp.)
1455 4826 1493 4877 1²¹:
1515 4829 1631 4880 meeum

304 4902 361 4955 P¹G
380 4928 407 4937 —
428 4903 452 4952 6.
471 4916 624 4954 concremer
641 4906 697 4955 P-
713 4904 862 4967 posttseniro
878 4904 899 4952 G
917 4928 945 4938 -
964 4902 1105 4952 odmmcms
1120 4901 1222 4965 pramis
1239 4903 1272 4960 P;
1290 4901 1377 4965 procis
1392 4905 1477 4952 omG
1496 4929 1523 4938 -
1542 4906 1566 4955 7.
1585 4919 1631 4954 co·

302 4993 371 5032 mem
388 4984 495 5030 socom
511 4980 575 5030 PG:
597 4992 701 5029 omero
722 4984 833 5028 summm
850 4983 957 5028 luterens
973 4977 1017 5026 cO
1033 5003 1067 5012 —
1083 4977 1107 5026 8.
1126 4977 1192 5026 latres
1208 4973 1280 5026 1³¹0:
1304 4977 1384 5026 elatus
1399 4973 1472 5038 P²0;
1496 4979 1529 5029 ol.
1549 4981 1629 5031 Corn.

303 5058 369 5121 Nep.
387 5057 440 5106 444.
460 5054 505 5116 40,
524 5053 548 5105 4.
570 5081 597 5091 -
615 5059 639 5104 et
653 5067 708 5104 meo
725 5057 744 5105 P
761 5054 786 5103 ln
804 5066 888 5115 marg.
906 5051 996 5102 habet.
1017 5078 1044 5086 -
1062 5051 1113 5102 etei
1129 5053 1179 5102 PG
1198 5051 1389 5101 -inimicitior
1405 5047 1463 5103 P²G
1482 5080 1509 5088 -
1529 5055 1569 5105 40.
1587 5069 1630 5106 rc-

302 5135 391 5180 uortor
407 5133 426 5181 P
444 5157 472 5167 -
491 5133 526 5181 sat
542 5134 627 5179 oetam
642 5130 786 5192 hledvlgios
804 5141 830 5193 p.
843 5127 905 5179 tec:
924 5128 956 5176 sit
971 5129 1056 5175 cetron
1072 5126 1150 5177 PGO
1169 5125 1256 5189 (lotum
1272 5124 1365 5177 maluit
1381 5126 1459 5178 Orelli
1475 5128 1553 5194 prob.
1565 5131 1631 5182 We·

303 5202 380 5256 renb
398 5216 424 5268 p.
444 5204 495 5266 63.)
513 5228 542 5242 -
562 5204 603 5254 tt.
620 5203 671 5252 iliis
684 5204 767 5265 surim
783 5205 803 5252 G
823 5228 850 5238 —
867 5202 1047 5253 mercennariis
1062 5203 1094 5253 P:
1115 5201 1277 5252 meromeriis
1293 5203 1343 5252 GO
1362 5228 1389 5238 -
1409 5202 1449 5253 43.
1467 5203 1584 5256 obiomt
1599 5209 1629 5267 G,

302 5277 483 5329 64644644)-
502 5279 618 5330 odP-
637 5279 853 5329 deetnrcoom.
872 5279 893 5328 G
912 5303 939 5313 -
965 5275 1006 5326 44.
1023 5276 1251 5326 ααὶἰιυάῑηίεΡ-
1271 5277 1311 5326 44.
1329 5276 1632 5342 iustomaliemputooit

302 5355 413 5419 scripsi:
431 5355 523 5405 iustum
538 5360 566 5404 ut
581 5354 654 5404 illam
666 5355 767 5418 pmavit
784 5356 846 5412 PG,
865 5351 914 5402 sed
932 5351 959 5400 in
975 5352 995 5401 P
1011 5355 1039 5400 ut
1056 5351 1126 5400 illem
1143 5353 1307 5414 expunctum
1325 5355 1379 5411 est;
1398 5352 1477 5403 aliam
1493 5366 1547 5405 om.
1566 5355 1628 5406 cdd.

304 5456 331 5465 -
351 5429 391 5479 47.
408 5429 537 5478 cidmm
553 5428 587 5479 d:
604 5429 715 5479 videmia
731 5431 777 5479 PG
790 5455 818 5465 -
835 5427 1014 5490 mopistretem
1028 5424 1151 5488 meent.
1167 5427 1186 5475 P
1200 5448 1227 5460 -
1246 5425 1565 5488 seit--eeirtimobontrer
1581 5430 1631 5480 ha-

302 5503 423 5556 bota-
442 5503 546 5554 l8.duo
559 5503 650 5554 osbern.
664 5506 711 5553 AG
729 5504 757 5567 (A
774 5503 938 5565 nomem:
956 5500 1010 5551 och.
1028 5500 1076 5550 duo
1098 5500 1145 5550 ΡΟ
1162 5526 1190 5537 -
1210 5500 1251 5551 49.
1268 5501 1300 5550 iis
1316 5502 1378 5551 PG:
1397 5502 1435 5551 his
1451 5503 1471 5551 0
1488 5528 1522 5540 -
1538 5503 1579 5554 ts.
1597 5517 1631 5555 ee

301 5576 453 5630 mosibus
468 5576 560 5628 hamb.
575 5604 602 5614 -
621 5578 662 5628 24.
675 5578 813 5642 innumere
829 5580 888 5629 P-
907 5576 948 5626 25.
961 5579 1065 5638 motem
1075 5576 1206 5626 hlanntins
1218 5577 1245 5625 et
1255 5576 1289 5626 L:
1307 5582 1410 5640 protero
1421 5578 1439 5626 P
1449 5579 1483 5637 03
1499 5583 1578 5643 proto
1594 5577 1630 5629 nl·

303 5656 359 5704 tera
377 5653 443 5703 coni.
458 5652 580 5714 hlanntii,
598 5651 710 5717 probata
721 5651 912 5715 Wesenbergio
930 5650 991 5714 pli
1008 5661 1068 5714 sqq.
1086 5648 1160 5700 Illam
1177 5650 1381 5714 praeferendam
1398 5651 1474 5713 duri,
1493 5652 1630 5717 inprimis

303 5741 366 5779 cum
383 5729 409 5779 in
426 5726 558 5780 Plitterae
569 5741 587 5777 a
603 5730 630 5778 et
645 5741 664 5778 o
680 5740 761 5791 saepe
778 5728 820 5777 vix
832 5726 947 5778 discerni
961 5726 1071 5790 possint
1085 5729 1196 5790 (prom
1205 5726 1290 5788 [sehse
1299 5727 1369 5777 coni.
1382 5727 1529 5790 Seyffertus
1540 5741 1567 5793 p.
1577 5726 1628 5790 64.)

306 5831 334 5841 -
351 5803 392 5855 36.
410 5804 474 5854 uiris
489 5807 512 5853 st
527 5815 624 5865 semper
639 5798 698 5854 P¹G
715 5803 747 5866 (st
762 5802 789 5855 in
807 5805 872 5856 Pm.
886 5802 897 5851 4
918 5799 1046 5863 deletum)
1061 5829 1088 5839 -
1107 5800 1148 5853 33.
1165 5801 1291 5865 [odimus
1307 5804 1327 5853 P
1340 5827 1366 5838 -·
1386 5801 1428 5853 34.
1442 5808 1543 5855 motus
1554 5803 1627 5855 edd:

303 5883 368 5929 mus
384 5880 427 5940 P¹;
444 5881 541 5930 3464444
557 5872 625 5932 P’G.
