3800 7350
678 1218 750 1282 cn.
772 1214 986 1281 arn-nn.
1011 1212 1248 1300 §sss-ss„
1529 1198 1612 1270 tros

379 1383 431 1449 34.
453 1386 603 1459 Audistis,
624 1387 749 1458 iudices,
772 1394 915 1468 quontmn
929 1386 1025 1449 Clodii
1045 1385 1219 1448 interfuerit
1233 1384 1334 1448 occidi
1349 1382 1516 1447 Milonem:
1538 1399 1613 1443 con·

295 1480 406 1543 vertite
428 1482 548 1543 animos
570 1499 652 1542 nunc
674 1477 812 1543 vicissim
834 1480 872 1542 ad
895 1478 1055 1543 Milonem.
1095 1477 1180 1553 Quid
1202 1478 1327 1542 Milonis
1347 1479 1497 1541 intererat
1517 1474 1613 1537 iuter-

294 1571 344 1638 bci
368 1571 535 1635 Clodium?
568 1572 649 1648 Quid
674 1580 758 1648 erat,
787 1594 842 1637 cur
861 1572 938 1636 Milo
962 1593 1026 1635 non
1048 1573 1150 1635 dicam
1172 1572 1364 1646 admitteret,
1390 1570 1446 1634 sed
1467 1567 1611 1651 optaret?

296 1666 466 1730 «obstabat
494 1666 527 1728 iu
552 1686 609 1749 spe
631 1667 813 1729 consulatus
835 1665 945 1728 Miloni
969 1666 1126 1730 Clodius.»
1169 1667 1210 1727 at
1231 1685 1270 1727 eo
1292 1669 1488 1748 repugnante
1507 1660 1612 1734 fiebat,

293 1761 389 1824 immo
412 1778 486 1822 vero
509 1779 547 1821 eo
569 1756 662 1821 tiebat
684 1760 801 1842 magis,
823 1780 881 1822 uec
905 1781 954 1822 mc
977 1761 1182 1843 suffragatore
1203 1758 1334 1821 meliore
1349 1757 1496 1821 utebatur
1517 1773 1636 1839 quami

295 1852 417 1915 Clodio.
449 1852 581 1915 Valebat
602 1853 686 1934 apud
708 1872 782 1926 vos,
809 1853 947 1927 iudices,
979 1854 1107 1916 Milonis
1129 1871 1202 1935 erga
1232 1873 1282 1916 me
1304 1871 1433 1935 remque
1454 1850 1611 1933 publicam

293 1947 472 2009 meritorum
492 1946 657 2020 memoria,
680 1946 826 2008 valebant
841 1965 951 2027 preces
966 1956 997 2009 et
1013 1948 1160 2010 lacrimae
1175 1954 1316 2019 nostrae,
1339 1945 1455 2028 quibus
1469 1963 1528 2026 ego
1543 1950 1611 2005 tum

293 2059 348 2102 vos
370 2035 500 2102 mirifice
522 2039 639 2102 moveri
662 2038 852 2113 sentiebam
881 2041 937 2103 sed
960 2041 1031 2123 plus
1052 2041 1151 2103 multo
1173 2039 1297 2103 valebat
1321 2038 1531 2122 periculorum
1554 2035 1612 2098 im·

292 2133 495 2215 pendentium
524 2133 627 2195 timor.
668 2133 747 2207 Quis
777 2133 860 2194 enim
882 2142 950 2196 erat
971 2135 1102 2208 civium,
1134 2135 1189 2217 qui
1216 2133 1277 2197 sibi
1298 2133 1433 2195 solutam
1454 2132 1487 2193 P.
1510 2127 1611 2193 Clodii

292 2233 469 2309 praeturam
492 2226 561 2288 siue
583 2228 718 2289 maximo
740 2245 843 2289 rerum
866 2246 1018 2290 novarum
1039 2236 1126 2289 metu
1146 2231 1362 2309 proponeret?
1396 2225 1538 2288 Solutum
1557 2242 1648 2287 auso

293 2326 354 2382 tem
377 2319 444 2381 iore
468 2318 639 2392 videbatis,
661 2319 722 2381 uisi
745 2320 877 2382 essetis
899 2321 1025 2394 consul,
1049 2322 1103 2403 qui
1127 2340 1194 2383 eam
1210 2320 1341 2384 auderet
1353 2326 1523 2403 possetque
1537 2334 1612 2379 oon·

292 2413 453 2494 stringere.
486 2415 565 2475 Eum
588 2412 737 2475 Milouem
760 2432 856 2475 uuum
879 2433 949 2476 esse
972 2435 1042 2477 cum
1064 2417 1195 2477 sentiret
1216 2415 1382 2476 universus
1398 2410 1534 2495 populus
1549 2410 1612 2472 Ro·

291 2526 419 2580 manus,
453 2506 526 2589 quis
558 2506 714 2570 dubitaret
742 2507 890 2589 suffragio
920 2527 978 2570 suo
1007 2528 1041 2570 se
1070 2516 1172 2582 metu,
1203 2507 1344 2590 periculo
1366 2525 1431 2568 rem
1453 2503 1611 2588 publicam

291 2600 446 2663 liberare?
468 2601 508 2662 nt
529 2620 629 2674 nuuc,
653 2600 764 2664 Clodio
787 2608 923 2675 remoto,
946 2602 1067 2665 usitatis
1087 2604 1149 2664 iam
1171 2602 1265 2666 rebus
1287 2598 1470 2663 enitendum
1492 2604 1541 2660 est
1554 2595 1612 2658 Mi·

291 2692 370 2766 loui,
396 2700 432 2754 ut
459 2700 587 2757 tueatur
614 2694 798 2775 dignitatem
828 2715 935 2769 suam;
966 2696 1132 2778 singularis
1158 2696 1213 2758 illa
1236 2703 1267 2758 et
1292 2694 1365 2757 buic
1385 2693 1441 2757 uni
1462 2708 1648 2755 concessare

291 2786 399 2869 gloria,
423 2806 505 2869 quae
528 2788 672 2869 quotidie
694 2788 868 2870 augebatur
889 2788 1073 2872 frangendis
1095 2790 1253 2852 furoribus
1269 2786 1440 2859 Clodianis,
1462 2786 1525 2848 iam
1541 2782 1612 2846 Clo·

291 2880 335 2943 dii
363 2888 463 2942 morte
493 2879 617 2943 cecidit.
662 2883 725 2944 Vos
753 2882 861 2964 adepti
890 2884 983 2956 estis,
1016 2903 1055 2945 ue
1086 2903 1179 2966 quem
1209 2884 1309 2946 civem
1331 2880 1528 2943 metueretis:
1560 2876 1611 2938 hic

291 2974 547 3037 exercitationem
570 2974 710 3048 virtutis,
733 2977 986 3058 suffragationem
1001 2977 1197 3051 consulatus,
1218 2976 1338 3038 iontem
1360 2992 1531 3059 perennem
1545 2970 1612 3053 glo·

292 3068 356 3129 riae
379 3086 455 3129 suae
479 3066 626 3149 perdidit
660 3070 770 3152 ltaque
792 3070 919 3132 Milonis
936 3070 1128 3144 consulatus,
1150 3071 1205 3152 qui
1220 3072 1291 3133 vivo
1308 3069 1417 3133 Clodio
1433 3064 1611 3129 labefactari

291 3180 355 3222 nou
382 3167 519 3243 poterat,
552 3170 675 3224 mortuo
706 3162 845 3246 denique
874 3164 1019 3247 temptari
1047 3171 1178 3246 coeptus
1208 3172 1266 3227 est.
1308 3166 1379 3225 Non
1400 3162 1494 3225 modo
1515 3159 1648 3242 igiturso

289 3253 369 3315 nibil
391 3254 537 3336 prodest,
560 3256 615 3317 sed
639 3256 727 3318 obest
750 3258 844 3319 etiam
861 3256 963 3319 Clodii
985 3277 1070 3319 mors
1085 3256 1204 3320 Miloni.
1240 3254 1611 3325 asisinatensium,

289 3348 362 3411 iecit
391 3348 504 3421 iratus,
536 3346 610 3410 fecit
637 3350 800 3423 iuimicus,
832 3350 890 3412 tuit
916 3349 1001 3412 ultor
1028 3342 1179 3423 iniuriae,
1213 3351 1358 3434 poenitor
1387 3349 1506 3413 doloris
1530 3346 1608 3410 sui.»

292 3441 399 3517 Ouidi
422 3442 449 3505 si
470 3441 564 3515 baec,
587 3462 650 3505 nou
674 3443 745 3507 dico
766 3444 884 3507 maiora
906 3444 1032 3506 fuerunt
1054 3444 1086 3505 iu
1102 3443 1213 3507 Clodio
1235 3464 1329 3527 wem
1351 3447 1384 3508 iu
1398 3444 1533 3514 Milone,
1556 3439 1611 3501 sed

289 3536 322 3598 in
344 3535 399 3599 illo
422 3535 575 3609 maxima,
603 3536 689 3598 nulla
712 3538 745 3599 in
766 3536 845 3612 boc,
872 3537 949 3619 quid
972 3537 1067 3599 vultis
1088 3537 1245 3619 amplius‘t
1279 3538 1363 3613 Quid
1385 3538 1469 3601 enim
1492 3534 1612 3597 odisset

291 3628 437 3692 Clodium
471 3629 563 3705 Milo,
598 3639 735 3714 segetem
764 3651 800 3694 ac
829 3632 993 3695 materiem
1021 3651 1098 3695 suae
1125 3631 1259 3715 gloriae,
1292 3631 1496 3715 praeterhac
1518 3628 1649 3693 civilese

288 3723 413 3798 odium,
436 3744 500 3808 quo
523 3745 632 3788 omnes
654 3725 814 3809 improbos
836 3726 984 3788 odimus?
1019 3725 1077 3788 llle
1099 3733 1166 3788 erat
1188 3732 1222 3788 ut
1243 3725 1377 3799 odisset,
1399 3726 1534 3808 primum
1556 3725 1611 3786 de·

288 3816 446 3880 tonsorem
468 3817 578 3881 salutis
600 3840 707 3892 meae,
738 3820 853 3882 deinde
875 3827 1057 3883 vexatorem
1083 3820 1215 3893 furoris,
1246 3819 1431 3882 domitorem
1452 3838 1610 3882 armorum

288 3930 433 3983 suorum,
466 3919 626 3993 postremo
660 3914 754 3976 etiam
787 3921 1002 3977 accusatorem
1034 3934 1144 3988 suum;
1178 3934 1250 3977 reus
1279 3913 1362 3976 enim
1391 3913 1519 3977 Milonis
1541 3912 1609 3993 lege

289 4005 387 4068 Plotia
407 4005 469 4067 luit
491 4006 637 4080 Clodius,
659 4005 763 4089 quoad
785 4008 874 4069 vixit.
908 4007 980 4082 Quo
1002 4005 1128 4068 taudem
1144 4008 1248 4071 auimo
1263 4006 1325 4070 boc
1339 4015 1506 4090 tyrannum
1520 4005 1609 4068 illum

288 4097 397 4160 tulisse
420 4099 567 4161 creditis?
590 4108 742 4183 quantum
765 4099 872 4162 odium
894 4100 980 4163 illius
1003 4108 1034 4162 et
1054 4101 1087 4162 iu
1109 4101 1236 4164 bomine
1258 4102 1374 4165 iniusto
1398 4119 1492 4182 quam
1515 4099 1646 4162 etiamst

289 4191 406 4255 iustum
427 4192 548 4257 luisset

372 4285 455 4348 xiv.
478 4282 528 4348 36.
551 4287 719 4370 lieliquum
742 4293 805 4360 est,
835 4293 871 4350 ut
893 4289 955 4351 iam
978 4288 1068 4351 illum
1091 4298 1202 4352 natura
1227 4288 1327 4370 ipsius
1350 4287 1607 4370 consuetudoque

352 4625 375 4672 4.
393 4624 548 4673 sudeton
560 4623 602 4684 qui
623 4622 670 4671 sibi
693 4623 799 4672 sototom
816 4625 849 4686 [v.
867 4623 892 4686 9)
910 4635 964 4673 om.
984 4622 1062 4674 codd.
1081 4622 1189 4674 Tullioni
1212 4635 1313 4673 omues.
1339 4623 1411 4672 luter
1430 4623 1513 4674 verbe
1535 4624 1607 4674 debeo

286 4701 314 4749 et
329 4701 355 4750 P.
368 4699 446 4750 ctoctii
463 4699 487 4748 tu
504 4698 524 4747 E
540 4699 750 4761 superscriptum
768 4699 825 4747 est:
847 4698 919 4746 deest.
946 4699 1078 4749 Lacunam
1097 4697 1211 4762 explevit
1226 4700 1363 4759 Peyronus
1380 4710 1396 4748 e
1412 4698 1504 4750 codiee
1515 4702 1543 4760 P,
1561 4701 1606 4762 qui

286 4771 368 4822 babet
384 4771 465 4822 verba
482 4773 557 4833 tueri
573 4773 652 4822 occidi
663 4799 676 4809 -
686 4799 699 4809 -
710 4773 848 4822 inmittam
864 4774 944 4834 nstv.
958 4774 1009 4835 32).
1024 4799 1051 4810 -
1068 4774 1177 4823 Audbtis
1193 4774 1343 4834 Peyronus:
1362 4774 1534 4824 Dcnwmtrooi
1544 4788 1606 4825 cum

285 4848 377 4897 Beiero
394 4846 455 4896 0-
474 4846 552 4897 Clodii
567 4848 707 4909 interfuerit
723 4848 848 4897 Beieros:
869 4849 955 4899 Clodio
968 4850 1093 4912 mosomi
1110 4851 1255 4911 Peyrouus.
1277 4874 1304 4884 -
1322 4846 1347 4899 4.
1364 4849 1396 4901 tt
1410 4863 1439 4901 eo
1455 4853 1604 4913 Peyrouus:

285 4923 428 4972 adeoP—
457 4921 642 4984 6.oputP-
670 4923 1606 4988 74400000Ρ-8.ω404600οΡ-4προπ60644ωιΡ-9.04034Ρ

284 5023 317 5033 -
337 4996 377 5046 to.
392 5001 572 5059 praeproocret
589 4997 683 5059 (prima
701 4999 728 5047 et
744 4997 861 5048 secunda
879 4996 982 5059 syllaba
1000 5011 1048 5062 per
1064 4997 1260 5062 compendium)
1278 4999 1339 5049 'l-
1357 5004 1440 5050 mon
1455 5013 1509 5050 om.
1521 5000 1564 5050 TS
1575 5026 1603 5037 -

285 5073 325 5122 tt.
343 5084 392 5120 cos.
412 5073 430 5120 P
451 5098 473 5108 -
497 5073 536 5120 ti.
554 5071 783 5133 600040οΜ-
802 5073 870 5122 Pii,
889 5075 923 5132 P;
943 5075 1027 5135 spi
1045 5101 1072 5111 -
1091 5074 1132 5126 43.
1150 5075 1606 5137 mamistanensem

283 5148 486 5198 Pevaouerunt.
502 5173 529 5182 -
548 5145 588 5196 44.
602 5147 686 5197 Clodio
703 5147 765 5199 PE:
786 5162 819 5211 p.
834 5148 918 5199 Clodio
934 5150 980 5199 TS
994 5175 1021 5185 -
1041 5150 1081 5199 46.
1099 5154 1123 5198 ct
1139 5151 1173 5200 P:
1191 5161 1246 5199 om.
1259 5150 1329 5200 TES
1341 5175 1368 5185 -
1387 5149 1428 5199 46.
1445 5151 1533 5200 cotidie
1548 5150 1604 5210 PT,

283 5220 381 5270 cottidie
396 5221 416 5271 E
436 5247 462 5258 -
481 5220 567 5286 clodis]
585 5221 653 5272 Ctodi
670 5224 689 5272 P
707 5248 735 5258 -
755 5222 795 5273 48.
812 5224 904 5286 sonum
921 5225 983 5283 oet]
1004 5223 1176 5285 Quintilianus
1192 5224 1263 5282 vrit,
1281 5223 1305 5285 6,
1324 5225 1354 5274 t:
1373 5223 1480 5274 ucicero
1496 5236 1544 5287 pro
1557 5226 1605 5275 Mi-

283 5294 342 5346 loue
361 5293 481 5345 Clodium
496 5296 590 5358 sontem
604 5295 701 5359 glorios
718 5297 775 5347 eius
786 5300 866 5348 vocat
882 5301 909 5348 et
926 5296 977 5349 alio
994 5296 1054 5349 loco
1069 5300 1102 5360 (v.
1116 5299 1156 5360 25)
1168 5303 1272 5362 sigeum
1287 5311 1320 5348 oc
1333 5298 1488 5347 notaio».-
1502 5324 1528 5336 -
1544 5312 1606 5360 per·

282 5371 383 5420 lennem
400 5370 448 5421 TE
461 5396 488 5405 -
508 5371 548 5420 so.
567 5372 685 5432 temptari
702 5372 795 5421 PTE:
813 5373 936 5422 tentorio
951 5398 978 5407 -
991 5374 1048 5422 Non
1063 5374 1136 5423 inodo
1148 5398 1186 5411 ··
1194 5386 1243 5435 pro
1259 5374 1285 5422 io
1297 5375 1315 5424 P
1326 5374 1490 5422 evanuerunt
1500 5376 1606 5435 praeter

283 5444 396 5496 litteram
413 5442 546 5495 initialem.
562 5471 588 5480 -
607 5445 646 5494 24.
658 5445 853 5507 niebiprodostl'
867 5474 892 5484 —
912 5448 977 5497 clodi
993 5450 1024 5505 P;
1045 5461 1079 5510 .p.
1091 5448 1166 5498 clodii
1182 5449 1257 5499 TES
1270 5474 1297 5484 -
1314 5447 1356 5498 64.
1370 5448 1484 5510 poenitor
1499 5448 1531 5498 T:
1547 5461 1606 5509 pos-

281 5520 351 5568 nitur
368 5521 400 5579 P;
415 5519 533 5580 poenitor
550 5520 584 5578 E;
599 5521 703 5581 poenitor
720 5521 766 5570 SO
780 5547 806 5556 -·
825 5521 866 5571 23.
885 5523 950 5583 Quid
965 5523 988 5571 si
1004 5547 1042 5560 -·
1059 5524 1085 5570 in
1102 5523 1194 5573 Milone
1210 5519 1310 5571 babent
1325 5520 1460 5571 Charisius
1476 5521 1511 5581 44,
1530 5522 1571 5581 lli,
1588 5521 1605 5572 6

283 5596 310 5645 et
324 5592 467 5645 Diomedes
484 5607 510 5657 p.
523 5595 580 5655 387,
595 5594 634 5647 tl.
649 5622 676 5631 -
696 5596 757 5646 boec
773 5609 838 5658 quoe
853 5595 997 5647 Diomedes
1014 5595 1140 5654 Putscbii‚
1157 5595 1205 5647 sed
1216 5593 1276 5646 cod.
1289 5595 1390 5645 Monac.
1401 5608 1472 5646 saec.
1486 5595 1527 5645 lx.
1546 5594 1605 5647 ilat·

282 5669 335 5719 mio
352 5671 419 5719 teste
436 5667 519 5720 habet
534 5671 594 5719 4000
610 5683 660 5720 noo
678 5696 705 5705 -
724 5669 765 5722 at.
783 5671 857 5720 uoltis
873 5672 932 5722 P-
952 5670 993 5720 se.
1011 5672 1145 5720 notarim
1161 5672 1181 5719 P
1198 5694 1225 5704 -
1243 5668 1285 5718 so.
1303 5668 1419 5731 inprobos
1434 5670 1492 5720 P-
1510 5670 1605 5722 06400044

281 5746 346 5794 P-
366 5743 745 5807 dstmsorsnsctutissuost;
769 5745 1189 5807 somismecsdetonsorsmli-
1213 5744 1505 5806 28.me-
1527 5758 1604 5796 ωιν-

280 5823 389 5868 satorem
408 5832 455 5870 suu
476 5820 503 5871 iu
524 5823 542 5872 P
566 5822 738 5869 evanuerunt.
761 5845 787 5855 -
818 5832 876 5869 rsus
892 5821 1007 5871 minu
1019 5822 1103 5884 00006
1120 5820 1185 5871 oioit
1206 5819 1325 5885 ineptum
1347 5817 1479 5870 emblema
1499 5818 1603 5871 videtur

281 5893 370 5943 Bakio.
392 5919 417 5928 -
436 5892 477 5943 29.
495 5892 582 5958 Ptotio]
599 5894 625 5944 P.
645 5893 713 5945 clodi
730 5895 749 5946 P
768 5922 795 5932 -
813 5894 884 5946 itinn
900 5895 933 5946 Pr
952 5908 1006 5947 om.
1026 5895 1130 5947 Tsssti
1148 5922 1175 5933 ·-
1194 5894 1236 5948 34.
1252 5895 1357 5948 utem
1372 5896 1400 5947 P.
