3800 7350
658 1182 1243 1270 cu.xv1u-x1x.§seo-rs.
1527 1183 1610 1251 saec

288 1352 418 1418 Caesar:
440 1361 554 1418 cuncta
575 1361 686 1418 contra
708 1364 738 1419 te
759 1356 850 1419 ltalia
871 1364 990 1421 armata
1010 1362 1068 1420 est.
1111 1357 1190 1421 Istas
1212 1362 1247 1419 tu
1269 1363 1372 1440 partes
1392 1356 1610 1440 potiusquam

285 1446 445 1531 apopulo
466 1448 607 1512 llomann
630 1448 840 1514 defectionem
866 1452 993 1513 vocari·
1016 1450 1215 1513 Trebonii
1245 1457 1412 1513 mortem
1441 1469 1487 1513 an
1519 1447 1611 1511 Cae-

286 1541 391 1603 saris
413 1543 617 1626 persequi.
631 1571 674 1591 ·-
693 1543 843 1606 Trebonii
864 1544 941 1607 satis
962 1544 1121 1625 persecuti
1143 1564 1267 1618 sumus,
1287 1543 1380 1607 boste
1396 1542 1532 1606 iudicato
1547 1543 1611 1604 llo·

285 1630 419 1697 labella:
452 1633 595 1699 Caesaris
621 1655 706 1700 mors
732 1636 882 1700 facillime
910 1635 1091 1700 defenditur
1118 1637 1279 1701 oblivione
1306 1644 1339 1701 et
1366 1635 1505 1699 silentio.
1547 1635 1611 1699 Sed

285 1725 390 1792 ridete
414 1728 492 1812 quid
515 1729 673 1794 moliatur.
710 1731 786 1793 Cum
809 1736 942 1793 mortem
966 1730 1107 1793 Caesaris
1122 1729 1334 1794 ulciscendam
1349 1737 1457 1813 putat,
1479 1736 1635 1793 mouens

284 1822 434 1905 proponit
455 1843 518 1887 non
541 1823 581 1886 iis
603 1824 722 1897 solum,
750 1824 805 1907 qui
826 1822 912 1886 illam
934 1841 1001 1886 rem
1023 1831 1205 1906 gessemut,
1233 1822 1290 1887 sed
1312 1823 1352 1887 iis
1374 1824 1493 1897 etiam,·
1506 1823 1533 1885 si
1555 1823 1611 1907 qui

285 1933 349 1978 uon
371 1916 504 1979 moleste
527 1916 677 1980 tulerunt.
720 1916 806 1978 XIX.
829 1911 880 1977 40.
903 1916 1066 1992 Quibus,
1094 1916 1171 1980 utri
1193 1923 1360 1980 nostrum
1382 1916 1612 1990 ceciderint,
1637 1993 1648 2001 ·

284 2005 392 2072 lucro
414 2008 583 2073 futurum
605 2018 673 2073 est.
717 2009 822 2085 Quod
844 2009 1105 2092 spectaculum
1126 2010 1250 2074 adbuc
1272 2011 1356 2094 ipsa
1377 2007 1542 2074 Fortuna
1562 2009 1613 2072 ri·

284 2103 393 2178 tavit,
426 2123 471 2167 ne
499 2104 650 2168 rideret
677 2104 788 2167 unius
815 2104 988 2187 corporis
1015 2103 1107 2167 duas
1136 2103 1239 2167 acies
1264 2102 1405 2168 lanista
1431 2104 1612 2168 Cicerone

285 2194 525 2261 dimicantest
547 2199 612 2282 qui
633 2217 754 2282 usque
776 2217 818 2261 eo
840 2196 935 2260 felix
957 2203 1028 2270 est,
1055 2204 1096 2258 ut
1117 2196 1233 2261 isdem
1255 2199 1487 2261 ornamentis
1509 2198 1651 2261 dece-to

284 2291 387 2371 perit
407 2309 487 2365 ros,
510 2292 648 2375 quibus
670 2292 864 2374 deceptum
888 2290 1084 2355 Caesarem
1106 2290 1294 2373 gloriatus
1316 2299 1382 2354 est.
1411 2292 1516 2374 Pergit
1536 2291 1559 2372 †
1580 2292 1613 2355 in

285 2400 336 2444 me
358 2382 542 2459 maledicta,
567 2386 755 2468 quasivero
779 2384 808 2446 ei
830 2383 1041 2466 pulcherrime
1062 2385 1166 2468 priora
1187 2387 1416 2468 processerint:
1438 2403 1533 2468 quem
1555 2403 1613 2467 ego

286 2475 427 2539 inustum
449 2479 622 2542 verissimis
644 2477 883 2541 maledictorum
904 2477 989 2541 notis
1015 2477 1135 2541 tradam
1157 2478 1322 2542 bominum
1344 2480 1512 2543 memoriae
1533 2498 1614 2542 sem·

285 2568 439 2651 piternae.
475 2572 542 2655 Ego
565 2570 701 2635 laniarat
723 2562 758 2633 et'
776 2570 904 2654 quidem
921 2590 985 2634 non
1001 2571 1172 2655 iusipiens:
1194 2572 1367 2636 deteriores
1382 2573 1465 2635 enim
1479 2571 1614 2655 iugulari

284 2662 398 2745 cupio,
419 2664 567 2730 meliores
588 2666 724 2728 sincere.
759 2665 839 2727 Utri
860 2664 1086 2738 ceciderint,
1113 2663 1238 2739 scribit,
1259 2666 1366 2728 lucro
1387 2666 1496 2728 nobis
1517 2665 1651 2730 futu-re

283 2775 373 2820 rum.
395 2753 446 2820 44.
463 2759 490 2822 0
506 2758 702 2842 praeclarum
715 2758 855 2821 lucruml
879 2778 943 2842 quo
959 2765 989 2821 te
1005 2759 1124 2822 victore
1135 2794 1177 2807 -
1193 2760 1278 2843 quod
1296 2758 1330 2821 di
1345 2779 1437 2823 omen
1453 2759 1610 2823 avertant!

285 2851 439 2915 -beata
462 2872 546 2915 mors
568 2870 676 2915 eorum
698 2849 804 2914 futura
826 2851 882 2926 sit,
905 2851 960 2935 qui
982 2871 1022 2914 ex
1046 2853 1112 2916 rita
1134 2853 1328 2916 excesserint
1349 2853 1417 2917 sine
1438 2854 1612 2916 tormentis.

284 2943 311 3006 Δ
332 2963 384 3008 me
405 2943 586 3028 deceptos
607 2945 653 3009 ait
674 2945 818 3009 eisdem
841 2946 1073 3009 ornamentis
1095 2946 1232 3011 Hirtium
1250 2955 1282 3011 et
1297 2946 1472 3010 Caesarem.
1509 2946 1613 3030 Quod,

285 3056 420 3120 quaeso,
438 3036 560 3109 ‚adbuc
591 3058 610 3102 a
644 3056 694 3103 me
721 3045 770 3102 est
797 3038 947 3102 tributum
975 3039 1077 3103 Hirtio
1107 3043 1350 3104 ornamentum?
1383 3060 1456 3104 nam
1486 3039 1613 3104 Caesari

284 3130 376 3214 plura
402 3138 435 3196 et
455 3133 573 3196 maiora
594 3132 759 3195 debentur.
799 3133 974 3216 Deceptum
1001 3140 1105 3196 eutem
1129 3133 1294 3197 Caesarem
1316 3153 1336 3197 a
1357 3153 1408 3197 me
1430 3133 1535 3197 dicere
1557 3146 1650 3196 arr-so

284 3224 364 3290 dest
394 3228 459 3301 Tu,
482 3234 532 3301 tu,
553 3227 699 3309 inquam,
722 3224 811 3288 illum
833 3223 979 3289 occidisti
1000 3226 1240 3309 Lupercalibus:
1263 3228 1368 3302 cuius,
1389 3226 1483 3292 bomo
1505 3227 1611 3308 iugra-

283 3318 419 3394 tissime,
445 3319 618 3382 flaminium
644 3338 700 3381 cur
724 3318 904 3401 reliquisti?
940 3319 1004 3382 Sed
1030 3320 1092 3383 iam
1118 3320 1223 3384 ridete
1255 3322 1360 3404 magni
1391 3328 1424 3384 et
1449 3320 1526 3385 clari
1553 3320 1613 3383 riri

283 3411 500 3477 admirabilem
522 3412 705 3494 gravitatem
728 3418 824 3494 atque
845 3413 1063 3476 constantiam.
1106 3410 1159 3477 42.
1180 3413 1269 3478 btibi
1292 3415 1441 3499 quidem
1465 3420 1613 3477 constat

283 3523 352 3568 nec
380 3523 496 3570 meam
525 3506 790 3570 contumeliam
815 3525 883 3568 nec
912 3526 1076 3569 meorum
1104 3507 1218 3583 terre,
1246 3528 1314 3571 nec
1335 3508 1511 3572 deserere
1532 3526 1612 3592 par-

284 3607 355 3675 tes,
378 3620 473 3686 quas
494 3593 693 3683 Pompeius
715 3597 848 3673 odivit,
877 3618 944 3663 neo
966 3609 1167 3664 veteranos
1188 3600 1344 3665 sedibus
1366 3603 1449 3666 suis
1471 3601 1646 3664 moverint

283 3696 361 3778 pati
382 3715 449 3760 nec
469 3694 639 3776 singulos
661 3692 706 3756 ad
729 3693 938 3757 cruciatum
960 3694 1074 3770 trabi,
1100 3715 1168 3759 nec
1189 3694 1325 3760 fallere
1345 3695 1480 3771 tidem,
1502 3714 1610 3779 quam

283 3787 370 3851 dedi
391 3787 622 3852 Dolabellae.
660 3786 781 3851 Omitto
803 3787 879 3850 alias
908 3784 1027 3851 iidem
1053 3787 1292 3864 Dolabellae,
1320 3789 1511 3853 sanctissimi
1537 3788 1610 3863 viri,

283 3879 429 3945 deserere
450 3881 546 3944 bomo
566 3880 641 3963 pius
661 3901 726 3944 non
748 3887 863 3963 potest
901 3879 1005 3955 Quam
1027 3878 1144 3945 lideml
1166 3902 1207 3945 an
1228 3883 1343 3966 optimi
1364 3882 1518 3965 cuiusque
1540 3900 1611 3944 cae-

283 3974 350 4048 dis,
380 3974 466 4039 urbis
488 3981 520 4038 et
540 3973 650 4037 ltaliae
676 3973 871 4056 partitionis,
900 3972 1123 4038 vastandarum
1145 3974 1457 4060 diripiendarumque
1479 3975 1610 4060 provin·

284 4067 425 4130 ciarumi
447 4068 525 4130 Nam
548 4065 625 4149 quid
648 4073 715 4128 erat
736 4065 838 4139 aliud,
861 4066 948 4148 quod
970 4066 1054 4129 inter
1072 4069 1243 4132 Antonium
1266 4077 1297 4132 et
1317 4068 1528 4143 Dolabellam,
1550 4068 1646 4132 im·eo

283 4159 468 4243 purissimos
491 4159 679 4244 parricidas,
701 4157 830 4223 loedere
852 4166 883 4222 et
903 4158 968 4222 tide
990 4163 1187 4226 sanciretur?
1229 4159 1282 4225 43.
1304 4164 1377 4226 Nec
1398 4161 1533 4245 Lepidi
1553 4181 1608 4225 so·

348 4449 373 4499 t.
391 4444 733 4498 mumcoctrsb-
752 4451 845 4497 teom.
864 4447 940 4496 nt-
959 4445 1169 4510 adportlsb-
1187 4446 1606 4511 announcement

285 4549 313 4561 -
331 4524 356 4575 2.
375 4535 394 4574 c
411 4535 444 4585 ,μ
462 4535 487 4572 r.
506 4522 559 4572 et:
578 4533 680 4583 orep.
699 4522 719 4573 0
736 4534 799 4572 eum
815 4520 875 4572 cod.
893 4523 951 4575 Urs.
970 4520 1056 4582 (mesu
1073 4534 1107 4583 p.
1124 4534 1148 4573 r.
1164 4521 1327 4586 &lmus
1343 4523 1359 4585 l)
1379 4550 1407 4561 -
1424 4524 1608 4586 conmotus

284 4600 406 4664 (μαίων
421 4599 441 4661 i)
456 4597 568 4649 Trsbocs't
581 4601 687 4648 mortem
702 4597 905 4659 qmecoeusls
918 4597 1092 4660 persequiousr
1108 4595 1187 4648 codd.
1205 4598 1294 4648 Sscnti
1310 4609 1402 4649 sumus
1419 4598 1567 4649 Ferrarium
1580 4599 1607 4649 et

283 4674 593 4740 Gernt.,quamquam,sl
603 4675 703 4723 statuas
712 4671 962 4724 Ciceronemverba
971 4669 1099 4736 epistolae
1110 4670 1218 4735 paulum
1231 4672 1517 4735 immutassetutsupra
1526 4671 1604 4735 adt),

281 4751 381 4805 lucillus
398 4751 437 4801 sio
453 4747 582 4810 corrlges:
600 4744 694 4796 occos?
707 4747 791 4809 pottro
808 4746 833 4798 T.
845 4751 950 4797 morters
967 4745 1249 4809 causamqut-
1268 4746 1293 4795 6.
1308 4744 1398 4795 abab
1412 4773 1439 4784 -
1457 4747 1603 4798 utma-

282 4819 759 4885 ttseb-stom.aliqootcodd.-
777 4821 894 4872 locust
910 4823 962 4872 t-
980 4822 1005 4872 8.
1022 4821 1127 4882 sortem
1142 4819 1517 4882 ipssa-tt).dtms'conttst;
1535 4824 1607 4874 deni

281 4896 561 4954 corel-eaesae:
577 4894 1057 4954 btsdenb;sisdeml-tl.tssrret:
1074 4895 1141 4950 lce;
1157 4892 1340 4953 tomecbl03
1358 4894 1607 4948 tomeinmscbue·

281 4977 349 5028 talus
366 4973 485 5038 scripsit,
502 4968 551 5021 sed
568 4981 603 5021 ns
617 4969 658 5033 sic
675 4968 784 5034 ouldem
801 4968 875 5021 locus
891 4971 1001 5020 sanetus
1011 4967 1130 5029 videtum
1149 4967 1275 5033 equidem
1291 4968 1330 5018 sic
1347 4969 1464 5034 corrigo:
1480 4973 1564 5036 perata
1578 4974 1605 5023 ts

280 5044 794 5110 msmctsdtctataeerstrellactarel-
814 5046 854 5096 ts.
871 5057 975 5096 eca-
994 5044 1241 5095 rectumst·
1261 5043 1529 5104 tt.etosldemtb²:
1548 5047 1606 5109 qut-

281 5117 1605 5187 somb¹30qatcome;sssetmi-teoutcrei-to.oom.i-ouotccrorei;crsc(qaom)

281 5203 306 5249 te
321 5197 390 5249 conl.
401 5197 433 5248 Δ.
445 5197 615 5261 Augustinus.
629 5219 657 5232 -
675 5194 703 5245 dl
718 5196 745 5245 t:
764 5195 800 5246 dli
815 5196 836 5246 0
849 5220 876 5232 -
894 5195 936 5246 tl.
954 5205 1175 5245 commoma-
1192 5205 1226 5242 sss
1241 5205 1304 5244 nos:
1323 5194 1346 5243 et
1362 5195 1373 5242 t
1389 5192 1433 5258 (cl.
1446 5194 1604 5260 aop.⁴³so,

280 5272 336 5337 ten
354 5269 514 5324 sablo-
533 5272 777 5323 scommat-
796 5269 1011 5322 talemne·
1032 5267 1198 5331 renosci,
1215 5264 1381 5330 quonabn
1399 5267 1605 5334 ct.adp.t3tlt,

282 5344 840 5410 tt.-osoamt-20.ptorsmct-
860 5342 1607 5406 Ccesmmccrettpctrsmcces.omsab;pctrem

281 5434 300 5473 o
314 5434 354 5473 ms
370 5421 439 5474 Cass.
452 5422 490 5473 io
503 5444 531 5458 —
549 5421 591 5472 ἥ.
608 5421 774 5486 {tumulum
791 5418 847 5478 ab;
864 5420 1012 5486 flcmoctsan
1028 5420 1052 5480 t;
1069 5419 1186 5483 {tumme
1203 5416 1228 5478 l;
1247 5429 1339 5468 veram
1357 5415 1497 5470 lectionem
1513 5420 1607 5469 Ferra-

281 5498 338 5548 rius
354 5497 425 5548 coni.
437 5498 579 5549 assecutus
596 5499 646 5549 est.
661 5522 688 5533 -
706 5495 840 5558 seuqums‘s
856 5498 868 5547 t
885 5522 913 5534 -
929 5495 1058 5559 prooetmt
1075 5488 1104 5544 b²
1116 5518 1143 5530 -
1162 5491 1204 5544 tl.
1222 5506 1305 5543 mesen
1322 5494 1420 5556 wdone
1434 5494 1608 5544 scamnellum

281 5569 593 5634 tl-tl.porttsb-
616 5571 849 5634 repuens·
876 5567 1606 5630 cousenszcsctt-so.paaeri-2s.ceocb

281 5656 352 5695 corr.
369 5645 485 5696 exone
502 5669 530 5683 ·-
547 5645 589 5696 29.
607 5643 746 5696 orblst-
767 5644 1010 5707 possessarum
1031 5645 1230 5708 pcrttocsri-
1248 5641 1606 5694 ocaocdmrscbtetcod.

281 5719 390 5771 bamb:
412 5733 479 5773 suas.
497 5721 640 5772 eandm
656 5734 685 5783 a;
710 5721 843 5772 emundas
863 5721 1006 5771 Mcdmvc
1024 5722 1045 5779 i;
1067 5721 1119 5770 asts
1135 5720 1279 5771 mmm
1295 5720 1315 5770 0
1332 5731 1395 5770 cum
1412 5715 1511 5781 aliquot
1527 5714 1606 5766 codd.

281 5794 438 5846 Ferrarti-
463 5795 651 5850 ΜΛΝ·-
675 5795 1141 5861 medumpametdosscderee
1163 5793 1385 5847 -34.etmel:
1411 5792 1479 5843 cco
1502 5817 1529 5829 —
1552 5788 1607 5856 ces]

279 5881 311 5922 ce
326 5870 391 5922 mel.
