3800 7350
297 1162 379 1229 ⁴288
728 1164 879 1230 ORATIO
900 1163 1126 1229 PHILIPPICA
1147 1164 1201 1225 lll.

298 1356 390 1401 ame
413 1335 539 1399 initium
562 1334 727 1417 quaerenti
750 1333 941 1417 respondere
958 1335 1145 1407 voluissem,
1168 1353 1251 1396 nunc
1273 1333 1318 1397 rei
1341 1322 1486 1416 publicae
1509 1352 1629 1397 consu-

297 1430 364 1493 lere
386 1450 449 1492 non
471 1448 607 1512 possem.
644 1428 733 1490 Hanc
756 1447 831 1490 vero
854 1437 965 1491 nactus
987 1428 1186 1502 facultatem,
1208 1426 1332 1490 nullum
1355 1436 1496 1510 tempus,
1519 1436 1629 1510 patres

298 1524 486 1606 conscripti,
509 1522 664 1585 dimittam
686 1542 790 1608 neque
812 1522 960 1586 diurnum
983 1543 1088 1606 neque
1107 1531 1310 1595 nocturnum,
1334 1522 1412 1604 quin
1427 1520 1467 1582 de
1482 1518 1631 1583 libertate

298 1616 408 1702 populi
437 1617 567 1679 Romani
597 1625 628 1678 et
655 1615 807 1698 dignitate
829 1626 934 1679 vestra
956 1616 1042 1700 quod
1064 1614 1267 1699 cogitandum
1294 1615 1334 1677 sit
1355 1614 1509 1697 cogitem,
1539 1611 1632 1697 quod

276 1710 454 1795 ungendum
477 1717 574 1793 atque
596 1709 792 1785 faciendum,
815 1710 848 1772 id
870 1730 935 1772 non
950 1709 1046 1774 modo
1067 1730 1132 1774 non
1154 1709 1393 1783 recusem,'sed
1415 1709 1510 1772 etiam
1530 1727 1634 1793 appe-

298 1815 362 1869 tam
383 1812 480 1885 atque
502 1804 680 1886 deposcam.
718 1804 787 1867 lloe
808 1803 887 1878 ieci,
909 1804 985 1867 dum
1004 1804 1111 1868 licuit:
1134 1804 1305 1877 intermisi,
1328 1802 1433 1885 quoad
1449 1822 1514 1866 non
1529 1794 1634 1867 licuit.

298 1900 364 1962 lam
386 1916 452 1959 non
474 1896 575 1960 solum
596 1896 686 1971 licet,
709 1898 881 1961 sedetiam
901 1917 1029 1961 neeesse
1048 1905 1112 1973 est,
1134 1898 1196 1961 nisi
1212 1897 1330 1960 servire
1344 1895 1501 1960 malumus
1523 1917 1635 1981 quam,

298 2014 339 2057 ne
362 1993 551 2065 serviamus,
574 1992 668 2054 armis
690 1991 867 2073 animisque
883 1990 1062 2054 decernere.
1098 1988 1150 2055 34.
1165 1992 1204 2055 Di
1228 1989 1420 2054 immortales
1445 1990 1536 2054 nobis
1550 1990 1636 2054 baec

299 2085 457 2172 praesidia
479 2084 651 2149 dederunt:
673 2085 744 2148 urbi
761 2085 942 2159 Caesarem,
965 2087 1095 2148 Brutum
1115 2085 1246 2148 Galliae.
1284 2084 1317 2146 Si
1340 2083 1424 2147 enim
1446 2084 1501 2147 ille
1523 2084 1637 2167 oppri-

263 2194 385 2243 iomere
407 2179 518 2241 urbem
540 2180 711 2261 potuisset,
734 2178 857 2253 statim,
881 2180 907 2241 si
924 2179 1057 2242 Galliam
1080 2189 1203 2252 tenere,
1226 2177 1321 2260 paulo
1344 2184 1417 2259 post
1431 2178 1551 2261 optimo
1567 2178 1636 2241 cui·

301 2292 364 2355 que
386 2272 583 2355 pereundum
604 2282 686 2347 erat,
709 2272 842 2355 reliquis
857 2273 1069 2335 serviendum.
1102 2273 1186 2335 XIV.
1208 2271 1297 2334 Hanc
1318 2271 1415 2353 igitur
1429 2273 1634 2335 occasionem

301 2367 439 2429 oblatam
467 2373 588 2439 tenete,
618 2387 675 2450 per
696 2367 774 2430 deos
803 2366 1011 2430 immortales!
1044 2376 1149 2450 patres
1171 2365 1357 2447 conscripti,
1390 2373 1423 2427 et
1443 2364 1634 2448 amplissimi

301 2460 387 2524 orbis
415 2468 515 2523 terrae
545 2460 672 2524 consilii
695 2460 854 2543 priucipes
877 2480 934 2523 vos
958 2481 1027 2525 esse
1049 2459 1221 2543 aliquando
1243 2458 1461 2522 recordamini.
1499 2458 1635 2539 Signum

301 2555 374 2617 date
404 2552 522 2636 populo
552 2553 692 2616 Romano
723 2554 890 2617 consilium
913 2562 1051 2617 vestrum
1074 2574 1139 2617 non
1161 2554 1272 2616 deesse
1293 2553 1339 2616 rei
1361 2550 1525 2636 publicae,
1552 2571 1635 2633 quo-

265 2648 387 2711 soniam
416 2646 471 2709 ille
492 2647 639 2709 virtutem
662 2667 749 2710 suam
779 2667 842 2709 non
866 2647 1044 2710 defuturam
1066 2669 1136 2712 esse
1159 2644 1332 2729 profitetur.
1367 2646 1452 2709 Nihil
1475 2646 1634 2730 estquod

301 2747 446 2805 moneam
461 2760 527 2803 vos.
564 2742 664 2804 Nemo
687 2750 736 2804 est
757 2750 819 2804 tam
842 2742 958 2804 stultus
974 2744 1026 2823 qui
1050 2762 1114 2804 non
1136 2741 1310 2822 intelligat,
1334 2741 1360 2803 si
1375 2739 1634 2804 indormierimus

302 2835 375 2898 huic
399 2834 549 2917 tempori,
570 2852 634 2896 non
657 2834 751 2897 modo
767 2834 927 2898 crudelem
942 2835 1174 2919 superbamque
1191 2834 1437 2897 dominationem
1452 2836 1555 2909 nobis,
1573 2835 1632 2898 sed

302 2928 544 3011 ignominiosam
567 2928 661 2990 etiam
677 2938 709 2991 et
728 2929 915 3011 llagitiosam
931 2928 1093 2991 ferendam
1109 2949 1188 2992 esse.
1232 2924 1283 2988 35.
1306 2930 1412 2992 Nostis
1427 2928 1633 2992 insolentiam

302 3020 448 3095 Antonii,
471 3022 571 3085 nostis
595 3022 728 3096 amicos,
751 3022 851 3086 nostis
874 3029 969 3086 totam
993 3021 1131 3085 domum.
1168 3022 1379 3097 Libidinosis,
1403 3023 1633 3105 petulantibus,

266 3115 452 3198 aoimporis,
481 3115 665 3198 impudicis,
695 3115 901 3191 aleatoribus,
931 3116 1027 3178 ebriis
1056 3117 1188 3191 servire,
1221 3135 1259 3180 ea
1288 3136 1409 3179 summa
1435 3117 1564 3180 miseria
1584 3124 1634 3179 est

303 3227 426 3272 summo
449 3208 602 3272 dedecore
624 3210 803 3272 coniuncta.
841 3209 934 3284 Quod
957 3211 983 3273 si
1006 3212 1068 3273 iam
1090 3210 1233 3293 -quod
1257 3211 1288 3273 di
1311 3231 1403 3273 omen
1418 3211 1576 3274 avertenti
1590 3242 1633 3256 -

303 3301 402 3365 iatum
425 3310 600 3367 extremum
621 3305 667 3367 rei
690 3303 836 3386 publicae
859 3305 963 3378 venit,
991 3304 1077 3386 quod
1099 3303 1287 3386 gladiatores
1309 3303 1433 3366 nobiles
1454 3303 1576 3367 faciunt
1598 3311 1634 3367 ut

304 3396 438 3459 honeste
461 3396 667 3471 decumbant,
688 3396 840 3461 faciamus
861 3417 937 3471 nos,
959 3398 1120 3481 principes
1142 3398 1227 3461 orbis
1250 3406 1401 3461 terrarum
1423 3398 1633 3481 gentiumque

305 3490 464 3565 omnium,
485 3497 522 3554 ut
542 3510 612 3554 cum
635 3490 786 3574 dignitate
808 3492 914 3574 potius
937 3489 1085 3554 cadamus
1106 3511 1202 3575 quam
1224 3511 1297 3554 cum
1318 3489 1491 3572 ignominia
1513 3490 1634 3553 servia·

268 3603 385 3652 somus.
427 3580 479 3647 36.
501 3584 586 3648 Nihil
615 3592 663 3647 est
692 3584 909 3649 detestabilius
934 3583 1108 3658 dedecore,
1138 3584 1217 3648 nibil
1238 3583 1364 3647 foedius
1385 3582 1547 3654 servitute.
1582 3583 1634 3646 Ad

305 3678 403 3742 decus
418 3685 451 3742 et
463 3678 504 3742 ad
525 3679 701 3744 libertatem
715 3681 782 3745 nati
797 3700 922 3744 sumus:
945 3686 1000 3743 ant
1020 3679 1099 3742 baec
1119 3687 1284 3742 teneamus
1306 3686 1362 3741 aut
1382 3698 1453 3739 cum
1478 3677 1634 3760 dignitate

305 3771 486 3836 moriamur.
521 3773 658 3837 Nimium
675 3772 730 3836 diu
751 3774 889 3838 teximus
905 3773 981 3859 quid
1004 3775 1211 3837 sentiremus:
1233 3792 1316 3835 nuno
1334 3773 1396 3835 iam
1410 3778 1550 3854 apertum
1566 3778 1634 3845 esta

306 3884 415 3929 omnes
437 3866 644 3949 patefaciunt,
667 3867 699 3929 in
721 3873 886 3951 utramque
908 3876 1030 3951 partem
1047 3867 1123 3950 quid
1146 3867 1298 3940 semlant,
1322 3864 1400 3949 quid
1416 3862 1523 3927 velint.
1552 3865 1635 3927 Sunt

306 3958 396 4041 impii
418 3959 519 4035 cives,
540 3959 596 4022 sed
618 3980 676 4043 pro
698 3960 827 4023 caritate
850 3962 895 4023 rei
918 3962 1062 4043 publicae
1085 3961 1216 4023 nimium
1238 3960 1347 4034 multi,
1369 3966 1478 4022 contra
1493 3957 1635 4021 multitu·

372 4288 395 4337 t.
414 4287 558 4336 emoluit.
578 4286 613 4335 V:
635 4287 691 4336 tuit.
710 4300 728 4336 a
748 4301 788 4337 me
804 4289 825 4336 D
842 4312 870 4324 -
892 4290 991 4338 consuta
1013 4293 1023 4339 t
1046 4316 1073 4326 -
1096 4287 1122 4337 3.
1139 4301 1217 4348 usque
1238 4292 1302 4336 noct.
1321 4299 1375 4336 om.
1394 4298 1409 4335 a
1427 4287 1532 4348 (amous
1548 4286 1582 4349 V)
1604 4312 1632 4324 -

348 4369 372 4414 et
389 4363 510 4412 dioniius
525 4362 561 4421 V;
579 4368 603 4413 et
618 4375 672 4412 om.
691 4363 723 4423 b;
742 4364 772 4412 de
788 4364 908 4427 dignitate
924 4367 1015 4427 agtO
1028 4390 1055 4400 -
1074 4367 1184 4412 uestram
1201 4362 1222 4408 V
1241 4385 1267 4397 —
1288 4362 1347 4423 quiid
1364 4375 1378 4409 a
1399 4386 1425 4396 —
1444 4362 1469 4411 b.
1488 4361 1514 4410 id
1530 4374 1584 4410 om.
1604 4362 1632 4417 t;

315 4442 333 4491 t.
353 4440 410 4500 (sic)
427 4439 458 4498 b;
477 4439 542 4488 mm
558 4449 598 4500 ag
614 4460 642 4472 -
661 4450 712 4486 uos
726 4439 800 4487 modo
815 4452 866 4487 nou
881 4439 999 4500 Vabg:
1023 4451 1072 4486 nou
1089 4438 1161 4486 modo
1179 4438 1230 4493 to,
1250 4449 1302 4485 non
1320 4437 1382 4485 item
1398 4435 1429 4494 V,
1448 4438 1478 4486 ut
1496 4434 1560 4486 lalso
1577 4439 1634 4484 tra-

306 4516 372 4566 didit
388 4515 520 4566 GaratouI.
540 4538 568 4550 -
585 4514 661 4562 etium
677 4515 793 4574 adpotum
809 4513 844 4562 V:
863 4515 938 4563 atium
955 4527 1008 4563 om.
1028 4526 1058 4568 a;
1077 4517 1194 4574 oppetam
1210 4512 1286 4560 etiam
1304 4510 1365 4572 bgt
1384 4536 1410 4546 -
1434 4511 1457 4559 6.
1475 4511 1522 4572 soci
1538 4524 1634 4570 suuper

306 4593 365 4641 dum
382 4591 402 4640 D
422 4616 449 4625 -
468 4588 570 4648 quodad
586 4586 643 4650 V¹g
656 4614 683 4624 -
702 4588 727 4637 l.
744 4593 891 4638 oeconomi
907 4591 983 4637 etium
1000 4589 1059 4636 D-
1080 4587 1196 4636 molimus
1208 4588 1244 4643 V3
1263 4587 1398 4635 maluimus
1414 4584 1452 4634 bt
1471 4611 1497 4620 —
1517 4585 1541 4634 8.
1555 4586 1635 4634 nimir

229 4706 236 4721 ,
305 4664 443 4725 animisque
460 4664 496 4712 V:
517 4661 750 4721 mutaturusque
766 4662 831 4719 D0;
850 4661 883 4711 ct.
903 4676 942 4713 or.
961 4663 992 4719 ll,
1011 4662 1025 4724 5
1043 4665 1089 4710 it:
1108 4663 1200 4723 irrupit
1216 4663 1242 4710 in
1260 4662 1383 4721 Galliam,
1401 4673 1477 4722 quom
1493 4660 1539 4709 sibi
1555 4661 1635 4708 onais

306 4741 443 4800 animoque
459 4738 573 4800 insutum
588 4736 765 4799 inimicamque
780 4738 902 4800 coguovit.
925 4739 1024 4787 Nonius
1042 4750 1068 4800 p.
1087 4737 1135 4786 285
1152 4737 1245 4786 alleri:
1269 4750 1345 4798 quom
1366 4749 1396 4785 ne
1418 4736 1526 4785 senatum
1545 4735 1635 4783 animis

306 4816 431 4874 armiscara
452 4811 589 4861 munere
609 4838 636 4849 -
660 4812 775 4862 docem
794 4813 817 4862 V
837 4839 862 4848 -
887 4814 913 4862 dt
929 4813 965 4861 V:
988 4813 1024 4862 dii
1045 4812 1096 4862 D0
1125 4839 1152 4849 -
1175 4814 1236 4861 inm.
1255 4815 1337 4874 gt-
1362 4811 1386 4859 9.
1405 4825 1476 4872 oppr.
1494 4810 1581 4859 urbem
1597 4811 1632 4858 V:

306 4888 392 4939 arbem
408 4899 479 4948 oppr.
496 4886 547 4936 DO
566 4911 593 4920 -
613 4886 653 4935 lt).
669 4890 743 4948 potres
759 4888 802 4936 sed
819 4887 881 4934 V-·
900 4894 991 4938 maeret
1009 4890 1029 4939 D
1046 4914 1072 4924 -
1092 4888 1133 4937 lt.
1149 4888 1304 4949 pereundam
1322 4893 1389 4948 erut,
1407 4886 1509 4946 reticuit
1525 4884 1632 4948 scrtpsi:

304 4960 571 5027 permissumque
588 4959 621 5018 V,
638 4961 792 5022 pereundam
808 4961 912 5022 relicus
928 4962 1004 5019 abt;
1019 4962 1175 5024 pereundam
1190 4962 1293 5023 reliquis
1309 4966 1368 5010 emet
1385 4961 1446 5020 gio
1462 4986 1487 4995 —
1506 4959 1635 5007 mcoosio-

307 5036 447 5088 nsmV—
467 5033 855 5098 taaosuaprinetpag-
876 5037 1109 5098 aliquandoessca
1130 5063 1156 5073 —
1177 5034 1514 5098 itpoputtronmntv-
1534 5034 1636 5083 lusos

308 5126 362 5162 om.
380 5112 402 5161 D
421 5134 449 5146 ·-
469 5109 509 5159 li.
527 5107 592 5172 brec]
609 5108 654 5158 boc
671 5110 682 5157 t
701 5135 727 5145 -
747 5109 788 5161 ⁴8.
805 5110 935 5174 suendum
950 5125 1001 5161 asse
1017 5112 1149 5162 Muretus:
1166 5107 1266 5173 [mendi
1284 5111 1320 5169 V;
1337 5123 1388 5160 csse
1400 5109 1531 5172 suendum
1543 5109 1578 5166 D;
1596 5109 1636 5171 so-

307 5187 412 5236 reudum
429 5184 448 5235 0
467 5209 495 5220 -
521 5184 561 5234 49.
580 5185 668 5235 omont
686 5184 705 5232 V
723 5210 750 5220 -
774 5187 850 5236 uosts's
865 5189 960 5236 ammos
977 5200 1029 5237 om.
1048 5190 1059 5236 t
1078 5212 1104 5222 -
1127 5191 1204 5236 totam
1220 5186 1243 5235 V
1260 5185 1301 5236 bis
1319 5184 1408 5235 babet.
1429 5209 1456 5219 -
1479 5184 1520 5234 20.
1539 5184 1636 5245 inpuris

308 5262 492 5323 lupadgt-
511 5258 659 5310 αὐτὴν·
678 5266 999 5325 sommsummoag-
1019 5262 1207 5312 estomD-
1226 5262 1267 5311 tl.
1286 5261 1382 5309 divi:
1401 5259 1513 5309 diio-
1532 5260 1636 5324 ilfa-

307 5339 446 5386 ctomt-
468 5333 691 5384 wtomumV-
716 5333 1158 5399 atumpossqmoma-
1184 5335 1635 5386 autumari-somam

311 5441 337 5451 -
356 5413 397 5462 26.
416 5412 489 5461 stud
505 5410 565 5458 Va:
590 5414 614 5459 st
631 5408 695 5472 bgt
717 5436 744 5445 -
770 5411 811 5460 il.
831 5412 946 5461 nuntium
963 5411 985 5460 V
1003 5437 1030 5447 -
1057 5412 1099 5461 28.
1118 5424 1200 5461 omues
1217 5412 1255 5460 V:
1282 5424 1366 5461 omma
1385 5411 1437 5460 ium
1459 5410 1524 5469 D0,
1547 5408 1635 5460 sedo

310 5486 378 5552 [iam]
398 5511 426 5524 -
442 5484 598 5548 paulaciuot
613 5496 674 5533 nos:
696 5486 850 5549 patefaciunt
864 5488 975 5549 locarunt
992 5487 1028 5546 V,
1049 5487 1097 5538 sed
1115 5488 1212 5550 {adum
1228 5500 1264 5538 m.
1283 5489 1298 5537 ἲ
1316 5489 1489 5550 expunctum
1511 5487 1635 5548 putasses-

309 5567 368 5612 raot
388 5564 411 5621 ις
435 5554 604 5623 pausaturum
624 5559 730 5622 abgo.
763 5561 830 5612 Cum
848 5563 998 5626 oppositum
1016 5563 1051 5611 sit
1071 5563 1178 5611 immas
1194 5563 1253 5623 quid
1270 5564 1424 5621 metrosus,
1452 5560 1507 5610 iere
1524 5561 1636 5623 apparet

308 5636 474 5699 patefactum,
493 5648 544 5684 non
561 5633 633 5685 illam
650 5633 760 5685 alteram
776 5634 917 5687 leotIonem
935 5637 1078 5699 genuinam
1095 5650 1164 5687 esse.
1180 5664 1206 5674 -
1221 5640 1281 5698 quid
1296 5640 1384 5688 mutiat
1395 5637 1455 5697 qaid
1471 5636 1530 5685 uelit
1540 5636 1562 5682 V
1573 5635 1633 5685 tort.

311 5715 397 5770 recte,
419 5714 449 5760 ut
469 5712 624 5774 cogitatione
645 5708 770 5774 suppleas
787 5713 902 5773 pulsuum
926 5712 959 5761 cl.
978 5711 1012 5760 de
1036 5710 1113 5761 simili
1131 5725 1180 5762 usu
1198 5713 1244 5760 Th.
1265 5713 1410 5761 Mommsen
1427 5711 1466 5759 dte
1482 5710 1636 5759 Stndtrecbte

310 5801 360 5837 oon
376 5787 497 5849 Salpemo
516 5788 568 5836 uod
588 5786 691 5835 Malaca
713 5798 738 5850 p.
757 5784 813 5835 isa.
834 5813 862 5822 -
886 5787 927 5835 29.
945 5787 987 5835 sed
1004 5786 1039 5834 V:
1064 5799 1117 5837 om.
1135 5787 1196 5836 D0.
1226 5786 1403 5836 lielerendum
1425 5786 1525 5834 estred
1541 5785 1574 5834 ad
1592 5798 1636 5834 vv.

313 5863 448 5912 admodum
461 5863 549 5925 pauci,
568 5874 631 5912 cum
647 5861 681 5911 sit
697 5862 839 5912 sententia:
858 5862 919 5911 sunt
935 5861 1007 5926 impii
1020 5862 1104 5922 cives,
1124 5860 1186 5923 sed,
1204 5872 1366 5924 quamquam
1378 5872 1426 5924 pro
1438 5859 1546 5910 caritate
1558 5858 1636 5923 reip.
