3800 7350
294 1216 377 1282 laos
552 1213 704 1281 οιιιιο
726 1213 953 1279 ιιιιιιιιιιι
973 1214 1060 1276 ιιιιι.
1082 1213 1155 1278 ιιι».
1169 1211 1258 1275 xxi.
1279 1208 1368 1295 sou.

295 1394 350 1453 ant
375 1408 445 1451 cnm
471 1406 505 1449 re
531 1383 658 1467 publica
679 1382 809 1446 Antonii
836 1381 969 1445 redeant
989 1383 1023 1445 in
1045 1382 1185 1465 gratiam.
1221 1381 1363 1446 Monstra
1385 1378 1553 1465 quaedam
1578 1373 1644 1437 ista

299 1493 331 1547 et
358 1487 506 1565 portenta
534 1485 607 1542 sunt
629 1471 796 1560 [prodigia]
819 1475 1042 1560 reipublicae.
1078 1475 1201 1541 Moveri
1222 1475 1349 1539 sedibus
1369 1476 1447 1540 hnic
1469 1472 1548 1536 urbi
1572 1487 1643 1532 me-

299 1577 359 1639 lius
381 1580 430 1638 est
449 1580 543 1655 atque
565 1573 598 1634 in
620 1572 715 1646 alias,
745 1570 772 1632 si
794 1570 864 1633 lieri
886 1571 1001 1653 possit,
1032 1577 1130 1633 terras
1153 1569 1341 1652 demigrare,
1364 1569 1450 1633 undo
1474 1562 1641 1629 Antonio·

299 1689 369 1731 rum
396 1686 454 1729 nec
484 1665 564 1728 facta
586 1684 645 1728 nec
666 1683 782 1728 nomen
805 1665 925 1738 audiat,
959 1683 1053 1748 qnam
1075 1662 1165 1737 illos,
1194 1663 1335 1727 Caesaris
1357 1664 1477 1727 virtute
1499 1659 1638 1731 eiectos,

272 1760 387 1824 alirnti
408 1766 561 1832 retentos,
583 1758 667 1820 intra
688 1757 766 1820 haec
788 1757 913 1844 moenia
934 1758 1052 1820 videre.
1085 1755 1325 1839 Optatissimum
1348 1766 1397 1820 est
1411 1755 1561 1827 vincam
1585 1770 1638 1814 se·

300 1854 437 1917 eundum
465 1858 514 1914 est
540 1851 664 1914 nullum
688 1871 796 1914 casnm
818 1870 876 1933 pro
898 1850 1050 1933 dignitate
1073 1859 1105 1913 et
1126 1851 1272 1915 libertate
1294 1852 1413 1935 patriae
1436 1869 1503 1913 non
1523 1848 1637 1912 feren·

300 1946 375 2009 dum
397 1952 515 2028 putare.
553 1943 648 2019 Quod
670 1944 827 2027 reliquum
851 1951 915 2019 est,
942 1964 1007 2006 non
1029 1951 1079 2007 est
1099 1945 1244 2019 tertium,
1266 1945 1323 2008 sed
1344 1952 1542 2028 postremum
1565 1959 1637 2004 om·

299 2039 401 2112 nium,
423 2038 592 2102 maximam
614 2038 839 2119 turpitudinem
862 2038 1024 2119 suscipere
1044 2039 1127 2100 ritae
1149 2037 1331 2120 cupiditate.
1374 2036 1426 2100 50.
1449 2037 1544 2113 Quae
1561 2055 1634 2097 cum

300 2134 344 2197 ita
366 2134 442 2206 sint,
469 2132 509 2194 de
531 2129 687 2193 mandatis
709 2130 886 2213 litterisque
908 2132 949 2192 Μ.
971 2130 1100 2213 Lepidi,
1128 2130 1187 2193 riri
1209 2130 1390 2206 clarissimi,
1422 2129 1561 2194 Servilio
1583 2149 1636 2192 as·

265 2242 292 2288 to
301 2227 422 2291 sentior
443 2232 474 2288 et
494 2223 555 2287 lroo
577 2223 712 2307 amplius
733 2242 866 2297 censeo,
895 2225 1044 2305 Magnum
1066 2225 1269 2308 Pompeium,
1300 2225 1399 2288 Gnaei
1420 2221 1544 2297 lilium,
1573 2241 1635 2304 pro

301 2321 397 2404 patris
426 2318 645 2400 maiorumque
674 2336 803 2379 suorum
833 2316 939 2379 animo
966 2318 1136 2401 studioque
1162 2319 1195 2381 in
1223 2338 1289 2381 rem
1317 2317 1476 2401 publicam
1505 2333 1636 2399 suaque

300 2413 432 2497 pristina
453 2413 579 2485 virtute,
601 2408 771 2485 industria,
793 2409 957 2474 voluntate
979 2411 1104 2486 iecisse,
1127 2413 1212 2495 qnod
1228 2432 1316 2475 snam
1331 2430 1524 2494 eorumque,
1548 2428 1636 2493 quos

303 2525 410 2570 secum
431 2505 576 2579 haberet,
599 2523 726 2589 operam
748 2506 871 2568 senatui
891 2505 1075 2589 populoque
1090 2506 1230 2569 Romano
1245 2505 1406 2588 pollicitus
1421 2512 1522 2579 esset,
1545 2523 1638 2567 earn·

303 2619 366 2683 que
397 2618 462 2662 rem
492 2598 616 2662 senatui
646 2598 830 2682 populoque
859 2600 1000 2662 Romano
1031 2607 1149 2682 gratam
1180 2607 1406 2683 acceptamque
1434 2617 1506 2664 esso
1536 2596 1638 2680 eique

267 2692 416 2756 inhonori
445 2692 651 2775 dignitatique
682 2711 751 2755 eam
779 2712 846 2756 rem
872 2691 952 2756 fore.
992 2693 1061 2757 Hoc
1082 2693 1133 2756 vel
1155 2693 1305 2775 coniungi
1326 2712 1397 2756 cnm
1416 2693 1479 2756 lroc
1500 2696 1639 2755 senatus

303 2785 449 2849 consulto
471 2785 559 2857 licet,
580 2785 630 2847 vel
653 2785 776 2868 seiungi
798 2792 904 2869 potest
926 2785 1161 2870 separatimque
1182 2785 1351 2869 perscribi,
1372 2794 1409 2850 ut
1428 2783 1562 2870 proprio
1584 2801 1639 2846 se-

303 2885 395 2941 natus
418 2878 560 2941 consulto
583 2878 752 2961 Pompeius
776 2880 973 2943 collaudatus
995 2899 1064 2943 esse
1086 2879 1240 2943 videatur.

369 3147 394 3195 t.
413 3144 500 3195 camsi
516 3142 535 3193 b
554 3170 582 3181 -
599 3143 627 3193 in
643 3144 755 3208 qratiam
771 3157 825 3196 orn.
844 3146 855 3196 t
871 3173 905 3184 —-
925 3146 974 3195 uto
990 3151 1094 3209 etport.
1112 3150 1169 3197 suot
1185 3145 1261 3196 abt:
1284 3150 1341 3195 aest
1356 3144 1406 3197 isto
1420 3149 1528 3209 σιμαὶ.
1547 3144 1586 3196 io
1607 3171 1639 3184 -

303 3219 329 3271 ἱ.
345 3219 463 3284 prodieia
479 3214 546 3267 nb¹:
563 3222 587 3269 et
600 3219 721 3283 prodiqio
736 3218 766 3269 b²
777 3221 821 3282 (m.
835 3219 859 3284 i)
871 3221 949 3281 ai0;
968 3232 1017 3272 nos
1030 3221 1150 3284 predicto
1166 3223 1195 3272 nt
1211 3218 1344 3283 glossema
1360 3217 1527 3274 inclusimus.
1544 3246 1580 3257 —-
1596 3232 1641 3270 so-

304 3293 374 3344 dtbos
390 3295 458 3344 mei:
481 3292 576 3345 sedidra
592 3295 643 3344 acis
659 3295 679 3344 0
698 3307 759 3345 cum
776 3293 876 3358 aliquot
891 3293 965 3346 libris
983 3297 1102 3347 Ferrarii.
1122 3322 1149 3332 -
1168 3296 1225 3345 iae
1239 3295 1309 3346 wli
1325 3297 1335 3344 t
1353 3322 1381 3332 -
1400 3295 1424 3346 3.
1442 3295 1470 3344 la
1486 3306 1545 3345 om.
1563 3293 1639 3352 nti;

305 3367 364 3418 cod.
378 3368 537 3419 Franciauns
553 3369 580 3418 ln
597 3372 658 3419 ante
675 3375 756 3419 imas
767 3368 856 3419 habet.
869 3396 895 3406 —
913 3376 993 3433 posset
1007 3371 1015 3421 i
1027 3397 1054 3406 -
1074 3372 1098 3421 9.
1111 3371 1161 3420 ciri
1176 3370 1251 3435 elea]
1265 3385 1300 3420 as.
1313 3382 1334 3419 c.
1348 3369 1426 3420 abtl
1440 3395 1467 3405 -
1486 3370 1529 3419 ld.
1544 3368 1639 3431 Ganos]

304 3454 344 3493 os.
357 3441 440 3506 (om.)
456 3444 508 3493 mel
527 3470 555 3482 -
573 3445 614 3494 tt.
632 3444 741 3506 lo.r.p.
754 3443 807 3494 mei
825 3468 852 3478 -
873 3444 914 3497 li.
929 3445 1055 3507 matrina
1071 3447 1083 3494 t
1099 3472 1126 3483 -
1146 3445 1187 3495 43.
1205 3445 1348 3495 ommutui
1363 3446 1375 3493 t
1389 3470 1424 3481 -
1438 3444 1584 3507 populoque
1595 3444 1639 3509 a]

307 3529 341 3580 p.
359 3530 383 3578 q.
400 3530 424 3568 r.
443 3518 464 3577 ις
484 3530 517 3568 .r.
535 3530 602 3581 pp.
621 3517 732 3569 abt-
753 3517 793 3569 li.
812 3530 946 3582 rosam.
963 3533 988 3582 q.
1006 3519 1031 3569 ri
1053 3522 1063 3569 t
1081 3547 1109 3559 -
1132 3522 1172 3571 lo.
1190 3522 1333 3586 cosiupim
1349 3519 1487 3573 ioeb1-
1510 3520 1640 3572 ram

307 3592 424 3643 loadotas
440 3606 465 3643 a.
