3800 7350
609 1187 684 1252 cn.
705 1188 1044 1253 xxxm-xxxrv.
1070 1188 1116 1273 §s
1138 1188 1284 1256 ιιι-ει.
1523 1184 1606 1251 tous

283 1356 391 1422 cabis?
423 1358 469 1420 sic
490 1357 552 1421 tuis
575 1358 749 1421 sceleribus
771 1359 817 1420 rei
838 1358 985 1441 publicae
1007 1361 1177 1441 praeterita
1203 1360 1267 1424 fata
1288 1360 1475 1424 retricabist
1513 1357 1606 1434 Quod

281 1449 412 1534 quiden
431 1457 480 1525 tu,
502 1451 558 1534 qui
580 1451 661 1515 bene
684 1471 794 1514 nosses
816 1452 1071 1515 coniunctionem
1094 1472 1196 1516 meam
1217 1464 1249 1517 ct
1264 1454 1422 1527 Caesaris,
1445 1450 1606 1524 eludebes,

282 1562 355 1607 cuns
375 1563 396 1606 a
416 1564 466 1607 ne
488 1546 695 1609 trementibus
718 1545 846 1608 omniuo
869 1544 981 1618 labris,
1015 1546 1070 1608 sed
1094 1555 1214 1621 umen,
1244 1568 1301 1610 cur
1322 1547 1379 1610 tibi
1401 1566 1519 1610 nomen
1541 1563 1606 1608 non

281 1636 454 1711 deferrem,
476 1640 672 1722 requirebas.
719 1637 920 1721 Quamquam
943 1640 1031 1722 quod
1055 1638 1095 1702 ad
1119 1661 1169 1704 me
1191 1641 1304 1703 attinet

448 1752 622 1814 numquam
644 1733 735 1795 istam
758 1733 941 1795 imminuam
964 1754 1069 1797 curam
1091 1733 1255 1796 infitiando
1278 1734 1352 1807 tibi,
1614 1742 1630 1787 ⁸

282 1831 388 1888 tanen
410 1831 459 1888 est
478 1826 555 1888 mihi
579 1824 861 1899 considerandum,
883 1836 1035 1909 quantum
1057 1827 1104 1889 illi
1126 1829 1221 1890 tantm
1242 1827 1289 1889 rei
1311 1826 1457 1910 publicae
1472 1825 1606 1909 negotiis

282 1924 442 2001 tantoque
455 1918 541 1982 bello
562 1919 715 2003 impedito
737 1939 797 2001 ego
819 1920 915 1983 homo
930 1922 1135 1984 amicissimus
1151 1919 1373 1983 sollicitudinis
1388 1927 1486 2003 atque
1500 1918 1606 1982 oneris

280 2010 453 2093 imponam.
497 2015 560 2077 Nec
582 2013 714 2097 despero
737 2022 859 2087 tamen,
883 2033 1074 2098 quamquam
1097 2014 1226 2096 languet
1239 2014 1388 2077 iuventus
1403 2032 1462 2075 nec
1475 2011 1606 2096 perinde

281 2110 378 2187 atquc
398 2105 535 2169 debebat
554 2108 587 2169 in
611 2107 712 2170 laudis
735 2115 766 2169 et
787 2107 907 2190 gloriae
937 2107 1109 2191 cupiditate
1131 2115 1288 2181 versatur,
1319 2105 1444 2169 futuros
1471 2105 1606 2189 aliquos,

282 2198 339 2281 qui
359 2200 515 2263 abiectum
535 2199 597 2263 hoc
619 2199 753 2262 cadaver
774 2201 992 2263 consularibus
1013 2201 1122 2283 spoliis
1145 2199 1264 2263 undare
1287 2219 1351 2263 uon
1375 2198 1493 2273 nolint,
1515 2212 1640 2283 prae-tt

283 2292 390 2355 sertim
420 2300 484 2355 tam
512 2292 645 2365 afflicto,
678 2302 741 2356 tam
770 2294 877 2376 inopi,
906 2303 968 2357 tam
999 2293 1141 2368 infirmo,
1175 2303 1238 2358 tam
1268 2302 1417 2357 enervato
1446 2314 1517 2358 reo:
1549 2295 1605 2379 qni

283 2386 379 2448 teitu
400 2388 550 2468 gesseris,
573 2396 608 2451 ut
629 2388 754 2451 timeres
777 2408 817 2451 ue
839 2389 987 2470 indignus
1011 2385 1163 2451 beneficio
1186 2388 1356 2462 videreris,
1388 2387 1450 2452 nisi
1473 2389 1559 2462 eius,
1587 2407 1607 2450 a

283 2500 348 2561 quo
368 2480 482 2543 missus
504 2501 591 2554 eras,
613 2481 792 2545 simillimus
815 2482 1002 2546 exstitisses.

367 2573 511 2639 XXXIV.
533 2572 585 2637 83.
607 2579 656 2637 hu
677 2594 752 2639 vero
775 2585 807 2639 tu
829 2595 941 2660 parum
963 2582 1055 2657 putas
1077 2576 1280 2659 investigatas
1294 2596 1365 2639 esse
1380 2596 1400 2639 a
1414 2575 1504 2640 nobis
1518 2574 1605 2638 lebes

282 2667 406 2750 imperii
427 2667 475 2731 tui
497 2677 681 2752 stragesque
704 2670 909 2753 provinciae?
944 2688 1024 2751 quas
1046 2669 1176 2752 quidem
1198 2688 1258 2733 nos
1279 2690 1344 2734 non
1365 2669 1508 2753 vestigiis
1529 2666 1640 2734 odo-ts

281 2767 386 2826 rentes
408 2761 570 2844 ingressus
593 2772 679 2835 tuos,
702 2763 758 2825 sed
780 2765 854 2826 totis
876 2763 1122 2825 volutationibus
1145 2764 1286 2845 corporis
1308 2772 1340 2827 et
1362 2764 1519 2827 cubilibus
1533 2783 1606 2847 per·

281 2854 382 2918 secuti
410 2875 529 2918 sumus.
572 2858 687 2919 Notata
712 2876 731 2919 a
758 2857 849 2920 nobis
876 2867 949 2920 sunt
978 2864 1010 2919 et
1039 2857 1139 2939 prima
1169 2858 1223 2920 illa
1250 2858 1371 2923 scelera
1399 2857 1433 2921 in
1454 2856 1605 2929 adventu,

281 2967 373 3021 cum,
396 2956 522 3032 accepta
543 2950 678 3032 pecunia
699 2950 935 3034 aDysrachinis
958 2951 997 3013 ob
1019 2970 1130 3013 necem
1151 2951 1286 3034 hospitis
1301 2952 1348 3014 tui
1363 2951 1513 3025 Platoris,
1535 2951 1605 3014 eius

282 3040 382 3122 ipsius
409 3040 535 3105 domum
566 3043 724 3117 evertisti,
757 3046 848 3108 cuius
877 3044 1065 3126 sanguinem
1093 3044 1281 3118 addixeras,
1314 3063 1467 3126 eumque,
1505 3044 1605 3107 servis

281 3134 514 3218 symphoniacis
536 3144 567 3200 et
588 3135 659 3199 aliis
681 3138 863 3201 muneribus
885 3137 1038 3218 acceptis,
1061 3138 1222 3200 timentem
1246 3136 1445 3221 multumque
1460 3135 1640 3200 dubitas-st

281 3235 345 3295 wan
372 3225 563 3292 confirmasti
593 3237 624 3292 et
653 3230 908 3295 Thessalonicam
936 3230 999 3292 lide
1033 3238 1087 3294 tua
1120 3231 1227 3293 venire
1256 3230 1386 3294 iussisti.
1440 3230 1605 3306 Quemne

281 3322 434 3384 maiorum
457 3322 585 3405 quidem
608 3343 693 3386 more
715 3324 870 3406 supplicio
892 3325 1041 3397 affecisti,
1065 3343 1136 3387 cum
1165 3324 1259 3386 miser
1281 3323 1336 3386 ille
1358 3323 1521 3386 mcumbus
1547 3322 1605 3385 ho·

281 3416 371 3499 spitis
400 3416 450 3479 sni
478 3418 618 3481 cervices
640 3418 795 3481 subiicere
817 3419 962 3500 gestiret,
987 3417 1043 3480 sed
1071 3418 1102 3480 ei
1124 3417 1265 3491 medico,
1295 3435 1391 3502 quem
1411 3424 1517 3480 tecum
1538 3423 1606 3480 tun

283 3509 457 3582 eduxeras,
485 3511 645 3596 imperasti
668 3519 703 3574 nt
723 3531 819 3574 venas
841 3511 979 3574 hominis
1001 3511 1170 3575 incideret:
1194 3529 1265 3574 cum
1287 3510 1420 3594 quidem
1440 3510 1498 3575 tihi
1511 3510 1606 3573 etism

281 3604 422 3667 accessio
453 3603 512 3668 fuit
541 3602 581 3667 ad
610 3625 720 3669 necem
750 3605 883 3681 Platoris
911 3604 1075 3669 Pleuratus
1106 3606 1172 3668 eius
1201 3624 1323 3679 comes,
1357 3623 1453 3689 φιοιιι
1486 3602 1640 3669 necasti!

282 3697 463 3762 verberibus
490 3719 611 3763 summa
641 3708 804 3764 senectute
832 3699 1018 3764 conlectum.
1061 3696 1113 3762 84.
1143 3698 1297 3781 ldemqne
1325 3707 1360 3761 tu
1381 3698 1606 3773 num-nure

282 3793 426 3858 Bessicae
454 3794 557 3873 gentis
586 3794 778 3876 principem,
811 3814 881 3857 cum
912 3802 943 3856 te
973 3793 1121 3856 trecentis
1144 3793 1271 3857 talentis
1293 3793 1361 3876 regi
1383 3793 1475 3877 Cotyi
1496 3791 1607 3857 vendi·

282 3886 399 3958 disses,
433 3888 534 3948 securi
563 3889 764 3967 percussisti,
798 3908 868 3950 cum
900 3886 955 3949 ille
978 3884 1017 3949 nd
1039 3895 1071 3949 te
1091 3887 1214 3969 legatus
1236 3887 1268 3949 in
1291 3895 1394 3950 castra
1415 3886 1555 3950 venisset
1574 3891 1608 3948 et

282 3979 338 4042 tibi
364 3998 476 4060 magns
504 3980 661 4061 praesidia
682 3989 715 4043 et
736 3981 856 4043 auxilia
877 4000 895 4042 a
918 3983 1024 4043 Bessis
1045 3980 1188 4062 peditum
1212 3981 1418 4064 equitumque
1440 3979 1607 4062 pollicere·

283 4083 348 4145 tur;
370 4091 474 4154 neque
496 4093 568 4136 eum
589 4074 709 4146 solnm,
733 4074 789 4136 sed
812 4076 906 4137 etiam
928 4081 1050 4136 ceteros
1073 4073 1210 4156 legatos,
1244 4075 1299 4157 qni
1320 4073 1413 4136 simul
1436 4080 1640 4137 venerantsso

282 4185 418 4250 quorum
434 4167 574 4229 omnium
592 4168 695 4249 capita
715 4168 782 4250 regi
799 4167 890 4250 Cotyi
904 4166 1087 4230 vendidisti.
1109 4167 1297 4238 Deuseletis,
1321 4186 1403 4251 quae
1422 4169 1510 4233 ustio
1525 4188 1607 4232 sem·

283 4280 339 4345 per
358 4257 533 4323 oboediens
554 4260 629 4324 huic
652 4262 783 4345 imperio
804 4260 899 4324 eham
922 4263 954 4323 in
976 4259 1031 4324 illa
1046 4260 1187 4323 omnium
1208 4259 1413 4324 barbarorum
1428 4260 1607 4340 defeetione

281 4353 497 4419 Macedoniam
522 4354 555 4417 C.
578 4354 688 4418 Sentio
711 4361 858 4437 praetore
879 4363 979 4418 tutata
1002 4361 1067 4427 est,
1100 4353 1256 4417 netarium
1285 4353 1403 4417 bellum
1425 4364 1458 4418 et
1478 4355 1606 4420 crudele

282 4447 433 4523 intulisti,
468 4449 578 4531 eisque
608 4469 680 4512 cum
709 4447 905 4511 fidelissimis
935 4447 1030 4511 sociis
1060 4450 1105 4511 nti
1127 4468 1254 4531 posses,
1286 4447 1431 4511 hostibus
1453 4448 1499 4512 uti
1521 4467 1607 4512 soer-

282 4542 370 4607 rimis
404 4540 552 4606 malmdi.
611 4543 658 4605 lta
690 4549 859 4626 perpetuos
892 4542 1075 4606 defensores
1108 4541 1328 4615 Macedoniae,
1372 4549 1538 4606 vexatores
1569 4560 1640 4608 sea

349 4905 371 4954 4.
390 4905 459 4967 (octo
480 4903 581 4967 aliquot
601 4903 662 4955 edd.
681 4906 745 4954 vett.
764 4904 823 4969 (tots
838 4904 968 4954 acolabus
983 4902 1153 4967 nocentibus
1168 4905 1306 4966 moosrvo
1325 4903 1396 4966 scoto
1412 4916 1485 4968 susp.
1504 4902 1607 4965 lamb.)

285 5007 310 5015 --
323 4981 348 5029 t.
361 4980 397 5041 tol
409 4993 466 5028 asra
481 4980 573 5037 EGP;
593 4980 651 5030 tort.
670 4983 723 5028 tum
736 5005 762 5014 -
775 4978 891 5029 eludebat
901 4992 998 5029 vereor
1014 4983 1044 5028 ut
1054 4989 1150 5027 sanum
1162 4978 1203 5028 sit.
1219 5004 1246 5013 -
1265 4977 1289 5028 3.
1301 4991 1349 5028 cssr
1363 4977 1398 5027 s'bt
1409 4978 1429 5028 lt
1441 5004 1468 5015 -
1482 4977 1507 5029 l.
1520 4991 1608 5041 qum

281 5068 359 5116 quom
370 5081 408 5095 --
419 5054 463 5104 tibi
478 5054 591 5105 babath
605 5078 633 5090 -
651 5055 676 5103 b.
694 5054 866 5104 iomtsaomG
881 5080 908 5090 -
926 5053 1061 5115 ιἰιβάαιιάο
1078 5054 1137 5101 6-
1157 5051 1182 5101 8.
1195 5052 1338 5102 temore
1353 5079 1379 5089 -
1395 5053 1502 5114 prolude
1512 5052 1606 5104 hamb.

285 5158 310 5166 -
330 5130 355 5178 9.
374 5131 552 5192 αὶᾳιισοιιι.(ὶ
572 5156 597 5164 -
622 5128 858 5179 debebotEFGP:
883 5128 1035 5178 &beatus
1053 5154 1079 5162 —
1105 5127 1146 5176 40.
1164 5127 1225 5176 ools't
1242 5126 1259 5175 S
1277 5153 1303 5162 -
1324 5129 1364 5177 44.
1383 5128 1521 5190 minopi
1541 5141 1604 5179 nos:

282 5210 335 5254 loos
354 5206 437 5267 ορὲηιο
453 5204 573 5262 codices;
599 5216 652 5253 om.
671 5203 714 5253 ed.
733 5204 799 5254 Ven.
818 5202 883 5254 stas
901 5204 928 5254 et
944 5205 964 5254 0
982 5229 1009 5238 -
1029 5203 1129 5267 infirmo
1146 5198 1189 5251 ed.
1207 5203 1291 5251 lunt:
1308 5203 1394 5265 tottam
1410 5203 1430 5253 C
1444 5226 1472 5239 -
1492 5202 1532 5254 lt.
1544 5204 1605 5255 tort.

281 5282 393 5332 adnare
411 5308 437 5318 -
458 5278 497 5330 ll.
516 5284 667 5329 ootuoero
685 5281 704 5329 G
725 5306 751 5316 -
769 5279 943 5341 pommtol
965 5305 990 5314 κ
1010 5279 1050 5328 47.
1068 5275 1216 5327 ootctoed.
1235 5277 1320 5326 Crat:
1344 5277 1502 5327 mundae.
1528 5278 1607 5328 Dect

283 5358 354 5420 qnod
371 5357 490 5421 sequitur
506 5368 531 5404 v.
551 5354 653 5418 lludvig
671 5355 730 5404 linc.
749 5354 783 5403 ad
801 5355 855 5404 Cic.
874 5352 908 5402 de
926 5353 997 5402 l'iun.
1017 5366 1043 5417 p.
1056 5353 1113 5403 802.
1128 5379 1155 5388 -
1176 5352 1216 5403 48.
1234 5352 1418 5414 Dmrbochias's
1432 5352 1453 5403 0
1465 5377 1493 5389 -
1510 5352 1552 5404 20.
1564 5366 1607 5402 cc·

282 5433 376 5494 ceptists'
392 5435 533 5481 tranantem
544 5430 628 5486 EGP;
646 5429 761 5478 ductans
777 5430 864 5478 timens
879 5428 1019 5477 coniuncta
1037 5430 1098 5478 sunt
1114 5441 1142 5492 p.
1154 5427 1212 5486 902,
1227 5427 1266 5477 ts.
1280 5453 1308 5463 -
1326 5427 1368 5478 23.
1381 5433 1434 5477 tom
1450 5427 1560 5491 scripsi:
1578 5433 1607 5476 ts

283 5506 361 5557 codd.
380 5507 469 5567 (etiam
485 5506 513 5567 E)
531 5507 558 5555 et
574 5502 635 5555 edd.
654 5506 733 5562 vett.;
751 5516 805 5552 om.
823 5508 877 5552 ιιιιιι
894 5500 943 5562 (vel
961 5502 996 5563 tol
1014 5504 1034 5551 0
1052 5529 1071 5538 -·
1093 5500 1135 5551 st.
1153 5515 1211 5550 coeo
1227 5502 1339 5564 omem
1355 5504 1376 5551 C
1390 5528 1416 5537 -
1435 5503 1477 5552 25.
1494 5502 1554 5566 dus]
1571 5507 1607 5552 est

283 5583 303 5632 Ε
320 5580 400 5632 solue.
420 5606 448 5617 -
466 5581 498 5630 st
510 5582 537 5629 et
548 5579 587 5629 34.
606 5579 677 5640 cotpt
692 5578 761 5628 coni.
779 5579 902 5627 Garatoni
919 5579 1010 5639 (qoam
1027 5575 1108 5626 canu
1125 5576 1238 5626 turmam
1254 5575 1603 5636 succrescentem:

282 5657 359 5705 ceddo
376 5655 396 5704 C
413 5653 473 5717 (sad
490 5655 555 5705 inlra
572 5654 651 5704 cottlto
668 5654 730 5713 ΕΡ,
748 5654 818 5703 colbo
835 5654 866 5713 F,
884 5652 962 5701 ceddo
978 5654 1012 5709 o,
1031 5653 1119 5702 soccho
1134 5652 1174 5713 8);
1198 5653 1267 5702 Cotto
1283 5652 1304 5701 0
1323 5678 1346 5687 -
1368 5652 1410 5701 29.
1428 5656 1452 5702 et
1467 5663 1521 5701 om.
1540 5651 1602 5707 EG:

283 5731 343 5781 vide
362 5743 395 5781 ne
413 5733 542 5791 prasidio
563 5743 595 5780 er
616 5728 702 5793 glossa
720 5729 754 5778 ad
770 5728 871 5778 oculto
886 5727 1022 5778 adiectum
1038 5729 1078 5778 sit.
1100 5750 1127 5763 -
1152 5728 1192 5776 34.
1210 5727 1333 5777 desumat
1349 5727 1366 5777 Ρ
1386 5753 1412 5763 -
1436 5723 1477 5775 34.
1495 5724 1607 5774 obem

284 5808 333 5857 CO
352 5832 379 5843 -
398 5806 439 5856 33.
456 5806 630 5859 dlwcdoes'om
646 5805 784 5854 Garstont:
802 5803 963 5853 macedonico
980 5803 999 5853 c
1015 5829 1043 5839 -
1062 5801 1089 5853 C.
1107 5805 1184 5852 mtto
1202 5815 1236 5864 p.
1255 5803 1283 5852 ll.
1296 5802 1387 5860 EGP;
1407 5800 1526 5852 causac
1539 5812 1567 5863 p.
1578 5813 1603 5850 r.

283 5883 316 5944 F,
335 5882 362 5933 C.
380 5882 479 5934 cattum
492 5885 618 5947 pretorem
633 5881 664 5939 ὃς
684 5880 711 5932 C.
729 5879 808 5929 saeuo
821 5883 938 5943 procare
954 5877 978 5929 ot
997 5903 1024 5914 -
1043 5881 1067 5928 et
1081 5876 1179 5928 cnudo
1194 5875 1283 5927 wasa
1299 5877 1327 5928 F.
