3800 7350
634 1197 1228 1283 c...xvu1-x1x.s§.ro-5s.
1530 1194 1591 1261 ur

267 1368 447 1442 manicata,
474 1368 641 1452 respoudit
666 1369 871 1444 Hortensius;
905 1370 974 1443 sin,
1002 1376 1039 1432 ut
1066 1370 1130 1444 ais,
1157 1369 1246 1433 illum
1272 1377 1422 1435 conatum
1448 1366 1595 1433 Autronii

268 1470 301 1525 et
330 1461 503 1538 Catilinae,
532 1483 602 1526 cum
633 1463 665 1527 in
694 1483 806 1547 campo
836 1463 1056 1527 consularibus
1085 1464 1238 1538 comitiis,
1266 1484 1349 1548 quae
1370 1484 1390 1529 a
1410 1483 1461 1527 me
1488 1460 1596 1525 habita

266 1564 357 1630 sunt,
379 1555 506 1619 eaedem
527 1556 632 1620 iecere
653 1556 836 1620 voluerunt:
864 1557 1051 1620 Autronium
1080 1565 1148 1620 tum
1167 1558 1202 1620 in
1224 1577 1335 1641 campo
1358 1558 1509 1629 vidimus,
1538 1552 1595 1618 sed

265 1648 346 1733 quid
368 1649 435 1713 dixi
458 1651 577 1714 vidisse
598 1653 679 1713 nos‘l
702 1670 761 1732 ego
783 1651 866 1723 vidi3
888 1671 945 1713 vos
967 1650 1053 1713 euim
1068 1657 1152 1724 tum,
1174 1649 1312 1726 iudices,
1335 1650 1416 1715 nibil
1430 1647 1596 1714 laboraba-

268 1743 311 1806 tis
333 1762 439 1826 neque
462 1742 726 1827 suspicabamiui,
748 1764 808 1827 ego
831 1751 932 1807 tectus
954 1744 1114 1826 praesidio
1135 1741 1226 1807 firmo
1248 1746 1422 1809 amicorum
1445 1741 1620 1807 Catilinaet

267 1845 336 1903 tum
358 1844 389 1901 et
409 1837 555 1901 Autronii
578 1838 684 1920 copias
707 1845 738 1900 et
759 1845 907 1901 conatum
928 1838 1077 1919 repressi.
1120 1834 1172 1900 52.
1200 1840 1283 1902 Num
1312 1840 1383 1923 quis
1412 1846 1462 1903 est
1491 1835 1597 1919 igitur,

265 1932 323 2014 qui
342 1938 410 1995 tum
439 1929 522 1995 dicat
551 1931 584 1993 iu
613 1950 759 2014 campum
790 1931 972 2014 adspirasse
1000 1930 1145 1995 Sullam?
1187 1931 1285 2014 Atqui
1314 1932 1341 1995 si
1368 1940 1436 1996 tum
1461 1951 1496 1995 se
1526 1948 1598 1994 cum

267 2024 405 2088 Catilina
426 2025 577 2089 societate
606 2024 736 2087 sceleris
762 2025 984 2097 coniunxerat,
1015 2044 1073 2087 eur
1092 2025 1132 2087 ab
1154 2044 1193 2087 eo
1215 2024 1416 2088 discedebat?
1449 2044 1507 2088 cur
1525 2042 1599 2087 oum

266 2118 423 2181 Autronio
443 2137 510 2180 non
533 2122 620 2181 erati
642 2138 698 2182 cur
719 2118 753 2181 ia
774 2118 842 2203 peri
864 2137 961 2182 eausa
983 2138 1047 2181 non
1068 2119 1157 2201 paria
1171 2119 1263 2200 signe
1277 2118 1421 2184 criminis
1434 2120 1600 2201 reperiun-

265 2214 339 2275 tur‘l
383 2210 447 2274 Sed
470 2212 621 2294 quoniam
644 2211 809 2276 Cornelius
831 2213 900 2294 ipse
922 2212 1016 2275 etiam
1038 2231 1123 2274 nunc
1146 2211 1187 2274 de
1208 2210 1379 2275 indicando
1402 2212 1542 2286 dubitat,
1563 2217 1637 2274 4444

267 2304 383 2381 dicitis,
405 2304 554 2369 informat
567 2303 609 2367 ad
623 2304 685 2368 boc
706 2304 926 2368 adumbratum
947 2304 1100 2367 indicium
1121 2300 1231 2380 filium,
1252 2305 1330 2387 quid
1344 2306 1474 2369 tandem
1490 2306 1532 2369 de
1545 2304 1599 2368 illa

265 2407 362 2464 nocte
384 2398 480 2472 dicit,
502 2418 574 2461 cum
595 2399 680 2461 inter
700 2398 846 2462 falcarios
867 2397 909 2460 ad
930 2400 973 2460 bi.
995 2399 1129 2461 Laecam
1144 2407 1237 2464 nocte
1252 2418 1308 2474 ea,
1330 2418 1413 2481 quae
1427 2404 1601 2464 consecuta

267 2499 318 2556 est
338 2499 500 2575 posterum
522 2490 609 2554 diem
631 2512 787 2555 nonarum
809 2491 1034 2555 Novembrium
1057 2511 1108 2555 me
1129 2492 1278 2566 consule,
1304 2491 1457 2557 Catilinae
1479 2490 1602 2556 denua·

268 2586 401 2650 tiatioue
423 2585 596 2652 convenit?
628 2605 711 2668 quae
733 2606 797 2648 nox
823 2586 964 2648 omnium
993 2592 1171 2667 temporum
1199 2585 1426 2650 coniurationis
1448 2585 1602 2650 acerrima

267 2677 328 2742 luit
349 2686 445 2761 atque
466 2678 680 2743 acerbissima.
725 2681 806 2741 Tum
835 2678 989 2742 Catilinae
1017 2678 1085 2743 dies
1111 2678 1269 2754 exeundi,
1299 2687 1367 2744 tum
1392 2678 1508 2745 ceteris
1533 2691 1639 2743 nse-te

268 2771 366 2837 nendi
388 2771 542 2847 conditio,
574 2781 640 2836 tum
662 2773 834 2854 descriptio
857 2779 956 2835 totam
979 2793 1037 2855 per
1056 2773 1167 2837 urbem
1190 2773 1296 2838 caedis
1316 2781 1414 2857 atque
1436 2772 1603 2838 incendio·

268 2886 339 2928 rum
361 2866 534 2929 constituta
555 2873 619 2942 est;
643 2873 709 2928 tum
731 2874 804 2929 tuus
826 2873 926 2948 pater,
950 2865 1087 2942 Corneli,
1109 2867 1143 2930 id
1165 2867 1254 2952 quod
1277 2866 1407 2936 tandem
1427 2867 1601 2952 aliquando

270 2955 453 3034 confitetur,
482 2958 571 3022 illam
594 2960 653 3022 sibi
676 2955 851 3022 officiosam
874 2959 1071 3041 provinciam
1093 2959 1299 3044 depoposcit,
1327 2968 1381 3036 ut,
1407 2982 1480 3028 eam
1501 2962 1602 3045 prima

270 3052 342 3118 luce
364 3052 531 3117 consulem
554 3053 721 3117 salutatum
743 3052 884 3128 veniret,
906 3052 1107 3117 intromissus
1129 3061 1162 3117 et
1182 3073 1254 3120 meo
1276 3074 1364 3119 more
1387 3062 1420 3117 et
1439 3055 1509 3118 iure
1524 3054 1603 3117 ami-

269 3146 363 3210 ciliae
384 3166 439 3212 me·
455 3148 491 3210 ia
512 3166 584 3211 meo
605 3145 721 3210 lectulo
744 3146 925 3209 trucidaret
962 3146 1050 3209 XIX.
1071 3144 1123 3209 53.
1145 3148 1214 3212 lioc
1235 3154 1397 3230 tempore,
1418 3168 1490 3212 cum
1512 3147 1639 3215 arde-so

269 3247 318 3303 ret
338 3241 493 3308 acerrime
517 3240 716 3316 coniuratio,
734 3260 804 3302 cum
827 3239 961 3303 Catilina
983 3238 1186 3322 egrederetur
1207 3240 1247 3304 ud
1270 3242 1462 3316 exercitum,
1485 3242 1603 3304 Lentu·

268 3333 320 3399 lus
341 3335 375 3399 in
397 3334 475 3398 urbe
497 3334 746 3417 relinqueretur,
769 3334 895 3397 Cassius
915 3332 1091 3408 incendiis,
1114 3330 1273 3416 Cethegus
1287 3335 1376 3398 caedi
1389 3354 1603 3418 praeponere·

270 3434 339 3504 tur,
361 3427 517 3492 Autronio
540 3434 576 3491 ut
596 3435 769 3510 occuparet
788 3428 946 3490 Etruriam
961 3427 1246 3510 praescriberetur,
1268 3448 1341 3494 cum
1355 3430 1462 3492 omnia
1477 3428 1603 3492 ordina·

270 3527 398 3597 rentur,
421 3522 673 3595 instruerentur,
694 3528 895 3605 pararentur:
917 3520 972 3582 ubi
993 3519 1055 3583 luit
1069 3520 1173 3595 Sulla,
1198 3521 1347 3585 Cornelii
1369 3541 1447 3584 num
1461 3521 1601 3586 Romae?

269 3616 366 3681 444144
389 3613 484 3698 longe
513 3612 610 3679 afuit:
641 3614 780 3678 numia
809 3614 848 3678 iis
873 3613 1076 3697 regionibus,
1107 3633 1172 3698 quo
1201 3634 1236 3679 se
1266 3615 1402 3681 Catilina
1428 3613 1640 3684 inferebatis

270 3709 371 3772 multo
392 3710 486 3772 etiam
510 3708 651 3790 longius:
681 3709 812 3771 numia
840 3726 916 3790 agro
946 3708 1100 3782 Camerti,
1128 3708 1264 3784 Piceno,
1294 3709 1431 3783 Gallico,
1459 3729 1539 3793 quas
1568 3708 1602 3770 in

270 3821 342 3866 oras
364 3802 502 3865 maxime
526 3803 616 3885 quasi
640 3802 768 3865 morbus
793 3801 922 3884 quidam
944 3801 1030 3864 illius
1051 3800 1168 3864 luroris
1189 3806 1394 3885 pervaserat?
1422 3803 1503 3866 nihil
1524 3823 1601 3865 vero

271 3895 387 3960 minus.
430 3895 504 3958 Fuit
525 3896 627 3972 enim,
649 3904 686 3959 ut
704 3897 768 3958 ium
790 3903 863 3958 ente
888 3895 971 3970 dixi,
1000 3895 1150 3978 Neapoli;
1175 3895 1235 3960 luit
1256 3897 1290 3959 iu
1311 3915 1350 3960 ea
1370 3903 1459 3981 parte
1479 3895 1601 3970 Italiae,

340 4243 366 4292 4.
383 4239 556 4303 respondtit:
574 4239 705 4301 remandet
716 4239 1441 4302 e,loxonn.;>rcrpooeeora(?)o-rtnoroirses,
1460 4241 1600 4301 borona„

270 4315 351 4370 codd.
369 4319 491 4381 Legem:
510 4317 551 4366 444
566 4321 596 4366 to
610 4317 650 4366 sis
665 4315 766 4379 aliquot
782 4315 844 4366 edd.
862 4317 926 4364 vett.
940 4317 967 4364 et
978 4313 1071 4365 Lemb.
1091 4341 1119 4350 —
1136 4319 1255 4364 4444444444
1267 4315 1300 4364 T:
1319 4315 1464 4364 4444444444
1481 4315 1539 4365 lio.
1560 4315 1600 4366 Cl.

270 4393 364 4458 lragrm
377 4405 417 4444 or.
430 4393 457 4443 in
469 4393 530 4454 toga
547 4389 676 4442 eandida:
690 4396 823 4452 procurro
838 4390 909 4440 4444444
924 4389 1051 4453 reform
1066 4394 1185 4439 4444444444
1201 4394 1285 4449 44444444,
1303 4402 1360 4439 cum
1377 4387 1422 4440 044.
1433 4390 1520 4440 Pisone
1535 4391 1602 4440 socio

268 4465 1195 4530 --coedmoptsnosomsccorcootwst-3een1somee-
1217 4462 1309 4527 ercsp
1327 4465 1382 4527 (sic)
1400 4466 1420 4515 Τ
1438 4492 1466 4502 -
1483 4467 1601 4528 4444444

270 4543 418 4607 Madvigius
435 4543 542 4607 (opusc.
555 4542 581 4602 1,
600 4554 626 4605 p.
641 4540 710 4602 esu:
730 4545 754 4590 ot
770 4541 830 4603 44444
846 4538 925 4590 codd.
944 4539 1001 4601 (sed
1018 4539 1038 4590 Τ
1055 4541 1128 4602 wod)
1147 4542 1174 4589 et
1190 4541 1220 4590 0.
1246 4541 1304 4590 lloc
1320 4539 1441 4591 delendit
1454 4540 1601 4603 seytiertus

269 4632 296 4684 p.
315 4616 344 4670 ll
366 4615 809 4678 oou.or.vorr.1V,so:mpor
824 4615 933 4665 4444444444
948 4614 1041 4665 nobiles
1054 4615 1128 4664 144444
1142 4615 1223 4675 modi,
1240 4615 1346 4677 iudtcss,
1365 4619 1388 4664 et
1404 4615 1465 4675 osis
1480 4616 1536 4665 dico
1551 4630 1601 4666 444-

266 4692 337 4758 per?
353 4693 430 4744 444444
445 4704 505 4742 cero
519 4692 594 4741 modo
611 4703 642 4741 oc
655 4690 732 4753 plone
748 4696 807 4741 44444
821 4690 941 4750 44444444,
960 4688 1006 4739 ubi
1020 4690 1085 4740 mibi
1096 4691 1160 4740 item
1170 4691 1214 4740 sed
1224 4691 1284 4752 quid
1294 4690 1320 4739 iu
1332 4691 1423 4753 aperta
1434 4692 1600 4742 correctione

270 4767 469 4821 mdtueudum
485 4765 599 4818 videtur.
613 4791 642 4803 -
660 4767 685 4816 b.
702 4766 777 4830 444444
791 4765 918 4828 prnsstdio
934 4763 954 4814 B
972 4790 1001 4802 ·-
1020 4764 1044 4814 6.
1062 4768 1146 4814 temen
1162 4763 1182 4814 B
1196 4789 1223 4800 -
1241 4768 1296 4814 44444
1306 4763 1409 4813 cavoni
1421 4765 1483 4826 (om.
1495 4765 1557 4826 4444
1570 4790 1597 4802 -
1663 4787 1666 4793 -

269 4843 502 4910 interam·
523 4840 783 4903 tecampols-
807 4838 1305 4902 aspirante-econome-
1331 4852 1414 4890 4444444
1434 4841 1601 4893 4444444444·

269 4916 580 4984 (commodi.
598 4915 628 4978 B)
647 4940 675 4952 —
703 4915 727 4966 9.
745 4913 1073 4979 inporilireporil'-
1095 4915 1209 4964 4444444444
1228 4914 1494 4976 rememoras:
1518 4930 1599 4981 ceper.

268 4994 418 5047 mmo
443 5018 471 5030 -
495 4991 535 5042 444.
552 4990 713 5054 spicoma
736 5017 764 5028 -
786 4995 815 5040 44
834 4990 997 5049 dicimus&
1019 4989 1339 5040 otdictsi'orreatiustn
1356 5003 1440 5053 marg.
1460 5016 1487 5025 -
1508 4992 1549 5042 44.
1567 4994 1602 5042 od

266 5067 420 5121 hstiis:
438 5066 519 5118 44444
535 5078 597 5117 cum
609 5066 804 5117 4644444440-
822 5065 942 5115 mictum
959 5063 1207 5114 4444444446-
1226 5064 1306 5118 444444
1320 5065 1354 5114 l:
1372 5064 1419 5127 44444
1435 5065 1556 5116 Bso-
1571 5069 1602 5117 do

268 5143 398 5197 nni·-
417 5127 1330 5193 ⁴2.aeisor?0ursnerr-1.aecom'r:senamvolieccnma-
1350 5139 1603 5193 cenomman-

267 5217 443 5272 ms
460 5220 488 5268 et
502 5218 538 5279 B,
561 5218 591 5268 ut
606 5216 728 5267 videtur:
751 5228 831 5266 4444444
849 5229 907 5265 nou.
926 5213 987 5264 ood.
1005 5215 1081 5264 Parc.
1100 5213 1243 5271 Torrentii;
1269 5227 1329 5263 44444.
1346 5214 1488 5264 4444444444
1508 5217 1539 5276 S;
1566 5218 1600 5268 ci.

270 5293 354 5347 Tacit.
370 5291 540 5354 tristare.
560 5317 588 5327 -
608 5292 648 5342 ll.
667 5291 872 5342 moenie:
890 5289 1129 5339 4444444440-
1149 5288 1189 5338 48.
1207 5289 1600 5350 mesmes-ettonis

272 5393 301 5407 -
316 5367 473 5432 4444444444
488 5367 509 5417 'l'
527 5391 554 5401 -
572 5371 601 5417 44
616 5379 674 5417 444444
689 5367 723 5426 Τ;
741 5371 770 5416 44
784 5378 842 5416 men
858 5365 915 5415 sine
932 5366 1067 5414 commate
1085 5364 1120 5422 0,
1139 5363 1184 5425 qui
1200 5375 1257 5412 4444
1273 5374 1323 5426 pro
1339 5365 1535 5428 praepositione
1552 5367 1603 5416 ha-

270 5442 344 5505 ball,
361 5445 393 5494 ut
408 5443 490 5493 etiam
506 5440 654 5504 Seytlertus
671 5454 697 5505 p.
710 5439 743 5492 46
759 5453 815 5505 sq.;
835 5442 862 5490 at
879 5438 1019 5489 eiorden.
1033 5439 1059 5487 in
1075 5437 1247 5500 2444444464
1262 5437 1413 5489 distiterit.
1428 5439 1604 5505 Wmeurctost

270 5516 337 5570 4646
354 5530 381 5582 p.
395 5515 469 5570 4444.
485 5540 513 5551 -
532 5515 573 5566 te.
591 5515 947 5566 44444444444444444444-
966 5513 1104 5563 etmeoT:
1122 5526 1177 5564 meo
1193 5513 1286 5564 440-
1304 5514 1345 5564 44).
1363 5512 1524 5564 manae:
1542 5515 1603 5565 lecto

271 5592 302 5654 6,
319 5590 403 5654 auu,
426 5589 577 5653 borean,
604 5589 666 5641 add.
685 5591 750 5641 vett.
777 5590 816 5642 Cl.
834 5589 869 5639 ad
892 5601 931 5638 or.
950 5588 976 5637 44
999 5588 1057 5638 Cat.
1075 5588 1101 5649 l,
1119 5587 1144 5652 5.
1162 5588 1187 5638 6.
1210 5613 1238 5624 -
1264 5587 1306 5638 2¹3.
1322 5587 1596 5650 4444444446-

271 5664 313 5718 il.
330 5667 516 5718 termam
531 5667 567 5728 Τ,
585 5667 672 5726 Pero,
691 5668 802 5727 Genea,
819 5663 928 5716 lamb:
947 5664 1137 5714 instituerentur
1151 5664 1246 5715 440-
1261 5676 1323 5714 44444
1339 5674 1392 5712 om.
1405 5663 1425 5712 B
1438 5689 1473 5700 —
1488 5662 1530 5714 44.
1547 5663 1604 5712 4444-

270 5737 1605 5805 ΜΒ-4444444ς4414444Β80-4444444444ς444444444446-4494444444446ε4444444444

271 5815 308 5879 Ι,
326 5813 406 5867 codd
425 5815 530 5867 Gruterl
551 5819 579 5867 et
594 5817 674 5881 begs.
696 5827 790 5869 omnes
809 5843 836 5854 -
860 5811 1132 5879 4444444446,4144ε
1154 5810 1487 5877 egomenum
1501 5811 1553 5864 alli.
1573 5839 1600 5848 -

271 5888 315 5941 46.
333 5890 567 5955 4444444444
585 5891 798 5956 4444444440.
822 5888 862 5942 ct.
880 5901 920 5940 or.
937 5887 1015 5939 verr.
1032 5888 1065 5951 v,
1083 5900 1108 5939 o.
1125 5887 1231 5952 mi.
1251 5912 1279 5926 -
1296 5885 1501 5941 4444444444.
