3800 7350
694 1204 1198 1295 m.x1-xn.sgao-ae.
1506 1199 1602 1268 rus

284 1383 447 1447 daverunt.
479 1380 539 1443 Ubi
561 1399 636 1463 ergo
656 1380 710 1444 ille
732 1383 823 1444 mosi
844 1379 898 1445 ubi
918 1378 1115 1444 consuetudo
1135 1379 1345 1444 iudiciorum?
1366 1377 1421 1441 ubi
1436 1374 1602 1461 exemplat

283 1475 372 1539 Solet
392 1474 420 1537 is
443 1472 548 1537 dicere
571 1474 605 1537 in
627 1494 716 1550 eum,
746 1474 803 1558 qui
824 1475 990 1558 pecuniam
1011 1473 1148 1557 redegit,
1174 1474 1228 1557 qui
1250 1474 1284 1536 in
1304 1473 1409 1548 illum,
1430 1470 1521 1535 cuius
1542 1488 1601 1533 no·

283 1569 368 1632 mine
391 1588 428 1631 ea
450 1568 584 1650 pecunia
605 1567 814 1651 redigeretur,
836 1588 902 1631 non
916 1568 1052 1632 dixerit:
1089 1564 1139 1630 32.
1161 1570 1227 1650 Age
1248 1569 1275 1631 si
1298 1567 1335 1641 is,
1358 1566 1413 1648 qui
1431 1585 1496 1629 non
1510 1563 1602 1639 dixit,

283 1661 374 1734 solet,
396 1661 532 1725 etiamne
554 1662 582 1724 is
597 1661 695 1736 solet,
719 1662 774 1744 qui
797 1661 957 1725 laudavit?
978 1661 1082 1726 lsdem
1105 1663 1237 1726 testibus
1255 1669 1286 1725 at
1302 1660 1429 1743 quidem
1443 1679 1507 1725 uon
1528 1675 1603 1743 pro·

283 1755 400 1828 ductis,
423 1753 479 1817 sed
501 1754 593 1818 dictis
614 1757 740 1819 testium
761 1755 917 1830 recitatis,
939 1756 1032 1840 quasi
1052 1756 1265 1839 praeiudicata
1286 1776 1337 1819 res
1358 1754 1397 1818 ad
1418 1755 1476 1818 bas
1492 1767 1627 1817 causare

283 1848 398 1912 deterri
427 1848 519 1913 solet.
560 1848 632 1910 xit.
654 1849 694 1911 lit
722 1850 766 1912 ait
787 1848 881 1912 etiam
903 1869 993 1912 mans
1013 1849 1178 1913 familiaris
1200 1857 1231 1913 et
1251 1849 1449 1913 necessarius
1471 1847 1604 1910 eandem

282 1963 407 2007 causam
428 1942 652 2007 Alexandrinis
679 1941 795 2016 tuisse,
825 1963 881 2007 cur
901 1941 1066 2007 laudarent
1087 1942 1272 2018 Gabinium,
1298 1963 1379 2027 quae
1401 1940 1478 2004 mibi
1498 1938 1605 2013 tuerit,

283 2056 339 2100 cur
368 2057 441 2100 eum
472 2036 684 2099 defenderem.
721 2036 812 2111 ldibi,
843 2036 875 2099 C.
898 2038 1041 2112 Memmi,
1071 2057 1167 2101 causa
1187 2036 1377 2100 defendendi
1399 2033 1523 2097 Gabinii
1543 2031 1606 2095 luit

284 2130 498 2194 reconciliatio
520 2131 653 2213 gratiae:
675 2150 781 2212 neque
803 2149 853 2192 me
877 2150 951 2193 vero
974 2134 1113 2213 paenitet
1133 2131 1282 2195 mortales
1304 2129 1501 2201 inimicitias,
1522 2146 1605 2191 sem·

282 2224 421 2308 piternas
443 2224 597 2287 amicitias
618 2223 744 2287 babere.
776 2220 827 2286 33.
849 2225 928 2286 Nam
949 2225 977 2287 si
999 2243 1049 2286 me
1071 2225 1202 2288 invitum
1217 2231 1326 2307 putas,
1349 2243 1389 2286 ne
1405 2223 1461 2286 Cu.
1475 2219 1642 2304 Pompeiis
1714 2238 1716 2248 ·

282 2318 422 2380 animum
452 2317 664 2392 offenderem,
694 2316 874 2381 defendisse
905 2313 1074 2401 [causam],
1104 2326 1136 2381 et
1163 2319 1253 2382 illum
1279 2326 1311 2381 et
1331 2336 1381 2380 me
1403 2316 1607 2380 vehementer

282 2412 418 2493 ignoras.
454 2413 564 2494 Neque
587 2412 670 2474 enim
691 2412 859 2495 Pompeius
881 2431 932 2475 me
954 2430 1011 2473 sua
1032 2431 1127 2475 causa
1141 2411 1315 2496 quidquam
1335 2410 1439 2475 facere
1453 2409 1608 2474 voluisset

283 2506 431 2579 invitum,
454 2524 559 2589 neque
582 2524 652 2588 ego,
674 2505 724 2568 cui
746 2505 887 2569 omnium
902 2505 1018 2569 civium
1038 2505 1166 2569 libertas
1181 2506 1342 2570 carissima
1355 2504 1483 2579 luisset,
1504 2523 1607 2566 meam

283 2599 497 2682 proiecissem.
532 2599 608 2670 Nec,
634 2618 728 2682 quam
751 2599 806 2662 diu
828 2598 1061 2663 inimicissimus
1077 2599 1211 2663 Gabinio
1231 2598 1293 2674 tui,
1315 2619 1380 2663 non
1400 2597 1607 2662 amicissimus

276 2688 360 2756 'mihi
381 2691 549 2775 Pompeius
570 2692 646 2756 tuit:
671 2713 747 2768 nec,
767 2700 975 2777 posteaquam
998 2691 1083 2756 illius
1097 2691 1284 2756 auctoritate
1299 2712 1369 2757 eam
1384 2693 1458 2756 dedi
1472 2691 1607 2766 veniam,
1616 2708 1645 2757 ts

283 2805 377 2869 quam
410 2785 522 2858 debui,
554 2785 728 2870 quidquam
757 2786 903 2850 simulate
931 2787 995 2868 egi,
1029 2806 1069 2851 ne
1098 2806 1170 2849 cum
1199 2806 1269 2849 mea
1291 2788 1423 2870 perfidia
1442 2787 1490 2852 illi
1512 2787 1607 2851 etiam

282 2880 344 2962 ipsi
372 2879 526 2969 lacerem,
555 2879 606 2942 cui
635 2878 823 2943 beneficium
850 2880 1026 2953 dedissem,
1057 2880 1216 2944 iniuriam.
1250 2882 1330 2945 Nam
1358 2902 1423 2945 non
1445 2878 1616 2945 redeundo

281 2974 315 3036 in
338 2971 469 3055 gratiam
493 2992 563 3036 cum
587 2972 715 3037 inimico
736 2994 801 3037 non
822 2973 978 3037 violabam
1000 2973 1201 3057 Pompeium:
1229 2975 1257 3041 ei
1285 2995 1343 3058 per
1367 2995 1439 3039 eum
1460 2974 1608 3038 reductus

284 3067 437 3130 insidiose
459 3066 629 3141 redissem,
651 3087 701 3130 me
724 3068 843 3130 scilibet
863 3068 1014 3142 maxime,
1037 3067 1093 3131 sed
1116 3069 1260 3149 proxime
1273 3068 1362 3133 illum
1378 3089 1506 3153 quoque
1519 3064 1609 3130 telel-

283 3161 400 3224 lissem.
443 3156 493 3221 at.
515 3162 556 3223 At
586 3159 626 3223 de
660 3179 709 3224 ma
742 3161 940 3224 omittamus:
974 3159 1014 3224 ad
1041 3161 1273 3225 Alexandrinos
1300 3165 1378 3226 istos
1404 3170 1646 3226 revertamur„

283 3251 378 3330 Quod
399 3253 517 3317 babent
539 3254 594 3316 osl
618 3274 716 3337 quam
736 3252 917 3317 audaciam!
939 3254 1035 3318 blodo
1055 3255 1145 3318 vobis
1167 3255 1415 3338 inspectantibus
1435 3256 1469 3318 in
1490 3254 1608 3318 iudicio

284 3347 410 3411 Gabinii
440 3348 534 3410 tertio
566 3366 694 3431 quoque
723 3347 820 3411 verbo
842 3347 1077 3411 excitabantur:
1108 3348 1265 3431 negabant
1285 3349 1453 3432 pecuniam
1474 3347 1609 3411 Gabinio

287 3440 402 3504 datam
434 3441 632 3504 Recitabatur
645 3441 816 3504 identidem
832 3441 961 3523 Pompei
978 3441 1205 3516 testimonium,
1219 3461 1325 3525 regem
1340 3443 1381 3506 ad
1395 3463 1429 3506 sa
1445 3439 1609 3524 scripsisse

284 3535 403 3597 nullam
425 3536 592 3617 pecuniam
609 3535 743 3598 Gabinio
763 3535 824 3597 nisi
844 3535 958 3597 iurem
974 3535 1140 3598 militarem
1155 3534 1270 3598 datam.
1305 3538 1393 3599 eNon
1410 3543 1472 3610 est,
1493 3533 1609 3619 inquit,

283 3636 349 3692 tum
379 3627 601 3691 Alexandrinis
634 3628 769 3691 testibus
801 3627 983 3692 creditum.»
1022 3627 1107 3704 Quid
1129 3633 1262 3711 posteat
1298 3629 1462 3695 «creditur
1492 3648 1647 3697 nunctis

286 3724 388 3798 Quam
411 3722 452 3785 ob
474 3725 563 3786 rem‘t
588 3721 690 3798 «Quia
705 3742 789 3785 nunc
803 3723 905 3797 aiunt,
928 3722 1014 3806 quod
1030 3731 1105 3785 tunc
1118 3723 1304 3806 negabant»
1342 3721 1393 3787 35.
1409 3724 1492 3800 Quid
1508 3725 1608 3806 ergo?

284 3818 346 3880 ista
369 3815 508 3880 conditio
531 3824 579 3879 est
600 3817 745 3891 testium,
767 3824 815 3890 ut,
838 3817 953 3901 quibus
971 3816 1123 3880 creditum
1147 3819 1270 3880 nonsit
1288 3818 1486 3901 negantibus,
1508 3816 1609 3881 isdem

284 3911 429 3974 credatur
450 3910 628 3974 aientibus?
650 3914 704 3985 At,
727 3910 754 3973 si
776 3930 883 3974 verum
906 3919 981 3974 tune
1003 3911 1200 3974 severissima
1220 3911 1323 3975 fronte
1340 3910 1502 3985 dixerunt,
1524 3929 1609 3974 nunc

350 4183 374 4230 i.
391 4179 432 4229 itte
448 4178 567 4229 Ernestic
583 4179 749 4241 suspectum.
769 4203 796 4213 -
820 4179 845 4229 Ξ.
863 4179 944 4230 robiis
961 4179 1003 4230 vet
1020 4180 1080 4230 :obt
1096 4181 1118 4230 ir
1134 4180 1227 4231 codd:
1251 4181 1342 4231 aletae
1357 4181 1379 4231 ie
1394 4181 1415 4231 0
1432 4204 1459 4215 —
1477 4179 1610 4242 accurtato

285 4258 344 4321 Gtti
355 4269 387 4305 v:
404 4255 511 4318 maceio
528 4255 548 4303 C
567 4278 594 4288 -
612 4253 706 4315 redegit
723 4254 882 4316 Naugerius:
901 4267 956 4305 om.
974 4256 1042 4313 CG:
1062 4255 1120 4307 tort.
1139 4257 1183 4318 qui
1198 4255 1277 4319 coegit
1290 4257 1423 4318 genuine:
1440 4282 1467 4295 -
1486 4258 1547 4319 quie
1562 4257 1609 4307 lis

285 4333 307 4381 V
324 4335 352 4382 et
367 4329 384 4381 l
400 4332 464 4380 011.
485 4355 511 4366 —
535 4329 559 4378 3.
577 4328 599 4378 :i
615 4328 642 4377 id
657 4329 675 4378 S
700 4354 727 4364 -
750 4330 775 4377 e.
793 4329 898 4394 tertium]
921 4344 1008 4380 eoram
1024 4330 1115 4383 maluit
1130 4332 1267 4391 Garatoni,
1290 4337 1389 4382 tantun
1408 4332 1550 4386 Patricius:
1574 4343 1609 4382 aa

285 4409 382 4458 testim:
398 4404 484 4470 glossa
502 4405 563 4455 est‘t
580 4428 607 4438 -
624 4404 776 4466 prdudicod
792 4405 809 4454 S
828 4431 855 4442 -
875 4407 899 4455 6.
917 4406 1027 4468 contari
1043 4406 1077 4463 E:
1100 4406 1197 4469 adseri
1213 4405 1362 4457 Turnebus.
1388 4409 1450 4458 Post
1468 4407 1529 4457 rotet
1544 4407 1565 4457 0
1582 4407 1611 4457 el

285 4481 358 4533 Klotz
376 4479 444 4532 male
460 4480 565 4542 signum
582 4479 791 4541 interrogationis
807 4479 859 4529 iam
877 4480 1028 4531 aTurnebo
1045 4479 1180 4532 sublatum
1196 4478 1305 4531 babent.
1324 4479 1407 4540 :Quid
1420 4479 1517 4532 clarius
1528 4492 1609 4543 quem

285 4556 396 4608 Tullium
418 4554 521 4616 dicere,
545 4567 604 4605 rem
627 4554 833 4618 praeiudicatum
851 4556 969 4618 quodam
987 4556 1066 4607 modo
1084 4569 1117 4606 ex
1133 4557 1271 4620 superiore
1288 4556 1496 4620 repetundarum
1513 4554 1609 4606 iudicio

286 4632 320 4683 ad
336 4632 388 4682 boc
405 4643 470 4692 «quo
485 4643 516 4680 ec
528 4630 637 4690 pecunia
650 4630 805 4692 peeenes·
823 4629 921 4681 deterri
938 4631 1024 4682 solere
1042 4645 1075 4682 ex
1096 4632 1128 4682 iis
1144 4645 1213 4695 quae
1230 4633 1313 4682 testes
1332 4632 1358 4681 in
1375 4630 1417 4681 iilo
1435 4631 1530 4681 iudicio
1547 4632 1609 4680 ante

285 4707 410 4764 dixerint,
427 4709 457 4755 ut
474 4718 507 4754 ne
524 4704 704 4769 producantur
720 4704 827 4768 quidem
846 4706 956 4765 iterum,
980 4706 1028 4758 sed
1051 4720 1144 4758 eorum
1167 4706 1317 4758 testimonia
1335 4719 1367 4756 as
1384 4705 1480 4757 tabulis
1497 4702 1609 4770 publicis

285 4783 456 4833 recitentur.»
478 4781 613 4829 Gaurani.
633 4806 661 4816 -
680 4780 704 4829 t.
724 4780 906 4830 mardrinos
922 4783 941 4833 U
960 4805 987 4818 -
1007 4781 1062 4846 cur]
1079 4787 1107 4831 ut
1123 4783 1140 4832 S
1159 4809 1185 4820 -
1202 4782 1280 4846 [uait
1295 4783 1439 4833 Manutius:
1461 4782 1544 4843 {aaa
1560 4793 1609 4830 co-

286 4858 367 4908 dices.
380 4882 415 4894 -
431 4856 455 4905 8.
467 4867 524 4905 eum
534 4854 688 4917 detruderent
703 4855 814 4918 scripsi:
832 4855 936 4904 eunden
947 4854 1079 4920 (mrtem)
1091 4858 1244 4914 &senam
1255 4856 1333 4906 codd.
1346 4860 1374 4907 et
1386 4856 1406 4906 Ο
1419 4881 1446 4891 -
1465 4855 1575 4906 Merranii
1591 4855 1609 4904 S

288 4959 314 4970 υ-
334 4934 374 4983 40.
393 4930 517 4981 ωηύοίιίαε
532 4942 619 4994 gerere
639 4927 731 4979 maluit
747 4929 839 4980 bamb.
860 4955 887 4966 -
911 4931 1011 4992 Pompei
1029 4931 1064 4981 E:
1085 4933 1193 4994 Pompeii
1209 4934 1229 4982 0
1249 4958 1276 4970 -
1300 4933 1340 4982 tt.
1358 4944 1462 4982 caueam
1477 4930 1610 4992 &tendas

286 5012 318 5066 G:
339 5007 472 5070 detondere
488 5010 511 5055 et
527 5017 630 5054 caueam
647 5002 751 5064 bamb:
775 5005 882 5055 Weiske
904 5007 1057 5068 genetivum
1074 5007 1108 5057 ad
1124 5021 1228 5057 cumam
1245 5006 1418 5067 desideravit,
1440 5005 1489 5056 sed
1505 5005 1611 5055 videtur

285 5086 372 5148 potius
391 5094 495 5131 coucam
516 5080 648 5144 glossema
672 5093 741 5131 esse.
759 5107 793 5117 -
813 5080 853 5130 tt.
872 5081 970 5131 Neon
981 5096 1031 5132 noe
1047 5083 1122 5132 amic.
1139 5084 1201 5132 moi
1215 5083 1242 5132 P.
1260 5082 1308 5143 {uit
1323 5081 1440 5143 Madvig:
1462 5094 1513 5130 noo
1533 5081 1609 5132 amic.

284 5160 346 5207 mila
360 5172 410 5208 eoa
427 5159 453 5208 P.
471 5157 521 5218 {cii
538 5156 603 5217 (sine
619 5155 678 5216 Nec)
696 5153 774 5204 codd.
794 5157 822 5204 et
838 5155 858 5205 Ο
877 5180 903 5189 -
923 5156 963 5206 ts.
982 5169 1087 5220 aeaego
1103 5162 1268 5219 percoquam
1284 5153 1331 5206 Ed.
1351 5155 1495 5207 Wurmius.
1513 5181 1541 5192 -
1560 5169 1611 5205 aa·

286 5233 397 5283 claritati
414 5231 433 5281 0
452 5244 484 5281 ex
502 5229 593 5281 bamb.
613 5231 692 5289 coni..
711 5233 740 5279 ut
756 5231 808 5281 iarn
827 5230 852 5279 in
869 5231 891 5280 V
908 5244 967 5295 sup.
986 5230 1031 5281 lin.
1050 5234 1098 5281 est.
1111 5258 1145 5268 -
1162 5231 1201 5281 tc.
1219 5231 1334 5281 ommate
1348 5230 1388 5293 egi
1404 5230 1514 5294 scripsi:
1532 5231 1612 5280 dm*

286 5310 336 5356 iate
357 5305 452 5362 codd:
473 5305 590 5354 :immoni
612 5304 632 5354 0
653 5317 714 5354 cum
737 5306 802 5355 lunt.
823 5332 851 5342 -
874 5320 919 5356 uec
939 5321 997 5356 cum
1019 5308 1096 5356 ESV
1117 5332 1144 5343 -
1171 5307 1211 5357 ts.
1229 5318 1326 5369 quoque
1347 5305 1394 5357 Sl]
1411 5309 1439 5354 et
1454 5318 1524 5356 corr.
1543 5305 1609 5355 GV:

287 5394 359 5444 quom
375 5380 468 5439 EGV,
487 5382 502 5431 a
520 5379 583 5429 Oxx.
603 5405 632 5415 -
651 5380 691 5429 20.
710 5380 756 5428 isto
772 5379 794 5428 V
812 5404 839 5414 -
858 5381 900 5429 it.
918 5381 1004 5444 gabini
1022 5382 1041 5432 Ε
1059 5407 1086 5418 -
1106 5381 1147 5432 25.
1166 5387 1219 5431 tum
1235 5383 1294 5433 su:
1313 5393 1370 5431 cum
1386 5380 1450 5441 EV,
1469 5380 1485 5431 i
1502 5381 1565 5431 011.
1580 5405 1607 5418 -

286 5455 404 5519 creditor]
421 5453 560 5504 creditum?
576 5453 619 5503 vb
637 5457 664 5503 et
681 5455 691 5503 t
708 5455 804 5510 oxon:
823 5455 937 5504 credam
947 5457 1118 5506 Manutius-
1136 5469 1203 5506 suec
1218 5457 1363 5508 Manutius:
1382 5470 1432 5505 ece
1449 5453 1527 5505 codd.
1540 5454 1611 5517 (quid

284 5529 390 5594 postea?
405 5530 525 5579 creatura
537 5529 669 5587 Muretus;
688 5527 767 5589 qaid?
779 5533 866 5589 posteo
876 5530 1044 5580 ammaum?
1059 5545 1110 5581 noe
1120 5531 1327 5592 Hotomanusl-
1340 5531 1382 5581 26.
1394 5536 1448 5580 tam
1459 5530 1511 5588 Es,
1524 5528 1609 5580 lou.

288 5631 315 5641 -
336 5607 405 5665 Quae
420 5617 479 5667 ergo
495 5606 544 5654 ists
560 5604 606 5654 Ox.
620 5604 656 5665 il,
675 5608 704 5653 ut
720 5601 802 5653 voluit
817 5606 959 5662 Patricius:
979 5605 1062 5667 Ouid?
1079 5620 1137 5671 ergo
1153 5609 1202 5657 iria
1218 5606 1310 5658 bamb.
1330 5633 1357 5644 -
1376 5607 1418 5657 ta.
1434 5604 1555 5656 maora
1571 5605 1611 5654 vir

287 5679 381 5730 doctus
398 5680 487 5730 nescio
505 5679 578 5742 quis:
597 5678 730 5728 dicmtibaa
746 5677 824 5729 codd.
838 5681 866 5728 at
876 5680 905 5730 0.
924 5681 966 5730 Sic
977 5679 1055 5745 paulo
1068 5685 1158 5732 antea:
1178 5684 1240 5743 qaia
1254 5696 1321 5732 eoae
1336 5683 1408 5732 otuu
1424 5681 1490 5744 quod
1506 5685 1611 5730 tunes

286 5756 392 5819 gaiam:
412 5753 445 5804 de
458 5755 593 5818 participio
605 5757 695 5804 autem
708 5752 740 5803 ct.
751 5753 806 5804 Cic.
820 5755 908 5818 Topic.
922 5755 937 5818 5
950 5754 1024 5806 i9.-
1037 5757 1155 5806 dcerunt
1166 5763 1224 5808 teste
1234 5758 1390 5808 mamertino
1399 5757 1481 5820 (roste
1491 5755 1610 5804 diccunt

286 5832 445 5894 Madvigius:
463 5831 485 5879 si
500 5841 587 5879 cenem
602 5835 664 5890 tran,
678 5843 736 5879 com
746 5830 875 5880 aeduino
886 5829 977 5891 trena,
989 5831 1108 5881 dicerem
1118 5832 1196 5883 codd.
1209 5834 1237 5882 et
1247 5832 1280 5891 03
1299 5833 1463 5883 Hotomanus
1474 5832 1536 5894 post
1546 5835 1608 5890 tren,

285 5904 378 5957 bamb.
391 5906 452 5970 post
462 5916 550 5957 wear
560 5903 674 5956 alterum
684 5906 804 5956 dcerunt
813 5902 949 5958 addebant
960 5906 1122 5972 (mevam
1136 5907 1191 5960 tam
1201 5907 1364 5960 Hotomanus
1375 5908 1403 5960 et
1413 5901 1574 5966 Gulielmns).
