3800 7350
301 1193 384 1262 troi
500 1159 676 1265 'omaro
698 1199 777 1265 mo
801 1199 863 1265 cu.
884 1198 1056 1265 rmucro
1079 1199 1151 1264 css.
1173 1199 1269 1262 xcu.
1291 1193 1400 1280 proi.

300 1377 437 1444 vestros,
466 1368 602 1432 inimicis
629 1369 726 1443 meis,
755 1370 794 1432 iis
823 1370 1026 1453 praesertim,
1058 1387 1138 1451 quos
1161 1388 1220 1451 ego
1242 1388 1298 1451 pro
1320 1374 1423 1430 vestra
1445 1366 1546 1429 salute
1568 1385 1623 1428 su.

300 1465 403 1547 scepi,
426 1463 500 1527 (lare
521 1463 673 1525 laetitiam
695 1464 903 1547 gloriantibus
925 1482 982 1526 vos
1001 1463 1066 1525 iam
1083 1462 1198 1526 oblitos
1212 1464 1273 1525 mei
1289 1461 1398 1525 salutis
1414 1460 1500 1534 eius,
1522 1480 1623 1544 aquo

300 1575 370 1619 mea
391 1557 475 1620 salus
497 1563 681 1620 conservata
702 1565 765 1631 est,
793 1555 902 1620 hostes
925 1557 1102 1630 exstitisse3
1125 1556 1223 1618 nolite
1244 1555 1383 1617 animum
1406 1574 1511 1617 meum
1534 1553 1624 1615 debi-

298 1649 389 1713 litare
416 1670 488 1713 eum
515 1650 617 1725 luctu,
649 1658 714 1713 tum
745 1652 840 1714 etiam
866 1660 951 1714 metu
980 1656 1188 1714 commutatae
1210 1658 1331 1712 vestrae
1353 1648 1524 1712 voluntatis
1546 1640 1643 1729 ergax

276 1756 368 1818 sme;
391 1743 483 1806 sinite
505 1762 572 1817 me,
594 1743 681 1828 quod
703 1745 791 1809 vobis
812 1745 910 1808 fretus
931 1744 1006 1807 huic
1028 1763 1122 1827 saepe
1145 1744 1291 1825 promisi,
1313 1741 1345 1806 id
1360 1763 1379 1805 a
1393 1742 1484 1805 vobis
1500 1742 1528 1805 ei
1548 1761 1622 1825 per-

299 1837 430 1901 solvere.
475 1832 545 1899 lOl.
568 1838 692 1921 Teque,
722 1838 755 1901 C.
777 1839 888 1914 Flave,
916 1859 972 1902 oro
995 1846 1026 1901 et
1048 1839 1204 1913 obtestor,
1231 1838 1285 1921 qui
1309 1857 1449 1900 meorum
1473 1836 1623 1901 consilio-

297 1951 365 1994 rum
387 1932 421 1993 iu
443 1931 610 1994 consulatu
633 1933 747 2006 socius,
769 1932 983 2015 periculorum
998 1933 1166 2014 particeps,
1182 1951 1286 1994 rerum
1302 1950 1380 2012 quas
1397 1929 1480 2011 gessi
1495 1927 1624 1991 adiutor

297 2022 385 2087 luisti
408 2042 523 2107 meque
545 2039 610 2087 non
632 2024 727 2089 modo
748 2025 870 2089 salvum
892 2043 1026 2108 semper,
1048 2025 1103 2087 sed
1126 2027 1220 2089 etiam
1233 2030 1377 2087 ornatum
1393 2021 1622 2104 florentemque

298 2137 370 2180 esse
391 2117 534 2193 voluisti,
557 2125 593 2181 ut
613 2117 690 2181 mihi
712 2139 769 2202 per
789 2119 849 2182 hos
870 2136 1039 2181 conserves
1060 2135 1148 2192 eum,
1170 2137 1342 2201 perquem
1365 2137 1415 2178 me
1437 2115 1494 2178 tibi
1517 2114 1621 2178 ethis

263 2227 289 2273 to
297 2219 518 2275 conservatum
540 2211 640 2275 vides.
678 2212 772 2275 Plura
793 2233 835 2276 ne
856 2211 957 2274 dicam
989 2218 1061 2273 tuae
1089 2230 1138 2273 me
1160 2211 1255 2274 etiam
1277 2211 1423 2273 lacrimae
1442 2207 1623 2293 impediunt

296 2314 500 2389 vestraeque,
529 2305 666 2379 iudices,
688 2323 752 2368 nou
775 2306 879 2369 solum
900 2323 1007 2378 meae,
1030 2303 1144 2386 quibus
1167 2324 1226 2387 ego
1247 2322 1363 2385 magno
1384 2304 1417 2365 in
1439 2309 1525 2365 metu
1549 2320 1622 2364 meo

298 2400 404 2462 subito
431 2397 565 2462 inducor
593 2399 627 2461 in
656 2417 762 2481 spem,
789 2418 845 2461 vos
867 2397 997 2462 eosdem
1019 2398 1051 2460 in
1073 2397 1135 2460 lioc
1157 2396 1374 2461 conservando
1396 2396 1535 2468 futuros,
1564 2395 1621 2478 qui

297 2490 421 2554 tueritis
442 2491 477 2553 in
499 2512 565 2568 me,
587 2494 738 2577 quoniam
760 2492 829 2555 istis
851 2492 965 2555 vestris
987 2490 1124 2555 lacrimis
1146 2491 1186 2555 de
1201 2492 1265 2555 illis
1279 2489 1444 2565 recordor,
1467 2508 1547 2572 quas
1562 2507 1622 2570 pro

226 2593 230 2601 '
298 2605 348 2649 me
371 2605 466 2669 saepe
488 2594 520 2650 et
541 2586 674 2650 multum
695 2584 891 2670 profudistis.

360 2866 386 2915 ἱ.
404 2864 490 2916 oblitos
504 2878 574 2915 mm
588 2863 676 2914 saw
691 2864 756 2924 usu,
774 2877 792 2912 o
808 2876 858 2924 quo
873 2869 1022 2914 commota
1037 2869 1087 2926 est,
1105 2864 1183 2913 hostes
1193 2862 1313 2912 notitam
1323 2862 1419 2911 flavius
1430 2862 1491 2910 var.
1506 2861 1587 2910 lectt.
1599 2863 1621 2911 tt

296 2953 324 3005 p.
343 2941 398 2991 tii.
419 2969 445 2977 -
465 2941 490 2991 3.
508 2941 583 2990 muts
600 2942 620 2991 Τ
638 2966 665 2976 -
685 2938 709 2991 l.
728 2952 785 2988 men
801 2939 835 2989 T:
853 2944 907 2989 tum
922 2939 972 2989 ΕΟ
992 2967 1019 2976 -
1038 2951 1154 3002 erperae
1171 2935 1282 2987 delenda
1302 2939 1395 2986 censet
1411 2938 1506 2986 Ravius
1523 2935 1540 2985 l.
1558 2934 1575 2985 l.
1590 2962 1619 2973 -

295 3018 321 3067 a.
338 3016 429 3078 sepe'l
449 3043 476 3052 -
498 3017 524 3065 6.
541 3016 618 3065 Flave
634 3016 803 3065 Garatoutus:
824 3015 888 3078 aare
904 3015 953 3065 TE
972 3043 999 3052 -
1018 3017 1058 3065 ⁴0.
1077 3014 1185 3064 Piorum
1201 3012 1301 3062 dicam?
1320 3013 1386 3062 Tuae
1402 3012 1422 3061 E
1439 3038 1473 3048 -
1494 3011 1624 3072 inpediunt

295 3090 316 3139 Τ
333 3116 361 3125 -
380 3088 421 3140 tl.
438 3103 495 3153 sepe
510 3089 530 3138 Τ
548 3114 575 3124 -
591 3089 710 3152 prodistis
725 3090 784 3140 Τ-
803 3088 914 3151 Explicit
930 3091 974 3140 ott.
992 3091 1028 3140 u.
1049 3090 1074 3140 T.
1091 3090 1118 3141 C.
1133 3102 1182 3152 pro
1199 3085 1247 3139 Gi.
1264 3088 1354 3151 placeo
1370 3087 1404 3147 E;
1423 3085 1621 3151 subscriptione

295 3168 369 3217 caret
384 3166 413 3216 Τ.
