3800 7350
304 1161 388 1229 tt72
642 1162 793 1226 ORATIO
815 1163 894 1227 PRO
917 1164 954 1226 T.
975 1161 1101 1225 ANNIO
1123 1161 1280 1226 MILONE

302 1336 358 1397 sed
381 1334 504 1405 dicam,
526 1337 562 1392 ut
583 1332 700 1405 sentio,
723 1332 852 1394 iudices.
885 1331 985 1393 Nimis
1008 1331 1105 1394 multa
1124 1330 1235 1393 audire
1250 1334 1527 1412 cogunturneque
1543 1325 1645 1390 aliter

301 1427 406 1492 iacere
434 1431 568 1509 possunt
597 1426 638 1497 ii,
668 1424 783 1507 quibus
814 1431 879 1487 tota
908 1424 1075 1487 commissa
1097 1432 1145 1486 est
1166 1442 1217 1485 res
1246 1422 1383 1506 publica.
1428 1420 1643 1496 Quinetiam

299 1520 360 1582 fuit
382 1517 559 1582 audiendus
582 1536 669 1599 popa
690 1517 830 1579 Licinius
853 1518 961 1579 nescio
977 1517 1031 1599 qui
1048 1517 1088 1578 de
1105 1517 1189 1578 circo
1204 1516 1355 1589 maximo,
1377 1535 1486 1579 servos
1504 1512 1644 1578 Milonis

300 1612 386 1694 apud
409 1632 444 1674 se
468 1611 573 1673 ebrios
596 1611 695 1672 iactos
725 1610 785 1672 sibi
809 1610 970 1671 confessos
993 1628 1063 1671 esse
1086 1610 1125 1671 de
1147 1606 1364 1671 interficiendo
1386 1609 1537 1691 Pompeio
1562 1626 1645 1671 con·

275 1705 440 1780 tiurasse3
464 1703 580 1765 deinde
603 1712 715 1784 postea
737 1722 772 1764 se
794 1701 900 1783 gladio
923 1721 1107 1785 percussum
1130 1720 1200 1763 esse
1222 1701 1261 1763 ab
1284 1720 1349 1763 uno
1365 1701 1406 1762 de
1426 1701 1507 1775 illis,
1529 1719 1575 1763 ne
1591 1699 1646 1761 in·

301 1797 429 1860 dicaret.
466 1796 618 1877 Pompeio
641 1797 674 1858 in
695 1795 804 1858 hortos
826 1794 1002 1869 nuntiavit;
1025 1813 1171 1856 arcessor
1191 1794 1224 1855 in
1247 1794 1376 1876 primis;
1401 1793 1441 1857 de
1462 1793 1644 1856 amicorum

300 1890 458 1952 sententia
479 1908 546 1950 rem
569 1887 670 1950 defert
692 1886 732 1949 ad
755 1895 909 1949 senatum.
947 1889 1018 1949 Non
1040 1896 1180 1970 poteram
1204 1886 1236 1947 in
1258 1885 1345 1949 iltius
1365 1886 1427 1948 mei
1450 1885 1645 1968 patriaeque

300 1982 440 2045 custodis
463 1989 550 2044 tanta
572 1981 755 2062 suspicione
777 2000 840 2042 non
863 1987 949 2042 metu
973 1979 1162 2050 exanimari,
1184 1978 1241 2040 sed
1263 1979 1401 2041 mirabar
1421 1986 1525 2042 tamen
1549 1974 1644 2041 credi

300 2095 419 2158 popae,
442 2074 676 2138 confessionem
698 2092 862 2135 servorum
884 2071 1004 2145 audiri,
1033 2072 1148 2133 vulnus
1169 2072 1203 2134 in
1226 2071 1341 2145 latere,
1365 2071 1452 2155 quod
1473 2089 1533 2134 acu
1557 2087 1645 2152 pun·

264 2175 387 2231 socrum
414 2166 590 2240 videretur,
624 2185 682 2247 pro
712 2166 777 2228 ictu
800 2165 983 2247 gladiatoris
1007 2164 1140 2246 probari.
1184 2161 1235 2226 66.
1257 2166 1392 2239 Verum,
1422 2171 1458 2227 ut
1478 2162 1643 2243 intelligo,

302 2260 432 2323 cavebat
462 2260 561 2342 magis
590 2259 759 2341 Pompeius
790 2276 885 2339 quam
915 2256 1062 2329 timebat,
1091 2275 1156 2318 non
1178 2275 1217 2319 ea
1239 2257 1360 2331 solum,
1390 2277 1472 2341 quae
1494 2252 1644 2319 timenda

302 2360 407 2426 erant,
431 2351 486 2414 sed
510 2351 632 2424 omnia,
661 2370 701 2413 ne
722 2370 777 2413 vos
800 2348 921 2432 aliquid
944 2348 1108 2412 timeretis.
1152 2347 1342 2432 oppugnata
1363 2349 1477 2413 domus
1500 2346 1535 2410 C.
1559 2346 1644 2409 (4444-

302 2445 399 2518 saris,
429 2443 594 2507 clarissimi
617 2450 649 2505 44
670 2442 833 2505 tortissimi
856 2442 932 2515 viri,
964 2461 1022 2522 per
1042 2440 1157 2503 multas
1178 2443 1283 2504 noctis
1304 2442 1399 2505 boras
1420 2441 1642 2505 nuntiabatur.

302 2539 403 2600 Nemo
424 2535 569 2598 audierat
590 2543 653 2599 tam
674 2534 791 2597 celebri
813 2534 902 2607 loco,
925 2554 1018 2596 nemo
1044 2542 1204 2609 senserat;
1226 2542 1332 2597 tamen
1348 2534 1543 2598 audiebatur.
1565 2535 1642 2596 Non

266 2637 443 2714 upoteram
459 2627 515 2689 Cn.
530 2628 726 2710 Pompeium,
749 2627 1019 2708 praestantissima
1033 2626 1148 2689 virtute
1166 2628 1282 2712 virum,
1305 2629 1448 2691 timidum
1464 2625 1642 2709 suspicari,

304 2720 502 2804 diligentiam
524 2727 590 2783 tota
612 2739 646 2781 re
668 2718 795 2803 publica
817 2727 964 2799 suscepta
985 2718 1116 2781 nimiam
1138 2718 1257 2782 nullam
1280 2721 1438 2802 putabam.
1473 2722 1642 2803 Frequen-

304 2815 426 2877 tissimo
449 2819 561 2875 senatu
583 2831 686 2895 nuper
706 2813 740 2874 in
763 2810 915 2893 Capitolio
938 2820 1065 2873 senator
1082 2812 1227 2876 inventus
1242 2821 1306 2886 est,
1328 2813 1384 2895 qui
1399 2813 1549 2876 Milonem
1565 2832 1641 2874 cum

304 2906 367 2970 telo
389 2925 460 2968 esse
482 2906 611 2968 diceret.
647 2904 785 2966 Nudavit
806 2924 840 2966 se
862 2905 895 2967 in
918 2904 1118 2966 sanctissimo
1141 2904 1276 2988 templo,
1308 2905 1458 2987 quoniam
1479 2905 1545 2968 vita
1565 2902 1642 2966 talis

305 3007 338 3062 et
366 2999 445 3063 civis
474 3006 506 3061 et
535 2997 595 3060 viri
624 2993 718 3060 fidem
740 3017 804 3060 non
825 2996 980 3070 faciebat,
1011 3003 1047 3059 ut
1068 3017 1106 3060 eo
1129 3005 1254 3061 tacente
1276 3018 1327 3060 res
1349 3000 1419 3080 ipsa
1440 2998 1641 3083 loqueretur.

266 3092 404 3155 aoXXV.
427 3087 479 3153 67.
502 3090 617 3153 Omnia
643 3089 722 3152 falsa
743 3098 840 3172 atque
862 3090 1016 3152 insidiose
1039 3086 1109 3152 licta
1132 3098 1294 3173 comperta
1315 3098 1397 3154 sunt.
1436 3090 1459 3170 †
1483 3090 1562 3154 Cum
1592 3096 1641 3152 ts·

305 3204 378 3247 men
399 3184 426 3247 si
449 3183 600 3247 metuitur
622 3182 716 3246 etiam
737 3203 823 3245 nuno
845 3182 937 3255 ltilo,
959 3202 1024 3244 non
1046 3183 1108 3245 iam
1130 3183 1192 3246 boc
1208 3182 1392 3247 Clodianum
1413 3183 1531 3247 crimen
1546 3183 1641 3245 time·

304 3296 390 3349 mus,
412 3276 468 3339 sed
490 3284 576 3350 tuas,
599 3275 654 3339 Cn.
678 3276 824 3361 Pompei,
846 3283 942 3337 -te
964 3275 1048 3338 enim
1070 3276 1132 3341 iam
1149 3277 1292 3359 appello,
1315 3286 1347 3341 et
1361 3298 1399 3341 ea
1414 3299 1508 3354 voce,
1530 3285 1566 3342 ut
1586 3296 1640 3340 me

305 3369 456 3433 exaudire
478 3370 597 3451 possis,
619 3376 769 3441 -tuas,
792 3377 875 3442 tuas,
897 3368 1043 3450 inquam,
1065 3370 1261 3452 suspiciones
1284 3369 1564 3452 perhorrescimus.
1603 3370 1638 3431 Si

305 3461 456 3524 ltilonem
477 3462 585 3534 times,
608 3462 634 3523 si
657 3462 742 3525 hunc
765 3462 804 3523 de
825 3468 880 3524 tua
901 3462 965 3523 vita
986 3461 1106 3524 nefarie
1128 3471 1184 3525 aut
1205 3483 1290 3525 nunc
1311 3464 1450 3545 cogitare
1468 3471 1524 3527 aut
1546 3462 1639 3525 moli·

267 3559 372 3615 autum
393 3554 565 3637 aliquando
587 3554 709 3636 aliquid
732 3562 836 3636 putas,
859 3554 887 3617 si
909 3553 1020 3618 ltaliae
1042 3553 1186 3629 dilectus,
1208 3562 1244 3617 ut
1264 3555 1423 3618 nonnulli
1442 3556 1639 3639 conquisito·

305 3664 356 3708 res
377 3648 422 3709 tui
444 3645 641 3720 dictitarunt,
672 3646 698 3708 si
721 3646 800 3709 haec
821 3666 924 3722 arma,
954 3647 981 3709 si
1005 3647 1201 3730 Capitolinae
1225 3646 1385 3723 cobortes,
1414 3648 1441 3711 si
1473 3646 1638 3721 excubiae,

305 3742 333 3803 si
355 3739 497 3822 vigiliae,
527 3739 554 3801 si
577 3739 693 3802 dilecta
721 3740 886 3815 iuventus,
913 3760 997 3823 qnae
1019 3748 1107 3804 tuum
1130 3760 1246 3823 corpus
1269 3740 1463 3823 domumque
1485 3739 1638 3813 custodit,

306 3840 417 3896 contra
437 3831 565 3895 Milonis
585 3831 739 3914 impetum
760 3840 880 3895 armata
903 3841 952 3897 est
976 3840 1072 3916 atque
1097 3833 1152 3896 illa
1174 3835 1281 3897 omnia
1302 3834 1335 3896 in
1358 3835 1444 3897 buno
1465 3853 1565 3896 unum
1588 3833 1638 3895 in·

305 3926 431 3999 stituta,
453 3931 579 4008 parata,
602 3924 724 3986 intenta
745 3932 832 3999 sunt,
854 3945 968 4008 magna
989 3927 1022 3987 in
1043 3925 1104 3987 boc
1125 3933 1210 3988 certe
1225 3926 1273 3987 vis
1296 3932 1329 3989 et
1350 3926 1546 3989 incredibilis
1567 3927 1639 3990 ani·

267 4029 375 4081 nomm
397 4025 429 4081 et
449 4036 514 4080 non
536 4017 632 4079 unius
654 4017 714 4079 viri
735 4018 819 4080 vires
848 4027 944 4102 atque
967 4038 1044 4101 opes
1066 4017 1262 4092 iudicantur,
1293 4020 1321 4081 si
1344 4019 1473 4101 quidem
1495 4020 1530 4082 in
1550 4018 1639 4081 buno

304 4131 402 4174 unum
436 4116 466 4173 et
498 4110 787 4193 praestantissimus
816 4111 882 4172 dux
912 4110 1032 4173 electus
1063 4118 1095 4172 et
1123 4119 1190 4173 tota
1218 4131 1270 4174 res
1292 4111 1418 4195 publica
1438 4118 1556 4175 armata
1578 4119 1638 4175 est.

305 4201 356 4266 68.
379 4201 443 4266 Sed
465 4202 535 4285 quis
565 4221 629 4264 non
657 4202 807 4284 intelligit
827 4223 937 4266 omnes
960 4203 1017 4265 tibi
1040 4204 1087 4265 rei
1110 4203 1255 4286 publicae
1278 4213 1383 4287 partes
1405 4224 1515 4287 aegras
1537 4211 1570 4268 et
1592 4204 1638 4269 la·

304 4297 431 4369 bantes,
452 4303 489 4357 ut
510 4313 564 4358 eas
585 4295 635 4357 bis
657 4295 752 4357 armis
774 4314 902 4358 sanares
924 4303 957 4358 et
978 4292 1196 4370 confirmares,
1218 4317 1288 4360 esse
1307 4297 1516 4361 commissas?
1539 4297 1637 4372 Quod

305 4390 332 4451 si
354 4388 445 4450 locus
466 4386 578 4451 Miloni
599 4387 692 4449 datus
715 4396 816 4462 esset,
845 4388 1012 4470 probasset
1033 4388 1176 4470 profecto
1199 4389 1357 4472 tibiipsi,
1386 4391 1545 4454 neminem
1566 4409 1638 4453 unn-

372 4621 395 4669 i.
414 4622 538 4683 coponius
553 4617 643 4667 444444
659 4617 679 4667 Ε
698 4615 785 4680 (solus)
812 4644 838 4654 -
863 4620 887 4669 4.
905 4619 940 4668 iii
957 4620 977 4669 T
995 4646 1021 4656 -
1042 4622 1106 4682 Qum
1123 4620 1199 4671 etiam
1214 4621 1263 4684 fuit
1279 4620 1323 4671 ed.
1342 4622 1460 4673 tuntiua:
1484 4623 1545 4684 quio
1559 4623 1639 4674 4444444

303 4695 380 4758 (timu
396 4693 475 4751 TES;
494 4692 555 4752 qaia
571 4692 647 4743 etium
662 4693 695 4740 sit
711 4692 819 4744 codices
837 4691 971 4757 plerique;
990 4696 1031 4745 4444
1045 4696 1187 4759 (Pompeio)
1199 4696 1275 4745 etiam
1290 4696 1367 4757 4444444
1377 4696 1521 4760 Madvigius
1536 4698 1637 4761 (opusc.

305 4772 377 4820 occo.
397 4770 441 4818 444.
460 4782 486 4831 p.
500 4765 566 4828 348).
587 4791 614 4800 -
634 4765 659 4815 3.
678 4779 765 4816 somus
781 4768 829 4817 TE
841 4795 874 4805 -
891 4768 915 4819 t.
934 4782 984 4819 erse
1000 4782 1025 4820 44
1041 4769 1236 4821 columbinus.
1251 4795 1279 4807 ·-
1294 4771 1408 4832 poospcio
1425 4772 1490 4821 TE:
1509 4773 1554 4823 044.
1565 4773 1640 4822 Pous-

302 4847 359 4909 peto
370 4847 412 4896 So
426 4872 453 4880 -
472 4844 496 4892 4.
510 4842 567 4891 driu
579 4841 622 4891 ES
636 4867 663 4876 -
682 4842 707 4891 8.
720 4844 866 4893 4444444444νί
883 4843 902 4893 E
913 4866 940 4878 -
955 4844 979 4893 9.
995 4842 1085 4906 popae]
1101 4845 1261 4906 pomposiam
1272 4844 1292 4893 Ε
1304 4870 1331 4879 -
1345 4845 1385 4894 40.
1400 4845 1506 4906 probari
1522 4846 1598 4897 nus
1610 4847 1640 4897 et

305 4919 479 4971 membranae
496 4914 591 4966 Medii:
615 4917 704 4977 putari
721 4917 741 4966 T
760 4942 787 4951 -
811 4917 923 4981 4444444494
940 4918 960 4967 Τ
979 4946 1006 4954 -
1026 4919 1066 4968 44.
1085 4920 1170 4968 omnio
1186 4920 1250 4969 TE:
1269 4918 1369 4968 omnim
1385 4920 1416 4977 ὃς
1435 4920 1536 4970 omnim
1551 4920 1640 4970 onmia

305 4995 367 5045 0-
385 5007 431 5044 uos
447 4990 543 5052 ciiprrid
559 4990 643 5040 TES:
663 4990 884 5051 44444444ίά4440-
905 4990 943 5056 G.]
961 4993 991 5042 G.
1005 4993 1025 5042 Ε
1039 5020 1066 5029 -
1086 4994 1126 5044 46.
1141 4994 1294 5057 ditipemicm
1307 5008 1356 5056 pro
1372 4999 1640 5059 marsupiorum

306 5069 340 5128 ος
365 5068 520 5132 ditipmtiom
537 5077 587 5126 pro
603 5069 657 5114 tota
672 5077 700 5114 re
714 5077 741 5126 p.
759 5069 897 5125 smcepmm
914 5066 931 5114 S
948 5069 976 5115 et
992 5064 1154 5118 Gulielmius.
1173 5095 1205 5104 -
1225 5069 1265 5119 48.
1283 5068 1317 5134 se]
1333 5069 1375 5119 4444
1391 5069 1411 5119 E
1430 5095 1459 5106 -
1478 5070 1518 5120 49.
1535 5069 1571 5134 et]
1587 5071 1640 5121 44444

305 5144 323 5192 S
341 5168 368 5177 -
387 5143 428 5193 40.
446 5139 566 5189 4444444444
581 5137 671 5198 TES;
698 5139 817 5187 moidicus
833 5137 886 5187 duo
902 5138 981 5189 codd.
995 5141 1229 5204 Lagomarsiniani.
1243 5170 1271 5179 -
1289 5150 1354 5194 444444,
1372 5158 1430 5194 mm
1444 5149 1528 5196 44444444
1543 5148 1566 5196 si
1582 5149 1636 5198 cet.

305 5217 392 5267 TES:
410 5219 476 5265 444444.
495 5214 566 5275 Quod
582 5212 604 5260 44
619 5215 766 5261 tommoet.
785 5212 805 5261 0
823 5224 884 5261 cum
902 5212 944 5263 ed.
963 5214 1133 5267 Lambiniane
1151 5231 1175 5268 a.
1190 5217 1268 5278 iiiiii,
1286 5225 1358 5278 444444;
1374 5233 1432 5269 casn
1447 5225 1529 5271 tameo
1544 5221 1639 5272 44444444-

304 5295 347 5338 tar
362 5290 439 5339 etiam
453 5297 519 5336 4444444
535 5286 604 5336 sim.
622 5287 680 5336 Non
695 5286 855 5348 Madvigium
873 5293 944 5349 444444,
962 5303 1020 5338 men
1035 5296 1118 5341 tomen
1134 5293 1169 5341 444
1184 5292 1303 5341 ominum
1319 5293 1395 5341 etiam
1411 5306 1478 5342 4444444
1491 5294 1561 5345 utto.
1578 5295 1638 5346 Nos

305 5363 370 5413 Lud.
389 5366 482 5420 tanus;
508 5365 575 5410 mot.
593 5360 645 5411 Orir
661 5365 744 5410 mmm
759 5362 880 5411 metuitur
894 5363 971 5412 4444444
986 5377 1053 5413 nmio
1069 5364 1153 5416 blito?
1176 5365 1228 5415 Nor
1246 5378 1298 5414 44444
1318 5365 1371 5414 iam
1390 5366 1437 5416 itoc
1452 5393 1492 5406 --
1503 5371 1638 5432 444444444-

304 5438 412 5486 444444444.·
437 5440 464 5485 m
480 5435 502 5483 44
518 5435 635 5486 4444444444
652 5435 757 5486 Bakius.
777 5461 805 5473 ·-
824 5436 866 5486 44.
885 5437 963 5489 etism
978 5448 1032 5487 om.
1051 5439 1071 5489 T
1086 5466 1121 5476 —
1136 5440 1193 5490 Noa
1203 5464 1241 5476 --
1248 5439 1459 5501 perhorrescimus
1473 5442 1556 5495 babet
1570 5447 1593 5496 Α
1605 5471 1633 5483 -

304 5511 358 5560 ium
373 5510 418 5558 4444
435 5509 526 5559 TES:
552 5515 605 5559 tom
620 5510 666 5559 4444
681 5513 717 5568 A;
743 5510 790 5560 boc
808 5511 861 5560 ium
878 5511 899 5561 0
917 5538 945 5549 -
964 5513 1174 5575 444444444444444
1193 5541 1220 5550 -
1243 5514 1286 5564 44.
1304 5515 1426 5565 4444440414.
1446 5518 1493 5568 st
1511 5545 1539 5555 -
1558 5523 1634 5571 eti:

305 5595 359 5632 om.
377 5583 452 5632 TES
465 5607 492 5617 -
511 5581 552 5633 43.
571 5583 744 5633 exaudiret:
767 5585 855 5634 audire
871 5585 946 5635 TES
965 5611 993 5622 -
1012 5583 1125 5638 atterum
1141 5593 1198 5638 44444
1213 5601 1267 5639 om.
1286 5589 1334 5639 SA
1350 5616 1383 5625 —
1398 5594 1543 5654 suspiciones
1559 5594 1637 5648 Est

307 5683 334 5691 -
352 5657 394 5706 ae.
414 5656 593 5706 ditoctmTE:
619 5657 787 5707 deiecturso
810 5685 838 5693 -
865 5659 907 5709 46.
925 5659 1089 5711 conteruit*
1110 5688 1139 5697 -
1166 5663 1207 5713 47.
1226 5663 1316 5713 44444444
1337 5664 1400 5714 TE:
1427 5665 1520 5716 44444444
1539 5667 1586 5717 So
1605 5693 1634 5705 -

304 5729 346 5780 44.
364 5735 431 5779 cerm
444 5730 471 5778 444
487 5731 533 5780 boc
549 5731 569 5781 E
587 5728 675 5792 (sotus)
690 5757 717 5768 -
735 5731 777 5782 30.
795 5732 941 5783 iudicastis
957 5734 1038 5784 TES:
1057 5735 1202 5788 iudicarim
1215 5738 1235 5788 0
1249 5763 1277 5774 -
1295 5737 1496 5804 34444444444444
1509 5768 1537 5780 -
1554 5743 1637 5794 omma

305 5803 371 5855 Τ-
387 5804 551 5869 44444444-
570 5803 879 5858 344444444444444444144
902 5807 1144 5861 ttitosiiocmSO.
