3800 7350
727 1177 800 1242 cr».
822 1178 947 1241 1-111.
976 1174 1022 1261 os
1045 1172 1151 1240 4-4.
1518 1171 1601 1238 resi
1687 1268 1690 1274 Ι

282 1368 352 1413 cnm
382 1347 422 1411 ab
450 1346 587 1411 Antonio
617 1348 649 1410 in
678 1348 818 1411 colonias
840 1354 948 1411 essent
970 1345 1112 1420 deducti,
1141 1343 1227 1407 illins
1248 1340 1402 1408 beneficio
1423 1344 1601 1408 libertatem

281 1442 390 1527 populi
419 1441 549 1504 llomani
581 1449 836 1523 anteposuemot.
885 1437 915 1502 l.
946 1440 1053 1516 Quina
1083 1438 1166 1522 legio
1196 1439 1324 1512 Martia,
1352 1435 1451 1523 quidf
1479 1446 1601 1520 quarta,

281 1557 338 1600 cur
358 1535 549 1599 laudantur?
579 1535 611 1597 Si
633 1535 718 1599 enim
741 1536 903 1599 consulem
926 1555 1018 1598 suum
1035 1533 1250 1618 reliquerunt,
1272 1531 1497 1614 vituperandae
1512 1538 1601 1593 sunt:

281 1630 307 1693 ai
329 1630 491 1692 inimicum
514 1630 558 1692 rei
581 1629 742 1712 publicae,
774 1631 842 1694 iure
863 1629 1040 1693 laudantur.
1081 1629 1270 1710 Aequicum
1293 1624 1439 1688 consules
1461 1623 1601 1685 nondum

279 1722 454 1796 haberetis,
477 1723 659 1787 decrevistis
681 1731 718 1786 ut
741 1724 780 1787 de
802 1724 950 1807 praemiis
973 1721 1106 1784 militnm
1129 1721 1217 1783 etde
1238 1719 1413 1782 honoribus
1435 1717 1625 1800 imperato-c

280 1836 349 1879 rum
377 1815 479 1899 primo
502 1837 629 1901 quoquo
659 1825 802 1900 tempore
823 1817 1003 1881 referretur.
1039 1813 1146 1878 Placet
1167 1813 1279 1876 eodem
1301 1821 1442 1896 tempore
1465 1811 1603 1896 praemia

281 1908 473 1972 constituere
495 1910 557 1984 eis,
585 1910 641 1993 qui
664 1917 772 1973 eontra
793 1910 964 1973 Antonium
987 1928 1073 1972 arma
1095 1908 1251 1992 ceperint,
1283 1913 1315 1970 et
1336 1907 1456 1991 legatos
1478 1908 1517 1970 ad
1539 1909 1603 1969 ltn-

280 2003 402 2065 tonium
424 2004 572 2067 mitteret
593 2010 628 2067 ut
649 2004 711 2067 iam
732 2004 916 2087 pudendum
939 2004 980 2065 ait
1001 2002 1180 2083 honestiora
1203 2001 1327 2065 decreta
1350 2022 1421 2065 esse
1443 2003 1601 2085 legionum

282 2114 378 2179 quam
401 2105 545 2160 senatus:
567 2098 593 2160 si
616 2098 744 2182 quidem
767 2098 911 2181 legiones
926 2097 1130 2160 decrevemnt
1148 2103 1291 2159 senatum
1307 2093 1477 2159 defendere
1493 2103 1603 2159 contra
1660 2155 1662 2162 .

281 2190 467 2266 Antonium,
494 2199 621 2255 senatus
651 2192 794 2255 decernit
824 2191 944 2273 legatos
966 2191 1005 2253 ad
1028 2191 1209 2253 Antonium.
1246 2190 1354 2253 Utrum
1376 2190 1438 2253 hoc
1460 2196 1509 2254 est
1529 2203 1640 2252 con-to

281 2279 404 2347 firmare
430 2286 565 2349 militnm
596 2285 719 2349 animos
741 2305 781 2348 an
805 2284 970 2349 debilitare
991 2285 1162 2347 virmteml
1205 2282 1235 2345 5.
1257 2285 1324 2346 lloc
1347 2284 1415 2346 dies
1436 2282 1603 2346 duodecim

282 2376 499 2459 profecerunt,
520 2384 573 2453 ut,
595 2399 690 2463 quem
713 2399 807 2444 nemo
829 2387 954 2464 praeter
969 2378 1110 2463 Cotylam
1125 2380 1271 2442 inventus
1287 2377 1328 2440 sit
1342 2378 1395 2463 qui
1410 2376 1603 2450 defenderet,

281 2469 308 2532 is
336 2469 450 2534 habeat
477 2473 538 2536 iam
568 2481 720 2557 patronos
749 2473 842 2537 etiam
872 2471 1060 2537 consulares.
1100 2471 1162 2547 Qui
1185 2475 1306 2535 utinam
1328 2491 1438 2534 omnes
1459 2480 1531 2535 ante
1553 2490 1604 2534 mo

282 2565 467 2629 sententiam
488 2567 692 2651 rogarentur!
714 2599 756 2654 -ε
777 2586 969 2652 quamquam
992 2566 1149 2649 auspicor,
1171 2565 1249 2650 quid
1264 2565 1375 2629 dicturi
1394 2565 1458 2629 sint
1473 2564 1602 2650 qnidam

282 2677 407 2734 eorum,
429 2661 484 2744 qui
505 2668 577 2745 post
598 2681 649 2726 me
671 2661 867 2745 rogabuntur
888 2683 947 2723 -:
970 2659 1092 2724 facilius
1114 2667 1221 2724 contra
1243 2658 1396 2734 dicerem,
1417 2661 1445 2723 si
1466 2660 1543 2744 quid
1557 2660 1640 2724 vita

281 2751 417 2816 deretur.
459 2754 516 2817 Est
545 2756 629 2819 enim
663 2756 772 2839 opinio
800 2755 999 2820 decreturum
1028 2754 1164 2837 aliquem
1192 2744 1330 2816 Antonio
1354 2752 1441 2816 illam
1463 2753 1602 2816 ultimam

281 2845 431 2922 Galliam,
461 2868 555 2933 qnam
576 2849 710 2913 Plancus
733 2848 863 2913 obtinet.
898 2847 982 2925 Quid
1005 2854 1053 2910 est
1074 2846 1160 2909 aliud
1183 2847 1287 2910 omnia
1310 2848 1348 2910 ad
1370 2846 1489 2910 bellum
1510 2845 1604 2909 civile

281 2938 364 3003 lrosti
386 2960 473 3006 arma
494 2942 626 3026 largiri?
649 2943 784 3026 primum
807 2963 921 3007 nervos
943 2940 1036 3016 belli,
1059 2941 1225 3022 pecuniam
1247 2940 1418 3015 infinitam,
1442 2960 1505 3023 qua
1519 2957 1604 3001 nunc

281 3040 369 3115 eget,
406 3034 521 3098 deinde
554 3037 747 3119 equitatum,
781 3044 935 3120 quantum
969 3035 1056 3099 velit.
1085 3035 1278 3118 ,Equitatum
1307 3035 1400 3098 dioo‘i
1433 3033 1603 3105 dubitabit,

281 3126 394 3201 credo,
416 3136 527 3211 pentes
548 3130 695 3193 barbaras
718 3151 824 3194 secum
847 3129 1016 3194 adducere.
1042 3129 1109 3191 lloc
1131 3127 1186 3211 qui
1209 3148 1272 3191 non
1286 3128 1386 3203 videt,
1409 3148 1529 3202 excors,
1548 3125 1640 3210 quiao

282 3240 353 3282 cum
382 3221 469 3285 videt
496 3223 655 3297 decernit,
682 3224 799 3306 impius
827 3231 885 3290 est.
928 3222 960 3285 6.
982 3225 1030 3286 Tu
1057 3222 1155 3285 civem
1182 3222 1367 3285 sceleratum
1389 3230 1421 3286 et
1447 3221 1603 3306 perditum

282 3312 443 3377 Gallorum
466 3324 498 3379 et
512 3317 743 3380 Germanorum
766 3317 915 3400 pecunia,
945 3315 1101 3400 peditatu,
1128 3315 1291 3399 equitatu,
1321 3316 1422 3400 copiis
1443 3316 1604 3379 instruest

281 3408 394 3471 Nullae
422 3410 500 3473 istae
529 3410 751 3474 excusationes
780 3419 870 3475 sunt:
907 3428 1014 3473 amena
1044 3410 1164 3472 amicus
1186 3416 1271 3472 eso:
1305 3410 1346 3472 sit
1367 3407 1486 3492 patriae
1505 3408 1604 3493 prius.

285 3503 392 3564 «Meus
414 3510 593 3586 cognatus.»
628 3507 676 3567 An
699 3512 804 3587 potest
825 3504 969 3588 cognatio
991 3502 1119 3587 propior
1140 3502 1206 3565 ulla
1220 3523 1290 3567 esse
1305 3522 1400 3587 quam
1419 3502 1548 3587 patriae,
1570 3502 1604 3562 in

282 3612 346 3675 qua
366 3604 513 3678 parentes
535 3599 629 3663 etiam
652 3598 877 3662 continentur?
908 3596 1005 3660 allilri
1024 3596 1189 3679 pecuniam
1212 3596 1348 3660 tribuit»
1375 3596 1475 3681 Cupio
1495 3594 1641 3659 videreat

282 3689 392 3770 quiid
414 3691 528 3756 audeat
549 3693 663 3757 dicere.
697 3692 780 3768 Quid
803 3700 908 3757 autem
930 3698 1042 3774 agatur
1064 3711 1135 3753 cum
1158 3711 1327 3775 apemero,
1347 3689 1441 3755 facile
1463 3690 1523 3754 erit
1544 3696 1605 3752 sta·

282 3788 371 3846 tuere
393 3804 488 3866 quarn
510 3787 697 3851 seutentiam
720 3786 833 3850 dicatis
854 3793 909 3850 aut
931 3805 1026 3870 quam
1049 3785 1237 3869 sequamini.

366 3886 419 3948 111.
440 3888 569 3973 Agitur,
597 3897 703 3953 utrum
733 3892 774 3954 ll.
795 3890 935 3953 Antonio
961 3888 1093 3953 facultas
1116 3890 1208 3953 detur
1230 3885 1456 3974 opprimendae
1478 3887 1523 3950 rei
1547 3908 1605 3971 pu·

282 3978 400 4055 blicaa,
422 3980 529 4046 caedis
549 3982 712 4049 faciendae
732 3983 907 4061 bonorum,
927 3983 1012 4047 44444
1032 3984 1232 4067 diripiendae,
1254 4002 1402 4067 agrorum
1422 3982 1487 4048 suis
1510 3982 1604 4046 latro·

350 4373 514 4427 44444444
538 4398 566 4412 -·
592 4375 616 4428 4.
636 4375 728 4442 44444
751 4400 777 4414 -
805 4376 830 4429 3.
849 4381 941 4442 qcurt
964 4400 991 4414 ·—
1017 4373 1207 4428 4444444444
1235 4375 1440 4430 4444444444-
1462 4382 1601 4432 4444-

285 4449 809 4513 4.444444-44.444444;44444;
834 4450 1314 4516 4444444440-444444444-
1337 4453 1540 4520 4444444444
1565 4458 1605 4508 dic

285 4526 353 4577 D-
376 4525 526 4589 4444444444
547 4549 576 4563 -
599 4525 736 4588 4444444
756 4523 792 4576 b:
818 4527 874 4590 equi
895 4526 930 4587 v;
953 4526 992 4577 444
1012 4527 1056 4590 qut
1077 4539 1132 4592 ης
1156 4527 1188 4576 tis
1209 4526 1252 4589 qut
1272 4527 1310 4577 to
1335 4551 1363 4565 —
1389 4520 1604 4597 4444444444--

284 4602 305 4651 rt
321 4602 419 4665 44444444
435 4613 489 4653 om.
502 4596 535 4651 4ι
546 4627 574 4639 -
591 4600 616 4652 t.
634 4601 796 4653 (4444444444
810 4600 842 4664 4,
860 4601 909 4654 sed
925 4614 1019 4653 rasura
1037 4602 1134 4653 tactum
1151 4602 1347 4653 4444444444-
1365 4606 1405 4657 40.
1423 4607 1458 4658 u.
1470 4607 1604 4659 ,44444444

284 4675 393 4741 alig·
411 4672 588 4727 44444444444-
607 4676 801 4740 444444444-
822 4675 1004 4736 44.44444444;
1021 4675 1066 4726 hcc
1082 4676 1121 4726 dtr
1136 4688 1162 4726 ar
1178 4677 1228 4727 t-
1247 4676 1374 4741 xtlvttt
1389 4683 1604 4746 eatam.2,sed

284 4755 326 4804 est
346 4755 408 4804 ante
425 4751 493 4816 pros.
510 4749 614 4812 rasura)
634 4777 662 4788 -
685 4750 726 4801 44.
744 4762 816 4814 queas
838 4763 892 4802 om.
910 4752 978 4802 V·
1005 4750 1105 4812 4444444
1127 4751 1243 4814 (cotulam
1262 4754 1342 4816 corr.)
1360 4768 1395 4806 44
1415 4758 1552 4819 calviorem
1568 4758 1602 4818 V;

283 4827 420 4889 4444444444
435 4825 515 4890 stiffi
534 4824 663 4875 4444444444
677 4824 801 4890 almificat
815 4826 943 4876 4444444444
959 4827 977 4876 t.
1001 4826 1153 4890 cognomen
1169 4826 1257 4889 044444
1274 4829 1332 4889 [nisi
1348 4828 1423 4882 malis
1434 4833 1529 4896 044444)
1548 4832 1604 4884 aliis

283 4902 349 4955 locis
364 4901 567 4967 Philipptearum
584 4900 756 4952 confirmatur
774 4901 807 4964 (v.
819 4901 889 4962 4444,
908 4900 939 4966 §3
956 4898 997 4951 44.
1014 4902 1055 4952 48.
1073 4902 1143 4959 lilll.
1162 4901 1177 4965 5
1193 4902 1248 4965 46),
1267 4902 1316 4954 aed
1326 4904 1357 4967 4,
1376 4904 1391 4970 s
1408 4907 1423 4956 4
1440 4907 1493 4958 mei
1510 4919 1604 4958 omnes

284 4978 369 5041 044444
385 4977 499 5040 hahent,
517 4979 547 5027 nt
563 4979 604 5027 est
620 4974 691 5040 apud
707 4975 772 5027 Plut.
784 4988 811 5025 v.
823 4978 883 5027 Ant.
897 4988 920 5027 c.
934 4974 981 5036 t8;
1000 4976 1141 5026 accusativi
1158 4978 1249 5028 autem
1266 4976 1378 5029 formam
1394 4979 1508 5042 04444444
1523 4980 1605 5033 habet

284 5055 425 5106 Vaticanus
440 5054 511 5115 4444,
530 5053 546 5118 Β
562 5053 603 5105 at.
615 5079 649 5091 -
664 5053 777 5103 44444444
792 5049 949 5116 rttvsbg:
969 5063 1021 5101 onr.
1036 5052 1060 5107 4;
1078 5055 1131 5101 4444
1146 5052 1258 5103 44444444
1273 5035 1309 5103 ut
1321 5053 1341 5103 0
1352 5066 1414 5104 cum
1431 5054 1560 5105 Ferraria.
1574 5080 1601 5091 -

285 5129 474 5192 asumma.
487 5126 611 5180 omb-
631 5127 670 5179 tt.
683 5128 778 5178 stati:
795 5128 925 5179 44444)-
945 5126 985 5176 to.
998 5126 1121 5177 decretam
1138 5129 1213 5177 at-
1232 5128 1414 5191 444444444-
1428 5129 1603 5181 4444444444

284 5205 321 5255 u.
338 5205 394 5255 444.
413 5204 476 5268 agt
493 5230 521 5242 -
541 5202 581 5253 44.
600 5202 752 5266 maruha
769 5228 797 5241 -
815 5202 886 5253 atiud
901 5214 978 5265 quam
993 5201 1077 5252 444444
1094 5214 1110 5266 g
1127 5228 1155 5238 -
1174 5204 1314 5255 4444444444.
1333 5206 1389 5256 4-
1408 5204 1603 5255 tomeun:

284 5278 383 5329 44444444
399 5280 457 5342 444
469 5304 497 5315 -
509 5278 548 5328 te.
562 5277 675 5340 44444444
685 5279 709 5337 4;
722 5278 864 5340 4444444444
874 5276 927 5326 4-
939 5276 981 5327 40.
993 5277 1072 5339 pentir
1081 5276 1132 5326 4-
1143 5283 1276 5329 decoram
1287 5279 1307 5328 0
1319 5291 1381 5331 cum
1393 5277 1604 5329 4446444444.-

285 5352 327 5404 44.
340 5350 541 5404 catlambtnus:
560 5365 613 5403 om.
630 5351 745 5401 VDO-
758 5350 962 5415 4444444444
981 5351 1311 5413 mrsrupoesertano-
1324 5354 1482 5404 44444444-
1495 5352 1535 5404 43.
1548 5353 1607 5403 ilias

286 5427 569 5493 g-prtmlptart-
587 5424 629 5478 st.
644 5426 946 5489 emunctam
965 5425 1137 5487 uttapropr'or
1153 5427 1310 5490 (propriori)
1328 5441 1378 5479 4444
1393 5425 1470 5488 abt;
1488 5428 1541 5477 4444
1557 5440 1607 5478 4444

282 5503 467 5566 propiorq-
484 5502 525 5554 44.
543 5503 779 5564 44444444444444
800 5527 827 5538 -
846 5499 984 5552 morou:
1003 5500 1224 5552 444444444ῖῦ0-
1243 5503 1285 5554 44.
1303 5503 1346 5565 444
1362 5501 1433 5552 uu:
1451 5500 1604 5563 qaidhgt3

286 5573 1607 5641 quta-aouacu-easaaumva-rs.u.0m.o-0cpr.t-as.raacaaaraot
1721 5560 1728 5573 '

288 5678 316 5691 -
334 5652 405 5703 44444
420 5650 584 5719 impiatos]
599 5650 669 5702 44444
684 5651 850 5703 emendorum
865 5650 897 5712 4,
914 5647 964 5701 sed
980 5649 1050 5699 44444
1065 5662 1140 5700 44444
1157 5662 1194 5701 m.
1211 5651 1227 5703 4
1244 5651 1270 5701 44
1287 5662 1340 5701 ras.
1358 5649 1486 5713 seriptum
1504 5650 1553 5710 est,
1571 5651 1605 5699 444

285 5727 315 5777 nt
331 5727 445 5792 muttum
454 5728 498 5779 vta
514 5725 550 5778 ad
565 5724 666 5778 litteras
682 5724 816 5792 suppletas
833 5724 981 5784 suffecerit,
999 5723 1182 5787 44444ωά44444
1196 5723 1266 5775 44444
1280 5724 1334 5786 Di,
1353 5724 1379 5773 in
1391 5721 1488 5788 quibus
1499 5722 1607 5785 criptar-

286 5801 376 5852 4444444
392 5802 472 5853 attam
488 5798 634 5853 verborum
645 5800 810 5854 4444444444
827 5812 888 5851 cunr
906 5797 1026 5848 44444444
1042 5798 1160 5848 iunctum
1171 5800 1224 5860 eat;
1243 5798 1397 5861 4444444444
1412 5796 1481 5846 waic
1492 5796 1520 5848 0.
1539 5795 1607 5856 Quid

287 5875 341 5926 cic.
360 5874 496 5941 scripserit
510 5874 582 5931 latet.
602 5902 631 5916 -
649 5888 726 5943 44444
741 5874 784 5930 ed.
802 5877 881 5939 lunt,
898 5876 926 5925 44
940 5885 968 5925 r.
986 5873 1072 5925 ttadr.
1090 5872 1125 5925 ad
1142 5873 1196 5927 Cic.
1214 5873 1248 5926 dc
1265 5872 1329 5925 tina.
1347 5884 1375 5937 p.
1393 5873 1449 5924 443.

327 5967 417 6017 croam
433 5965 459 6015 4.
469 5966 498 6017 ll.
1351 5964 1393 6031 82
