3800 7350
730 1185 803 1251 cn.
825 1186 952 1251 1-u1.
979 1184 1025 1270 ss
1048 1182 1154 1250 t-r.
1520 1181 1603 1251 ists

280 1351 310 1418 3.
332 1355 373 1419 Et
403 1354 431 1419 si
456 1355 590 1419 maiores
618 1356 714 1419 vestri
744 1376 799 1419 eos
827 1357 1048 1440 imperatores,
1080 1355 1136 1439 qui
1163 1355 1298 1419 militum
1328 1357 1444 1421 uirtute
1465 1356 1604 1421 hostium

280 1446 443 1533 fregerunt
462 1448 619 1525 furorem,
641 1449 869 1514 iucundissimo
890 1449 994 1514 fructu
1016 1451 1169 1514 libertatis
1190 1450 1393 1514 reconciliato
1415 1470 1481 1514 non
1502 1450 1605 1516 solum

281 1543 392 1607 statuis
421 1541 533 1625 dignos
560 1550 726 1627 putarunt,
755 1543 811 1607 sed
840 1545 934 1608 etiam
965 1553 1092 1608 aeterna
1117 1544 1268 1626 triumphi
1291 1544 1384 1607 laude
1406 1544 1606 1622 decorarunt,

281 1644 349 1700 tum
370 1654 428 1699 ros
451 1656 523 1699 eum
546 1637 726 1713 consulem,
752 1639 806 1721 qui
828 1659 892 1702 non
913 1639 1048 1702 militum
1069 1639 1226 1721 praesenti
1247 1637 1448 1715 fortitudine,
1471 1639 1528 1701 sed
1549 1659 1606 1702 sua

282 1731 397 1795 eximia
424 1730 521 1793 animi
543 1731 659 1794 virtute
684 1731 832 1796 hostilem
854 1733 966 1796 civium
988 1739 1126 1795 mentem
1148 1738 1277 1794 senatus
1298 1733 1484 1796 auctoritate
1506 1732 1634 1796 vindi-³

281 1825 379 1898 cavit,
401 1824 579 1888 existimate
600 1825 691 1889 vobis
712 1824 912 1889 retinendum
935 1846 1005 1888 esse
1032 1827 1065 1888 in
1087 1825 1222 1888 civitate.
1266 1825 1305 1886 ll.
1327 1821 1358 1887 4.
1381 1826 1426 1901 Si,
1449 1846 1530 1910 quae
1552 1828 1607 1891 be-

281 1914 393 1981 neficia
414 1918 545 2000 singulis
568 1920 689 1983 civibus
711 1921 923 2003 privatimque
945 1919 1076 1992 dantur,
1099 1938 1137 1984 ea
1159 1918 1263 1982 solent
1282 1919 1323 1982 iis
1342 1939 1412 1983 esse
1433 1920 1607 1997 fructuosa,

281 2032 299 2075 a
322 2012 437 2097 quibus
459 2019 535 2075 sunt
556 2012 711 2096 profecta,
733 2015 801 2077 iure
825 2022 856 2076 et
878 2014 990 2076 merito
1013 2032 1143 2095 possum
1166 2033 1224 2095 ego
1247 2033 1304 2076 ros
1326 2014 1365 2076 ad
1388 2013 1606 2079 defensionem

281 2124 369 2167 meae
397 2105 507 2167 salutis
536 2105 709 2181 adhortari,
740 2128 821 2192 quos
850 2108 1035 2170 conservavi
1064 2107 1240 2170 universos.
1276 2109 1354 2169 Nam
1377 2128 1482 2191 neque
1503 2109 1605 2172 maius

282 2207 330 2262 est
351 2196 521 2262 defendere
543 2220 639 2264 unum
663 2220 757 2284 quam
779 2202 947 2285 populum,
974 2217 1079 2282 neque
1101 2201 1205 2263 verius
1232 2200 1271 2262 ab
1293 2200 1427 2283 singulis
1449 2221 1544 2285 quam
1566 2201 1643 2263 abit

281 2293 426 2357 omnibus
448 2302 592 2376 repetere
615 2291 712 2357 oliicii
734 2297 906 2377 praemium
930 2302 961 2357 et
982 2292 1132 2367 fructum,
1158 2302 1326 2377 propterea
1347 2294 1434 2377 quod
1456 2296 1489 2359 in
1511 2296 1606 2359 unius

281 2387 420 2471 periculo
444 2407 539 2470 saepe
561 2388 720 2451 contentio
742 2408 838 2471 parva
860 2397 926 2463 est,
949 2396 985 2451 ut
1005 2388 1084 2452 levis
1102 2389 1144 2451 sit
1165 2388 1255 2451 labor
1268 2387 1427 2451 defensori
1447 2389 1606 2453 sustinen-

281 2482 355 2555 dus,
386 2481 419 2545 in
442 2483 486 2545 rei
508 2483 654 2564 publicae
675 2483 813 2557 insidiis,
844 2503 910 2568 quo
931 2480 1051 2546 firmius
1073 2481 1231 2566 estquod
1253 2489 1468 2565 oppugnatur,
1490 2501 1528 2545 eo
1549 2502 1629 2566 pa-.

280 2577 413 2639 notiores
437 2584 511 2639 sunt
531 2573 669 2650 inimici,
698 2583 733 2639 ut
754 2576 792 2639 iis
813 2578 874 2640 nisi
897 2597 1010 2661 magna
1032 2576 1260 2650 sollicitudine,
1289 2575 1461 2648 industria,
1490 2576 1605 2639 vidulo

281 2690 346 2734 non
374 2679 472 2754 queat
496 2670 611 2734 resisti.
654 2668 684 2732 5.
709 2670 750 2733 Et
774 2670 972 2754 singulorum
1001 2690 1078 2753 opes
1105 2690 1200 2754 saepo
1227 2679 1302 2734 sunt
1326 2678 1437 2733 tenues
1465 2675 1497 2731 et
1517 2667 1643 2731 infir-te

281 2784 350 2828 mae
373 2764 414 2827 ad
435 2766 564 2846 gratiam
586 2764 800 2840 referendam,
827 2774 862 2827 ut
882 2765 1030 2850 opitulari
1057 2765 1353 2829 benemerentibus
1376 2772 1550 2848 nequeant,
1577 2763 1604 2827 si

281 2859 418 2923 maxime
442 2859 588 2942 cupiant:
611 2859 825 2923 universorum
849 2859 1003 2923 auxilium
1025 2859 1193 2942 plurimum
1217 2858 1360 2943 prodest,
1381 2878 1446 2942 quo
1459 2856 1606 2921 firmiori·

280 2956 339 3017 bus
369 2952 484 3035 opibus
512 2960 560 3016 est
586 2953 706 3016 nixum.
743 2954 814 3016 lure
841 2955 950 3035 igitur,
980 2953 1130 3035 quoniam
1153 2961 1186 3016 et
1207 2954 1308 3016 maior
1328 2951 1473 3034 impensa
1494 2951 1527 3014 in
1549 2971 1606 3034 pa-

280 3050 370 3111 triam
401 3045 496 3110 officii
526 3046 610 3110 iacta
635 3054 698 3119 est,
728 3066 822 3130 quam
845 3047 878 3110 in
900 3047 1023 3132 privata
1044 3043 1078 3110 lit
1098 3046 1300 3122 defensione,
1329 3055 1361 3110 et
1381 3046 1453 3129 plus
1475 3064 1495 3108 a
1516 3045 1605 3107 vobis

281 3139 431 3225 praesidii
460 3159 555 3222 quam
585 3159 603 3202 a
632 3140 745 3203 ceteris
773 3141 843 3223 opis
871 3142 912 3204 ad
940 3142 1074 3204 salutem
1100 3149 1205 3224 potest
1225 3141 1349 3215 allecti,
1374 3160 1430 3202 vos
1452 3138 1642 3213 obtestor,ao

281 3255 362 3319 quos
385 3234 462 3296 mibi
484 3242 516 3297 et
538 3233 653 3298 debere
676 3243 708 3297 et
729 3255 824 3316 posse
845 3236 988 3317 intelligo
1010 3235 1168 3319 opitulari.
1204 3233 1233 3297 6.
1256 3237 1326 3297 Non
1345 3233 1495 3297 convenit
1508 3233 1605 3307 enim,

280 3350 352 3393 cum
383 3347 442 3411 ego
471 3327 510 3389 ad
537 3330 779 3411 promerendum
802 3328 942 3392 officium
964 3337 1027 3391 tam
1049 3327 1161 3391 fuerim
1183 3329 1366 3411 expeditus,
1394 3349 1451 3392 vos
1472 3326 1512 3391 ad
1535 3345 1606 3409 gra·

282 3423 354 3486 tiam
376 3419 575 3485 referendam
597 3444 666 3486 esse
689 3420 857 3497 tardiores,
879 3442 934 3496 ne,
956 3422 1045 3485 cuius
1063 3422 1304 3504 amplitudinem
1319 3430 1352 3484 et
1365 3422 1496 3505 gloriam
1509 3420 1605 3484 laude

281 3524 375 3598 atque
397 3515 571 3579 honoribus
593 3513 785 3599 amplificare
808 3517 963 3589 debeatis,
986 3517 1053 3578 eius
1075 3516 1323 3579 incolumitatem
1346 3524 1378 3579 et
1399 3514 1534 3579 salutem
1550 3513 1606 3577 de-

281 3607 446 3672 serendam
474 3609 671 3673 eristimetis.
716 3611 769 3673 111.
800 3610 924 3674 Etenim
955 3617 1053 3685 errat,
1081 3610 1108 3672 si
1135 3609 1191 3693 qui
1212 3609 1379 3672 arbitratur
1399 3610 1441 3672 hl.
1465 3608 1642 3672 Tulliumao

280 3704 398 3767 idcirco
425 3703 459 3765 in
489 3704 665 3786 periculum
687 3706 799 3787 capitis
822 3705 944 3778 uocari,
969 3703 1059 3789 quod
1076 3698 1252 3786 deliquerit
1272 3702 1410 3787 aliquid,
1438 3701 1524 3786 quod
1551 3721 1606 3785 pa·

282 3798 372 3861 triam
395 3797 536 3871 laeserit,
559 3798 647 3881 quod
669 3798 811 3881 improbe
826 3799 950 3862 vixerit.
987 3801 1057 3861 Non
1073 3799 1188 3861 citatur
1204 3819 1278 3861 reus
1293 3798 1458 3861 audaciae:
1481 3796 1605 3859 virtutis

281 3910 355 3955 reus
378 3890 509 3966 citatur;
536 3911 600 3955 non
621 3900 803 3966 accusatur,
832 3893 918 3976 quod
939 3913 1005 3955 rem
1028 3893 1185 3977 publicam
1208 3893 1411 3976 oppugnarit,
1439 3888 1495 3953 sed
1518 3887 1606 3973 quod

280 3987 376 4050 homo
398 4006 499 4048 novus
521 3985 735 4069 perniciosum
756 3986 908 4050 nobilium
932 3987 1113 4050 restinxerit
1132 3985 1282 4049 furorem.
1322 3988 1393 4048 Non
1415 3985 1507 4047 obest
1527 3982 1606 4046 mihi

281 4099 399 4144 nocens
428 4088 460 4143 et
488 4079 604 4161 turpis,
634 4077 689 4142 sed
718 4079 941 4143 honestissime
970 4079 1207 4163 lautissimeque
1237 4087 1305 4143 acta
1331 4079 1413 4153 vita3
1438 4099 1503 4142 non
1530 4076 1643 4139 odioso

280 4176 453 4248 bonorum,
482 4172 540 4236 sed
565 4173 683 4237 invidia
711 4193 837 4256 premor
860 4173 1024 4237 malorum.
1067 4170 1097 4235 7.
1118 4172 1303 4255 Intelligunt
1323 4172 1485 4246 homines,
1507 4179 1553 4235 tot
1574 4174 1607 4233 et

280 4277 343 4332 tam
368 4268 538 4351 praeclaris
560 4267 749 4330 testimoniis
772 4268 1040 4352 monimentisque
1060 4266 1184 4330 virtutis
1206 4265 1411 4348 comparatis,
1432 4267 1474 4329 bl.
1489 4264 1606 4341 Tullio,

281 4361 356 4426 dum
385 4363 427 4425 sit
452 4359 634 4434 incolumis,
663 4359 733 4424 fore
759 4361 922 4445 voluptati.
965 4361 1085 4425 Idcirco
1113 4360 1209 4423 vitam
1236 4360 1358 4444 cripere
1384 4359 1533 4442 cupiunt,
1559 4360 1608 4423 uti

282 4476 354 4519 cum
375 4455 486 4537 spiritu
508 4474 637 4519 sensum
652 4475 781 4540 quoque
802 4456 942 4519 adimant
955 4453 1168 4518 iucunditatis.
1203 4456 1316 4521 Nonne
1329 4454 1426 4537 igitur
1439 4451 1607 4534 indignum

347 4764 371 4814 3.
390 4763 654 4814 reseruemus
675 4788 701 4798 -
721 4763 744 4813 3.
763 4764 852 4813 aetate
867 4775 1003 4827 superscr.
1021 4775 1057 4812 m.
1076 4774 1132 4812 see.
1150 4760 1301 4825 imeqinibue
1317 4762 1336 4812 P
1354 4786 1381 4796 —
1401 4760 1426 4813 4.
1444 4775 1501 4811 erm
1516 4774 1570 4813 om.
1588 4762 1609 4813 E

282 4840 346 4889 S-
370 4838 481 4888 consules
503 4839 539 4898 Ες
565 4840 632 4888 cooe'
655 4839 719 4888 S-
746 4839 907 4896 7.thOE
933 4839 1063 4899 bijsS-
1088 4836 1606 4900 &toralium-bodonem?-

283 4916 323 4964 to.
342 4913 374 4963 ab
390 4914 544 4977 mentire:
563 4926 581 4962 c
597 4913 701 4977 stupuit
716 4914 737 4964 0
751 4941 777 4950 -
797 4916 837 4964 it.
856 4914 922 4977 offici
939 4914 999 4964 1>—
1014 4916 1188 4975 promtomet
1203 4911 1357 4974 inscissum
1374 4915 1485 4976 [mertum
1501 4920 1610 4977 etprae-

281 4990 360 5038 miem
377 4989 453 5038 GES
471 5014 498 5024 —
519 4988 559 5038 tn.
577 4993 690 5037 metente
705 4988 783 5049 perot
800 4989 835 5047 E;
858 4993 970 5038 contento
984 5002 1070 5050 perae
1086 4990 1104 5039 S
1122 5016 1150 5026 ·-
1169 4988 1210 5041 tt.
1227 4990 1265 5038 bia
1281 4991 1343 5048 PG;
1361 4989 1408 5050 hiis
1424 4989 1441 5038 S
1460 5015 1487 5025 —
1505 4990 1554 5039 elsi
1571 4990 1609 5040 C:

281 5064 334 5113 sice
350 5064 370 5114 0
389 5088 416 5099 -
439 5062 479 5112 46.
497 5063 660 5126 referundum
678 5064 699 5112 G
717 5088 744 5098 -·
769 5068 893 5122 moment
910 5064 943 5113 C:
961 5078 1012 5113 nom
1028 5071 1120 5127 queem
1136 5066 1156 5114 0
1174 5090 1201 5101 -
1226 5065 1266 5114 47.
1280 5065 1420 5126 pluritatem
1435 5066 1467 5115 P:
1485 5077 1514 5114 eo
1527 5064 1613 5126 pluri-

281 5152 351 5189 mum
367 5138 471 5188 GESO
491 5163 518 5174 -
538 5150 587 5198 qao
605 5138 639 5187 C:
658 5139 724 5199 qaod
740 5139 760 5188 0
779 5163 805 5173 -
827 5139 866 5188 te.
885 5139 988 5201 inpensa
1004 5140 1023 5190 Ρ
1043 5166 1068 5178 -
1090 5140 1130 5190 ⁴9.
1148 5140 1218 5201 fecto
1234 5141 1268 5190 C:
1287 5139 1375 5189 omo
1394 5165 1422 5176 -
1438 5141 1468 5202 fit
1484 5137 1545 5188 edd.
1563 5152 1612 5189 en·

282 5215 384 5278 tiquae:
407 5213 455 5274 suit
472 5214 508 5271 C;
531 5213 563 5262 sit
579 5214 599 5263 0
617 5225 721 5272 errore,
744 5215 774 5261 ut
791 5211 905 5262 videtur.
925 5239 953 5250 -
977 5214 1077 5264 euobis
1098 5216 1172 5264 extra
1188 5226 1297 5264 versum
1314 5226 1329 5262 a
1346 5225 1428 5263 manu
1444 5213 1545 5263 receuti
1562 5212 1613 5263 ad-

282 5289 336 5339 dita
361 5286 444 5338 habet
460 5288 478 5337 P
496 5290 523 5338 et
544 5290 605 5337 ante
623 5301 648 5336 v.
664 5288 785 5349 praesidii
806 5300 898 5337 erasae
922 5290 984 5337 sunt
1006 5288 1074 5339 duae
1096 5287 1212 5349 litterae,
1238 5301 1307 5351 quae
1328 5287 1410 5339 tuisse
1432 5287 1611 5348 redeptores,

282 5376 344 5414 eum
361 5364 401 5413 sic
417 5362 542 5413 exhibeat
558 5362 617 5413 cod.
637 5363 777 5412 bernensis
795 5375 828 5412 ex
845 5363 984 5413 parisiensi
1002 5362 1161 5427 descriptus.
1182 5390 1209 5400 -
1231 5365 1272 5414 2⁰.
1291 5363 1387 5426 odiosi
1407 5365 1426 5414 P
1449 5389 1476 5399 —
1506 5368 1614 5425 optestor

283 5441 347 5491 1>—
366 5439 408 5489 34.
427 5439 540 5503 intellego
557 5441 591 5498 G,
610 5440 673 5489 item
691 5452 716 5487 v.
735 5438 775 5487 34.
796 5465 823 5474 -
846 5438 887 5487 22.
905 5440 1017 5501 mutiam
1033 5439 1080 5500 res.
1099 5439 1134 5488 C:
1153 5438 1199 5501 ret.
1218 5438 1367 5501 protiomo
1386 5464 1414 5473 -
1438 5437 1479 5488 33.
1497 5438 1614 5500 reiense-

283 5513 548 5563 demGE-etC:
576 5514 689 5563 oc0-
712 5512 944 5562 tidebetisti-
969 5514 1197 5564 incolomitatemE
1218 5541 1244 5550 -
1264 5513 1611 5576 aassqmertitraturez

283 5589 305 5638 ri
322 5587 365 5649 qui
382 5586 541 5637 arbitrentur
556 5589 587 5647 S;
606 5589 627 5637 si
643 5588 699 5647 quia
715 5587 859 5637 arbitrator
876 5590 954 5640 GEO
973 5617 1001 5627 —
1025 5590 1066 5640 26.
1084 5590 1174 5640 iccirco
1190 5591 1224 5650 G,
1242 5590 1308 5640 item
1324 5604 1350 5640 v.
1369 5589 1410 5640 33.
1431 5615 1457 5624 -
1474 5589 1615 5651 perimam

284 5665 374 5726 cepitis
391 5663 425 5713 C:
448 5664 538 5725 cepitis
551 5663 691 5725 parientem
708 5663 728 5712 0
746 5687 774 5698 -
795 5663 837 5713 28.
853 5664 979 5726 publicam
996 5678 1049 5715 om.
1068 5665 1085 5714 S
1100 5691 1134 5702 -
1154 5665 1306 5729 oppugnarit
1323 5665 1358 5715 C:
1381 5664 1408 5713 oi
1423 5664 1613 5727 oppopnesito

287 5766 314 5776 -
328 5739 369 5789 29.
386 5740 545 5789 nstrimrit
562 5739 607 5789 Es
619 5764 647 5774 -
666 5738 706 5789 34).
725 5751 815 5788 nocete
830 5743 854 5789 et
869 5740 994 5802 turpise:
1013 5740 1093 5801 saepti
1108 5745 1132 5789 et
1147 5740 1267 5790 necesso
1282 5765 1309 5777 -
1328 5739 1512 5800 ausamque
1527 5740 1613 5790 PGS:

285 5813 502 5877 modestamque
518 5814 606 5877 Etilo
625 5840 653 5851 -
675 5813 716 5864 32.
734 5815 938 5877 munimentisque
955 5816 1013 5864 GS:
1035 5815 1229 5877 ornamentisque
1245 5819 1278 5877 P;
1296 5816 1508 5878 mmmemtisque
1524 5814 1614 5878 Ettlo

288 5915 315 5928 ·-
334 5886 541 5956 tollimtottti)
559 5890 578 5941 G
597 5915 625 5928 -
643 5888 789 5942 33444461
808 5891 873 5942 uto
893 5917 920 5928 —-
938 5889 980 5942 34.
998 5889 1228 5942 immamus
