3800 7350
324 1141 407 1208 tiit
700 1144 966 1209 inbannitis
988 1144 1257 1210 conmanunt.

390 1312 406 1375 5
423 1312 455 1364 44
472 1327 499 1378 p.
517 1311 563 1373 84,
581 1312 623 1362 36.
649 1312 709 1361 Tam
725 1312 791 1363 enirn
805 1312 913 1375 forsitan
929 1311 1047 1374 improbis
1062 1311 1137 1361 nimis
1152 1312 1256 1374 rapidae
1271 1313 1410 1374 0444000404,
1429 1312 1484 1376 qai,
1502 1324 1556 1373 qua
1572 1312 1603 1363 de
1618 1326 1647 1363 re

324 1397 402 1447 iader
420 1396 515 1459 (044404,
538 1397 604 1447 404444
626 1401 699 1456 04404·
720 1409 787 1445 nanc
808 1396 921 1446 04044604
940 1396 1047 1446 inimicis
1070 1408 1163 1446 0000440
1179 1401 1214 1446 044
1229 1397 1382 1446 canisiani
1397 1402 1421 1447 04
1435 1396 1647 1466 corutantitsirnas

323 1482 452 1543 rideatur,
471 1481 514 1543 qni
531 1483 582 1530 004.
609 1480 748 1531 Sinistrum
766 1480 800 1530 do
818 1478 910 1530 Cluvio
927 1479 1053 1530 iudicium
1071 1479 1104 1529 ad
1122 1478 1266 1531 malevolos
1278 1479 1349 1531 solos
1360 1480 1525 1545 pertinebat,
1544 1479 1646 1532 bonum

325 1568 352 1616 et
367 1564 542 1615 honorificum
559 1564 593 1615 ad
611 1577 714 1615 omnes.
740 1562 837 1614 Saltem
855 1562 1029 1614 scribendum
1046 1566 1116 1614 arat:
1138 1563 1264 1626 omnibns,
1283 1565 1359 1615 etiam
1375 1566 1489 1615 4044444044.
1516 1565 1570 1615 Sed
1587 1577 1647 1615 om·

325 1650 386 1699 nino
409 1650 599 1699 inimicitiarum
620 1650 709 1713 inepta
730 1648 774 1698 hic
796 1647 950 1711 significatio
969 1648 1009 1698 est
1029 1661 1080 1697 nec
1096 1646 1178 1698 ullum
1195 1661 1288 1699 eurum
1306 1650 1332 1700 in
1349 1648 1450 1713 relique
1467 1649 1551 1701 640044
1569 1661 1647 1699 men-

323 1734 395 1783 tione
418 1734 558 1796 vestigium
580 1735 630 1784 est.
660 1733 716 1784 Hoc
734 1733 828 1783 Cicero
845 1732 922 1793 dicit,
946 1732 969 1782 si
989 1732 1089 1783 iuratus
1107 1731 1214 1782 Cluvius
1231 1732 1347 1795 diceret,
1371 1732 1544 1797 quisdicat,
1567 1746 1646 1797 posse

324 1830 386 1867 eum
404 1816 514 1867 tortasse
532 1818 610 1868 nimis
627 1816 754 1881 cupidum
770 1816 868 1878 videri,
892 1828 945 1867 non
963 1818 1053 1866 4044400
1071 1816 1194 1867 omnibus
1211 1829 1263 1867 nec
1280 1818 1347 1868 iuste
1365 1816 1579 1878 aestimantibus,
1598 1816 1646 1868 sed

323 1901 453 1964 inprobis
471 1914 554 1963 nunc,
573 1914 656 1966 quum
673 1902 801 1952 iniuratus
818 1900 902 1960 dicat,
926 1902 1025 1951 nemini
1043 1903 1150 1951 omnino
1167 1902 1194 1950 in
1211 1902 1391 1965 suspicionem
1407 1903 1515 1963 venire,
1536 1914 1646 1966 prorsus

323 1984 447 2036 omnibus
464 1987 643 2037 castissimum
659 1986 810 2036 necessario
821 1984 914 2035 videri.
940 1987 1059 2049 Apparet
1076 1984 1220 2035 tollendum
1232 1998 1293 2036 esse
1309 1986 1426 2036 inimicis.
1451 1984 1482 2035 ld
1499 1987 1589 2035 ortum
1605 1987 1647 2036 ost

324 2083 357 2120 ex
373 2070 492 2132 inprobis
507 2071 563 2120 sive
580 2071 605 2120 ei
623 2068 770 2135 explicandi
785 2082 867 2120 causa
884 2068 1048 2134 adscriptum
1065 2072 1111 2120 aut
1130 2071 1218 2133 potius
1235 2069 1306 2133 quod
1324 2069 1431 2134 aliquis,
1455 2071 1602 2121 sententiae
1620 2071 1647 2120 et

324 2154 449 2204 orationis
467 2154 551 2205 torma
568 2167 621 2204 non
638 2157 793 2219 perspecta.
812 2152 997 2218 improborum
1014 2154 1177 2206 mentionem
1194 2154 1275 2204 etiam
1291 2155 1318 2204 in
1335 2154 1418 2205 altero
1435 2153 1560 2205 membro
1578 2154 1647 2205 desi·

324 2238 427 2290 deravit
442 2240 472 2288 04
487 2240 588 2289 mutato
605 2237 734 2290 vocabulo
752 2238 860 2289 addidit.
878 2240 987 2290 4440οι0.

389 2352 439 2397 pro
454 2340 551 2387 404440.
574 2331 589 2395 5
605 2332 637 2382 49
655 2345 680 2396 p.
694 2331 735 2393 05,
754 2331 795 2383 34.
816 2327 905 2383 Videtis
918 2338 1048 2394 praetores
1061 2344 1108 2394 per
1123 2332 1167 2381 404
1183 2344 1263 2381 annos
1278 2332 1429 2384 intercedere
1444 2332 1490 2382 boc
1506 2334 1646 2395 [interdicte

322 2416 388 2467 00404
404 2417 477 2481 inter]
494 2430 534 2467 me
549 2421 573 2467 04
588 2417 625 2467 44.
643 2416 775 2466 04αο44004
792 2419 843 2467 cet.
869 2419 961 2480 Neque
984 2419 1090 2480 praetor
1107 2416 1235 2466 intercedit
1252 2428 1340 2479 neque
1358 2417 1499 2480 quisquam
1515 2418 1646 2467 interdicto

326 2499 397 2563 (0444.)
414 2501 551 2552 intercedit.
578 2501 673 2551 Cicero
684 2502 841 2565 scripserat:
856 2514 905 2564 per
919 2502 964 2550 404
979 2514 1059 2551 annos
1074 2501 1263 2551 interdicere
1278 2501 1325 2550 boc
1342 2500 1471 2566 [eaeneptq
1487 2503 1556 2553 oetnt
1570 2501 1644 2567 inter]

323 2597 363 2635 me
378 2590 401 2634 04
416 2586 452 2635 44.
472 2585 612 2636 Claudiam.
631 2585 740 2636 4440040.

390 2668 405 2733 5
422 2669 454 2719 36
471 2682 512 2733 sq.
532 2682 559 2734 p.
577 2670 618 2731 07,
638 2669 668 2719 48
691 2669 854 2719 absoluantur
873 2683 957 2720 omnes
977 2671 1006 2720 de
1025 2670 1100 2720 simili
1121 2684 1200 2720 40040
1218 2683 1313 2721 necem
1328 2674 1371 2719 ert.
1397 2671 1449 2720 Hoc
1464 2670 1558 2732 4040444,
1581 2670 1647 2721 bona

323 2753 460 2804 0404040040
482 2753 560 2818 (440),
583 2755 604 2802 44
624 2753 669 2804 boc
688 2754 768 2804 rotam
789 2759 861 2815 04404,
884 2760 968 2805 tamen
990 2755 1101 2804 004004.
1128 2756 1219 2818 Neque
1238 2754 1307 2804 bone
1328 2753 1395 2805 fides
1412 2754 1455 2804 bic
1472 2753 1556 2804 babel
1572 2754 1645 2818 quod

324 2841 397 2901 aget,
416 2850 503 2901 neque
521 2836 651 2888 ablativus
669 2836 711 2888 illo
728 2836 787 2888 loco
804 2839 975 2903 interpositus
992 2838 1098 2901 intelligi
1114 2841 1217 2904 potest,
1236 2852 1325 2902 neque
1342 2839 1503 2902 geminatum
1521 2836 1585 2888 illud
1601 2839 1647 2888 boc

322 2922 403 2972 setam
420 2924 446 2972 et
464 2925 518 2971 tem
535 2923 625 2986 inepto
643 2935 704 2973 cum
722 2921 841 2986 pondere
858 2923 1039 2987 praepositum
1057 2925 1165 2987 temque
1182 2936 1322 2987 perverse:
1341 2923 1487 2983 baciolam,
1505 2923 1528 2972 si
1543 2923 1589 2972 noc
1604 2937 1646 2973 so-

323 3006 384 3056 tum.
409 3005 586 3056 scribendum
608 3008 649 3056 est
670 3006 781 3057 sublatis
799 3006 904 3057 duobus
921 3006 1071 3067 vocabulis,
1096 3020 1165 3071 qnae
1185 3005 1307 3058 librarius
1324 3020 1415 3058 044040
1433 3008 1506 3070 prius
1523 3008 1644 3071 scripsit,

324 3103 406 3153 quam
429 3090 534 3151 debuit,
562 3090 673 3149 deinde,
700 3104 790 3140 errore
813 3091 1012 3152 animadverso,
1039 3094 1128 3142 404000
1151 3104 1203 3142 non
1222 3090 1332 3151 delevit,
1358 3094 1388 3141 04
1404 3104 1486 3155 saepe
1503 3091 1602 3142 tactum
1620 3091 1645 3142 in

323 3175 438 3238 antiquis
459 3173 596 3225 codicibus
615 3174 753 3226 videmus:
775 3175 936 3226 absoluantur
958 3189 1042 3225 ornnes
1056 3176 1131 3225 simili
1147 3175 1177 3224 de
1193 3189 1271 3225 cansa
1286 3188 1381 3227 necesse
1397 3182 1444 3237 est,
1467 3176 1532 3225 bona
1548 3177 1646 3227 neber-

323 3259 392 3309 cntet
413 3259 441 3309 Sl
456 3259 502 3309 tac
517 3259 597 3309 4040444
613 3264 684 3322 ciet,
708 3264 791 3309 temen
808 3262 860 3310 cet.
886 3258 991 3310 Acerba
1008 3261 1102 3311 Cicero
1119 3258 1264 3322 exclamat,
1285 3259 1384 3311 bonam
1401 3259 1556 3311 mehercule
1574 3259 1646 3313 illam

323 3355 383 3393 essa
401 3356 518 3394 causam.
537 3344 646 3394 4440040.

388 3427 403 3490 5
420 3427 452 3477 38
469 3439 495 3491 p.
514 3427 558 3487 08,
577 3427 601 3479 4.
620 3426 760 3479 Tollendus
778 3430 819 3478 est
835 3426 1018 3490 soloecismus,
1038 3429 1083 3491 qui
1101 3431 1142 3479 cst
1159 3429 1184 3478 in
1202 3429 1254 3480 bec
1272 3431 1423 3494 temporum
1443 3430 1642 3480 coniunctione:

322 3511 409 3561 Dicis
425 3516 538 3573 oportere
554 3514 655 3573 quaeri,
677 3513 786 3561 nomines
800 3514 836 3563 44.
857 3513 929 3562 Tullii
944 3514 1041 3562 iniuria
1058 3514 1132 3562 040444
1148 3519 1250 3564 essent
1267 3526 1351 3563 necne.
1378 3512 1555 3565 scribendum
1572 3516 1647 3565 occisi

321 3596 379 3645 sint.
403 3597 457 3645 Nec
475 3596 561 3646 minus
578 3609 691 3659 pravum
708 3599 760 3656 est,
780 3596 852 3659 quod
869 3594 946 3661 paulo
964 3599 1025 3661 post
1042 3597 1141 3647 editur:
1168 3598 1229 3658 qnid
1244 3598 1376 3648 attinuit
1387 3624 1424 3635 --
1435 3599 1506 3660 queri
1518 3600 1645 3661 praetoris

322 3680 491 3742 iniquitatem,
510 3680 576 3742 qnod
592 3681 622 3730 de
637 3681 734 3730 iniuria
749 3695 799 3731 non
816 3681 995 3732 addiderit?
1010 3684 1091 3732 Recte
1110 3682 1258 3732 Huscbkius
1275 3684 1416 3733 addidisset.
1436 3684 1546 3735 44400ιο.

387 3779 412 3830 p.
432 3766 494 3826 408,
512 3765 536 3816 4.
556 3764 672 3826 Grillius,
691 3765 736 3815 ubi
755 3766 870 3830 disputat
887 3767 921 3816 de
939 3768 1048 3816 exordio
1066 3767 1205 3825 orationis,
1230 3768 1298 3817 baec
1314 3768 1391 3817 alleri
1407 3781 1434 3831 p.
1453 3768 1510 3819 48ι;
1534 3770 1579 3818 rln
1596 3767 1645 3818 ob·

322 3863 401 3901 scuro
418 3863 516 3913 genere
534 3850 598 3913 quid
615 3849 704 3901 lacero
722 3849 820 3913 debes,
838 3854 867 3900 ut
884 3849 999 3901 docilem
1015 3850 1095 3901 lacius
1113 3850 1283 3901 auditorem?
1300 3851 1373 3914 quod
1391 3851 1453 3902 40044
1470 3853 1495 3902 40
1512 3852 1642 3903 Tulliana:

322 3936 352 3985 de
367 3935 414 3992 bac
430 3948 471 3996 re,
491 3936 588 3999 inquit,
607 3935 773 3985 indicabitis.»

386 4039 415 4082 tn
430 4038 461 4096 Q.
477 4036 629 4084 0400444004.
654 4028 669 4092 5
686 4028 702 4079 4
724 4042 750 4093 p.
769 4030 826 4090 406,
845 4030 855 4078 4
879 4029 974 4092 (040404.
1001 4028 1050 4078 Sed
1066 4041 1114 4090 qno
1132 4030 1201 4079 coni.
1220 4029 1387 4080 Ruhnkenius
1407 4030 1434 4079 in
1452 4030 1582 4082 bibemos.
1600 4032 1644 4091 444,

321 4126 348 4177 p.
366 4114 424 4164 489.

388 4197 402 4261 5
421 4198 452 4247 40
468 4211 496 4262 p.
514 4199 572 4260 406,
591 4197 607 4248 4
623 4197 704 4248 scrib.
719 4198 827 4260 possitis.

390 4283 405 4345 5
422 4281 454 4332 34
472 4295 499 4346 p.
518 4283 575 4342 440,
593 4281 625 4333 43
643 4280 723 4331 scrib.
742 4282 870 4330 indicium.

386 4366 401 4428 5
418 4365 449 4416 46
467 4380 493 4430 p.
513 4366 570 4427 443,
587 4367 602 4415 4
619 4366 803 4426 cornmiserari‚
821 4364 947 4429 conqueri]
959 4363 1019 4415 vide
1037 4378 1071 4415 ne
1088 4364 1202 4415 04404040
1213 4365 1326 4417 verbum
1339 4365 1446 4419 04404400
1458 4369 1492 4418 044
1504 4367 1645 4432 explicatio

322 4463 355 4500 ex
372 4452 490 4513 margine
508 4449 620 4501 adiecta.
642 4449 694 4513 (Η.)

386 4549 412 4599 p.
432 4535 494 4596 443,
513 4536 545 4585 44
562 4549 593 4585 ne
607 4541 677 4585 moin
692 4535 805 4597 corporis
816 4534 971 4596 perstrinpat
988 4533 1044 4596 (sic)
1061 4534 1141 4583 aciem
1156 4534 1249 4598 inperii
1266 4535 1303 4583 tui
1319 4534 1396 4585 044044
1413 4534 1515 4588 Grillius
1533 4537 1576 4589 lol.
1588 4540 1643 4590 22¹³.

387 4619 402 4682 5
418 4620 450 4668 50
468 4633 494 4682 p.
514 4619 574 4682 444,
593 4621 633 4669 40.
658 4619 850 4682 corrigendum
866 4617 985 4667 videtur:
1010 4631 1043 4666 ec
1059 4618 1146 4678 quibus
1168 4618 1324 4670 0440044440ιί4
1340 4620 1477 4671 bominibus
1494 4648 1522 4658 -
1541 4624 1579 4673 ita
1593 4638 1645 4686 pa·

321 4707 394 4752 ratas
408 4704 477 4752 00044
495 4731 521 4739 -
540 4704 584 4753 4404
599 4704 686 4766 bospes
702 4709 737 4753 est
753 4704 844 4764 aliquis
860 4703 1023 4764 recipiendus.
1042 4703 1091 4764 (Η.)

387 4786 402 4850 5
420 4787 451 4837 68
469 4800 495 4850 p.
514 4788 574 4848 448,
595 4788 625 4836 43
643 4788 702 4837 tort.
721 4787 896 4836 istiusmodi
914 4787 965 4848 (Η.)

386 4889 415 4933 tn
430 4889 544 4934 verrem
557 4890 619 4936 Aer.
633 4893 654 4936 1.
680 4881 694 4944 5
713 4883 723 4930 t
749 4894 776 4945 p.
795 4880 856 4941 449,
874 4882 901 4929 84
926 4880 1009 4930 verba
1032 4893 1097 4941 qnae
1115 4893 1181 4929 nnnc
1197 4881 1247 4929 sint
1263 4881 1304 4930 vir
1321 4881 1415 4933 doctus
1432 4885 1522 4934 nescio
1540 4886 1600 4947 quis
1619 4888 1645 4936 in

322 4967 513 5027 blnemosynac
530 4966 577 5026 lll,
597 4980 623 5030 p.
641 4967 689 5015 480
707 4964 820 5014 delenda
838 4967 930 5015 censet
946 4962 1004 5014 coll.
1023 4977 1049 5027 p.
1063 4962 1120 5023 434,
1132 4964 1173 5013 83.
1197 4964 1272 5014 idem
1288 4967 1408 5017 80440400
1426 4980 1533 5031 quoque
1551 4970 1579 5019 in
1595 4969 1645 5018 ad-

323 5052 376 5100 not.
392 5050 539 5115 proposuit.
553 5051 585 5099 44
597 5050 699 5099 conteri
709 5049 837 5099 londanus
849 5050 884 5110 (in
896 5046 989 5098 litteris
1001 5048 1035 5098 ad
1047 5061 1095 5097 nos
1107 5047 1183 5108 datis)
1196 5062 1223 5113 p.
1238 5049 1293 5109 434,
1307 5052 1347 5100 844.
1367 5051 1424 5112 tto,
1438 5050 1461 5101 4.
1475 5053 1533 5113 trs,
1546 5053 1578 5103 34
1590 5057 1643 5104 004.

387 5134 402 5197 5
420 5136 446 5185 44
468 5147 495 5197 p.
514 5134 576 5193 488,
596 5134 620 5182 3.
638 5132 726 5183 Verba
740 5135 840 5194 primae
854 5134 950 5197 prades
966 5133 1077 5194 lionoris,
1097 5146 1166 5196 quae
1182 5137 1244 5196 post
1255 5140 1391 5196 quaestura
1407 5133 1537 5198 leguntur,
1556 5139 1645 5188 mani·

321 5218 418 5269 testum
435 5220 498 5268 sunt
515 5216 661 5279 glossema,
680 5217 752 5281 quod
771 5219 903 5268 neminem
921 5215 1009 5266 adhuc
1026 5217 1123 5267 vidisse
1141 5217 1271 5281 estquod
1289 5220 1395 5271 mirere.
1416 5221 1465 5283 (Η.)

387 5303 401 5365 5
420 5304 451 5352 49
469 5316 494 5366 p.
514 5300 576 5359 484,
595 5302 610 5349 7
628 5304 661 5350 ad
676 5303 758 5363 ipsum
772 5303 893 5365 (04040040
908 5301 1048 5352 Fabianam
1065 5302 1142 5351 044044
1158 5302 1244 5352 schol.
1263 5304 1361 5353 Lucani
1378 5305 1420 5366 lV,
1440 5306 1480 5354 45.

387 5387 402 5450 5
420 5387 451 5437 43
468 5400 495 5450 p.
509 5387 565 5446 445,
584 5386 670 5449 tlsqq.
689 5400 765 5447 qnam
781 5386 916 5436 liberaliter
931 5399 973 5435 eos
989 5391 1117 5436 tractasset
1134 5392 1161 5437 04
1176 5388 1236 5436 inm
1247 5393 1335 5447 00400,
1354 5402 1411 5436 cnm
1427 5390 1479 5451 ipse
1491 5395 1645 5452 praeturam

319 5473 429 5533 petisset,
447 5476 476 5521 et
491 5470 616 5532 0400440444
632 5471 802 5520 consutoribus
814 5471 999 5532 praetoriisque
1015 5471 1127 5520 comitiis.
1141 5497 1154 5508 -
1163 5497 1177 5508 ·
1188 5472 1240 5521 lloc
1251 5472 1314 5520 alios
1323 5485 1425 5535 nepasse
1440 5487 1471 5523 40
1483 5475 1578 5525 eadee
1589 5479 1642 5526 cet.

321 5556 447 5606 emendat
463 5555 599 5605 londanus.

386 5638 401 5702 5
418 5640 450 5688 46
467 5653 493 5702 p.
513 5640 574 5698 486,
593 5640 608 5689 8
630 5651 785 5701 qnacinnqae
804 5644 909 5702 posset
931 5640 1030 5689 ratione
1047 5639 1258 5691 emendaverunt
1274 5640 1429 5705 Spengelius
1446 5644 1531 5694 04044
1548 5643 1644 5696 doctus

321 5723 347 5772 in
365 5725 554 5787 Mnemosynae
571 5725 618 5783 lll,
637 5737 669 5786 p..
680 5723 737 5772 480,

387 5805 402 5871 5
418 5806 449 5855 at
467 5819 493 5871 p.
514 5809 570 5871 446,
589 5808 620 5859 40
638 5807 698 5858 tort.
713 5813 848 5871 propterea
863 5809 929 5871 qnod
944 5809 974 5859 t.
991 5808 1103 5859 4404044044
1118 5813 1162 5858 044
1176 5813 1280 5871 praetor
1295 5809 1323 5859 in
1338 5809 1435 5860 Sicilia.
1453 5811 1506 5874 (Η.)
