<?xml version="1.0" encoding="UTF-8"?>
<!DOCTYPE html PUBLIC "-//W3C//DTD XHTML 1.0 Transitional//EN"
    "http://www.w3.org/TR/xhtml1/DTD/xhtml1-transitional.dtd">
<html xmlns="http://www.w3.org/1999/xhtml" xml:lang="en" lang="en">
 <head>
  <title>
</title>
<meta http-equiv="Content-Type" content="text/html;charset=utf-8" />
  <meta name='ocr-system' content='tesseract 3.04.00' />
  <meta name='ocr-capabilities' content='ocr_page ocr_carea ocr_par ocr_line ocrx_word'/>
</head>
<body>
  <div class='ocr_page' id='page_1' title='image "./operaquaesupers08halmgoog/operaquaesupers08halmgoog_0312.png"; bbox 0 0 3800 7350; ppageno 0'>
   <div class='ocr_carea' id='block_1_1' title="bbox 148 1157 1332 1308">
    <p class='ocr_par' dir='ltr' id='par_1_1' title="bbox 148 1157 1332 1308">
     <span class='ocr_line' id='line_1_1' title="bbox 148 1157 1332 1308; baseline -0.007 -25"><span class='ocrx_word' id='word_1_1' title='bbox 148 1293 153 1308; x_wconf 35' lang='grc'>,</span> <span class='ocrx_word' id='word_1_2' title='bbox 187 1157 354 1300; x_wconf 58' lang='grc' dir='ltr'><strong>,.,··”“ᾏο34</strong></span> <span class='ocrx_word' id='word_1_3' title='bbox 533 1212 683 1278; x_wconf 79' lang='lat' dir='ltr'><strong>enarro</strong></span> <span class='ocrx_word' id='word_1_4' title='bbox 705 1215 759 1277; x_wconf 88' lang='lat' dir='ltr'><strong>na</strong></span> <span class='ocrx_word' id='word_1_5' title='bbox 781 1213 1010 1278; x_wconf 76' lang='lat' dir='ltr'><strong>saovncns</strong></span> <span class='ocrx_word' id='word_1_6' title='bbox 1034 1211 1332 1277; x_wconf 82' lang='lat' dir='ltr'><strong>consumamus</strong></span> 
     </span>
    </p>
   </div>
   <div class='ocr_carea' id='block_1_2' title="bbox 194 1379 1702 4368">
    <p class='ocr_par' dir='ltr' id='par_1_2' title="bbox 136 1379 1702 4368">
     <span class='ocr_line' id='line_1_2' title="bbox 272 1379 1596 1463; baseline -0.002 -19"><span class='ocrx_word' id='word_1_7' title='bbox 272 1414 313 1427; x_wconf 92' lang='lat'>—</span> <span class='ocrx_word' id='word_1_8' title='bbox 336 1390 455 1463; x_wconf 90' lang='lat' dir='ltr'><strong>patrem</strong></span> <span class='ocrx_word' id='word_1_9' title='bbox 476 1384 561 1456; x_wconf 93' lang='lat' dir='ltr'><strong>dico,</strong></span> <span class='ocrx_word' id='word_1_10' title='bbox 583 1384 674 1445; x_wconf 91' lang='lat' dir='ltr'><strong>cuius</strong></span> <span class='ocrx_word' id='word_1_11' title='bbox 696 1382 816 1445; x_wconf 88' lang='lat' dir='ltr'><strong>utinam</strong></span> <span class='ocrx_word' id='word_1_12' title='bbox 832 1379 887 1444; x_wconf 88' lang='lat' dir='ltr'><strong>lilii</strong></span> <span class='ocrx_word' id='word_1_13' title='bbox 901 1402 941 1444; x_wconf 90' lang='lat' dir='ltr'><strong>ne</strong></span> <span class='ocrx_word' id='word_1_14' title='bbox 960 1382 1203 1463; x_wconf 76' lang='lat' dir='ltr'><strong>degenerassent</strong></span> <span class='ocrx_word' id='word_1_15' title='bbox 1216 1401 1236 1443; x_wconf 86' lang='lat' dir='ltr'><strong>a</strong></span> <span class='ocrx_word' id='word_1_16' title='bbox 1250 1380 1402 1463; x_wconf 82' lang='lat' dir='ltr'><strong>gravitate</strong></span> <span class='ocrx_word' id='word_1_17' title='bbox 1417 1380 1539 1462; x_wconf 87' lang='lat' dir='ltr'><strong>patriai</strong></span> <span class='ocrx_word' id='word_1_18' title='bbox 1554 1412 1596 1426; x_wconf 94' lang='lat'><em>-</em></span> 
     </span>
     <span class='ocr_line' id='line_1_3' title="bbox 272 1472 1597 1558; baseline -0.001 -21"><span class='ocrx_word' id='word_1_19' title='bbox 272 1483 388 1537; x_wconf 89' lang='lat' dir='ltr'><strong>tantam</strong></span> <span class='ocrx_word' id='word_1_20' title='bbox 410 1475 535 1538; x_wconf 89' lang='lat' dir='ltr'><strong>laudem</strong></span> <span class='ocrx_word' id='word_1_21' title='bbox 558 1485 607 1538; x_wconf 91' lang='lat' dir='ltr'><strong>est</strong></span> <span class='ocrx_word' id='word_1_22' title='bbox 627 1476 779 1558; x_wconf 88' lang='lat' dir='ltr'><strong>adeptus,</strong></span> <span class='ocrx_word' id='word_1_23' title='bbox 802 1475 887 1557; x_wconf 89' lang='lat' dir='ltr'><strong>quod</strong></span> <span class='ocrx_word' id='word_1_24' title='bbox 909 1475 1053 1537; x_wconf 88' lang='lat' dir='ltr'><strong>tribunus</strong></span> <span class='ocrx_word' id='word_1_25' title='bbox 1074 1475 1117 1558; x_wconf 95' lang='lat' dir='ltr'><strong>pl.</strong></span> <span class='ocrx_word' id='word_1_26' title='bbox 1140 1474 1226 1538; x_wconf 90' lang='lat' dir='ltr'><strong>solus</strong></span> <span class='ocrx_word' id='word_1_27' title='bbox 1248 1495 1288 1536; x_wconf 87' lang='lat' dir='ltr'><strong>ex</strong></span> <span class='ocrx_word' id='word_1_28' title='bbox 1307 1480 1373 1537; x_wconf 92' lang='lat' dir='ltr'><strong>toto</strong></span> <span class='ocrx_word' id='word_1_29' title='bbox 1390 1473 1445 1536; x_wconf 92' lang='lat' dir='ltr'><strong>illo</strong></span> <span class='ocrx_word' id='word_1_30' title='bbox 1461 1472 1597 1554; x_wconf 88' lang='lat' dir='ltr'><strong>collegio</strong></span> 
     </span>
     <span class='ocr_line' id='line_1_4' title="bbox 274 1564 1596 1650; baseline -0.001 -23"><span class='ocrx_word' id='word_1_31' title='bbox 274 1568 308 1628; x_wconf 95' lang='lat' dir='ltr'><strong>L.</strong></span> <span class='ocrx_word' id='word_1_32' title='bbox 332 1568 471 1649; x_wconf 83' lang='lat' dir='ltr'><strong>Scipioni</strong></span> <span class='ocrx_word' id='word_1_33' title='bbox 493 1569 612 1632; x_wconf 84' lang='lat' dir='ltr'><strong>auxilio</strong></span> <span class='ocrx_word' id='word_1_34' title='bbox 633 1569 711 1642; x_wconf 83' lang='lat' dir='ltr'><strong>fuit,</strong></span> <span class='ocrx_word' id='word_1_35' title='bbox 739 1569 976 1631; x_wconf 89' lang='lat' dir='ltr'><strong>inimicissimus</strong></span> <span class='ocrx_word' id='word_1_36' title='bbox 999 1577 1031 1631; x_wconf 94' lang='lat' dir='ltr'><strong>et</strong></span> <span class='ocrx_word' id='word_1_37' title='bbox 1052 1570 1153 1650; x_wconf 91' lang='lat' dir='ltr'><strong>ipsius</strong></span> <span class='ocrx_word' id='word_1_38' title='bbox 1175 1576 1208 1631; x_wconf 86' lang='lat' dir='ltr'><strong>et</strong></span> <span class='ocrx_word' id='word_1_39' title='bbox 1226 1567 1332 1630; x_wconf 75' lang='lat' dir='ltr'><strong>fratris</strong></span> <span class='ocrx_word' id='word_1_40' title='bbox 1354 1570 1423 1631; x_wconf 88' lang='lat' dir='ltr'><strong>eius</strong></span> <span class='ocrx_word' id='word_1_41' title='bbox 1444 1564 1596 1636; x_wconf 78' lang='lat' dir='ltr'><strong>Africani,</strong></span> 
     </span>
     <span class='ocr_line' id='line_1_5' title="bbox 236 1655 1597 1752; baseline -0.002 -31"><span class='ocrx_word' id='word_1_42' title='bbox 236 1711 241 1752; x_wconf 52' lang='grc' dir='ltr'><strong>Ι.</strong></span> <span class='ocrx_word' id='word_1_43' title='bbox 276 1661 450 1741; x_wconf 81' lang='lat' dir='ltr'><strong>iuravitque</strong></span> <span class='ocrx_word' id='word_1_44' title='bbox 471 1662 505 1722; x_wconf 91' lang='lat' dir='ltr'><strong>in</strong></span> <span class='ocrx_word' id='word_1_45' title='bbox 526 1664 675 1725; x_wconf 91' lang='lat' dir='ltr'><strong>contione</strong></span> <span class='ocrx_word' id='word_1_46' title='bbox 698 1683 732 1725; x_wconf 92' lang='lat' dir='ltr'><strong>se</strong></span> <span class='ocrx_word' id='word_1_47' title='bbox 753 1662 934 1744; x_wconf 89' lang='lat' dir='ltr'><strong>ingratiam</strong></span> <span class='ocrx_word' id='word_1_48' title='bbox 954 1682 1018 1724; x_wconf 93' lang='lat' dir='ltr'><strong>non</strong></span> <span class='ocrx_word' id='word_1_49' title='bbox 1034 1661 1169 1735; x_wconf 80' lang='lat' dir='ltr'><strong>redisse,</strong></span> <span class='ocrx_word' id='word_1_50' title='bbox 1192 1660 1248 1723; x_wconf 92' lang='lat' dir='ltr'><strong>sed</strong></span> <span class='ocrx_word' id='word_1_51' title='bbox 1263 1660 1402 1723; x_wconf 89' lang='lat' dir='ltr'><strong>alienum</strong></span> <span class='ocrx_word' id='word_1_52' title='bbox 1417 1659 1479 1722; x_wconf 85' lang='lat' dir='ltr'><strong>sibi</strong></span> <span class='ocrx_word' id='word_1_53' title='bbox 1495 1655 1597 1719; x_wconf 83' lang='lat' dir='ltr'><strong>videri</strong></span> 
     </span>
     <span class='ocr_line' id='line_1_6' title="bbox 235 1750 1598 1839; baseline 0 -27"><span class='ocrx_word' id='word_1_54' title='bbox 235 1753 425 1834; x_wconf 80' lang='lat' dir='ltr'><strong>&#39;sdignitate</strong></span> <span class='ocrx_word' id='word_1_55' title='bbox 447 1755 589 1837; x_wconf 90' lang='lat' dir='ltr'><strong>imperii,</strong></span> <span class='ocrx_word' id='word_1_56' title='bbox 613 1777 675 1839; x_wconf 92' lang='lat' dir='ltr'><strong>quo</strong></span> <span class='ocrx_word' id='word_1_57' title='bbox 698 1756 795 1818; x_wconf 91' lang='lat' dir='ltr'><strong>duces</strong></span> <span class='ocrx_word' id='word_1_58' title='bbox 818 1764 925 1818; x_wconf 87' lang='lat' dir='ltr'><strong>essent</strong></span> <span class='ocrx_word' id='word_1_59' title='bbox 944 1754 1083 1818; x_wconf 89' lang='lat' dir='ltr'><strong>bostium</strong></span> <span class='ocrx_word' id='word_1_60' title='bbox 1101 1754 1248 1836; x_wconf 84' lang='lat' dir='ltr'><strong>Scipione</strong></span> <span class='ocrx_word' id='word_1_61' title='bbox 1271 1753 1485 1836; x_wconf 76' lang='lat' dir='ltr'><strong>triumphante</strong></span> <span class='ocrx_word' id='word_1_62' title='bbox 1499 1750 1598 1825; x_wconf 92' lang='lat' dir='ltr'><strong>ducti,</strong></span> 
     </span>
     <span class='ocr_line' id='line_1_7' title="bbox 276 1843 1599 1932; baseline -0.001 -25"><span class='ocrx_word' id='word_1_63' title='bbox 276 1846 386 1907; x_wconf 90' lang='lat' dir='ltr'><strong>eodem</strong></span> <span class='ocrx_word' id='word_1_64' title='bbox 409 1848 513 1928; x_wconf 89' lang='lat' dir='ltr'><strong>ipsum</strong></span> <span class='ocrx_word' id='word_1_65' title='bbox 535 1847 625 1923; x_wconf 91' lang='lat' dir='ltr'><strong>duci,</strong></span> <span class='ocrx_word' id='word_1_66' title='bbox 649 1849 704 1932; x_wconf 90' lang='lat' dir='ltr'><strong>qui</strong></span> <span class='ocrx_word' id='word_1_67' title='bbox 726 1847 974 1930; x_wconf 75' lang='lat' dir='ltr'><strong>triumphasset?</strong></span> <span class='ocrx_word' id='word_1_68' title='bbox 1018 1843 1068 1910; x_wconf 79' lang='lat' dir='ltr'><strong>la.</strong></span> <span class='ocrx_word' id='word_1_69' title='bbox 1084 1848 1163 1924; x_wconf 86' lang='lat' dir='ltr'><strong>Quis</strong></span> <span class='ocrx_word' id='word_1_70' title='bbox 1185 1846 1310 1930; x_wconf 89' lang='lat' dir='ltr'><strong>planior</strong></span> <span class='ocrx_word' id='word_1_71' title='bbox 1324 1846 1523 1908; x_wconf 89' lang='lat' dir='ltr'><strong>inimicorum</strong></span> <span class='ocrx_word' id='word_1_72' title='bbox 1537 1843 1599 1907; x_wconf 84' lang='lat' dir='ltr'><strong>luit</strong></span> 
     </span>
     <span class='ocr_line' id='line_1_8' title="bbox 276 1937 1596 2015; baseline -0.002 -14"><span class='ocrx_word' id='word_1_73' title='bbox 276 1937 309 2001; x_wconf 88' lang='lat' dir='ltr'><strong>C.</strong></span> <span class='ocrx_word' id='word_1_74' title='bbox 329 1940 451 2003; x_wconf 74' lang='lat' dir='ltr'><strong>llario?</strong></span> <span class='ocrx_word' id='word_1_75' title='bbox 479 1942 514 2003; x_wconf 92' lang='lat' dir='ltr'><strong>L.</strong></span> <span class='ocrx_word' id='word_1_76' title='bbox 538 1941 684 2015; x_wconf 84' lang='lat' dir='ltr'><strong>Crassus,</strong></span> <span class='ocrx_word' id='word_1_77' title='bbox 715 1944 755 2003; x_wconf 93' lang='grc' dir='ltr'><strong>Μ.</strong></span> <span class='ocrx_word' id='word_1_78' title='bbox 780 1942 916 2012; x_wconf 87' lang='lat' dir='ltr'><strong>Scaurus</strong></span> <span class='ocrx_word' id='word_1_79' title='bbox 939 1940 1055 2003; x_wconf 89' lang='lat' dir='ltr'><strong>alieni:</strong></span> <span class='ocrx_word' id='word_1_80' title='bbox 1081 1942 1198 2004; x_wconf 90' lang='lat' dir='ltr'><strong>inimici</strong></span> <span class='ocrx_word' id='word_1_81' title='bbox 1220 1959 1330 2003; x_wconf 89' lang='lat' dir='ltr'><strong>omnes</strong></span> <span class='ocrx_word' id='word_1_82' title='bbox 1351 1938 1481 2003; x_wconf 81' lang='lat' dir='ltr'><strong>Metelli.</strong></span> <span class='ocrx_word' id='word_1_83' title='bbox 1514 1937 1596 2001; x_wconf 81' lang='lat' dir='ltr'><strong>Atii</strong></span> 
     </span>
     <span class='ocr_line' id='line_1_9' title="bbox 274 2031 1597 2106; baseline -0.001 -12"><span class='ocrx_word' id='word_1_84' title='bbox 274 2051 339 2095; x_wconf 92' lang='lat' dir='ltr'><strong>non</strong></span> <span class='ocrx_word' id='word_1_85' title='bbox 360 2033 453 2096; x_wconf 91' lang='lat' dir='ltr'><strong>modo</strong></span> <span class='ocrx_word' id='word_1_86' title='bbox 475 2035 565 2097; x_wconf 90' lang='lat' dir='ltr'><strong>illum</strong></span> <span class='ocrx_word' id='word_1_87' title='bbox 587 2035 747 2098; x_wconf 92' lang='lat' dir='ltr'><strong>inimicum</strong></span> <span class='ocrx_word' id='word_1_88' title='bbox 771 2055 812 2098; x_wconf 82' lang='lat' dir='ltr'><strong>cx</strong></span> <span class='ocrx_word' id='word_1_89' title='bbox 833 2035 935 2098; x_wconf 86' lang='lat' dir='ltr'><strong>Gallia</strong></span> <span class='ocrx_word' id='word_1_90' title='bbox 957 2034 1122 2099; x_wconf 81' lang='lat' dir='ltr'><strong>sententiis</strong></span> <span class='ocrx_word' id='word_1_91' title='bbox 1143 2035 1209 2097; x_wconf 92' lang='lat' dir='ltr'><strong>suis</strong></span> <span class='ocrx_word' id='word_1_92' title='bbox 1223 2053 1287 2096; x_wconf 88' lang='lat' dir='ltr'><strong>non</strong></span> <span class='ocrx_word' id='word_1_93' title='bbox 1303 2032 1521 2106; x_wconf 87' lang='lat' dir='ltr'><strong>detrahebant,</strong></span> <span class='ocrx_word' id='word_1_94' title='bbox 1542 2031 1597 2094; x_wconf 90' lang='lat' dir='ltr'><strong>sed</strong></span> 
     </span>
     <span class='ocr_line' id='line_1_10' title="bbox 276 2124 1597 2210; baseline 0.001 -24"><span class='ocrx_word' id='word_1_95' title='bbox 276 2125 305 2187; x_wconf 91' lang='lat' dir='ltr'><strong>ei</strong></span> <span class='ocrx_word' id='word_1_96' title='bbox 328 2135 458 2209; x_wconf 91' lang='lat' dir='ltr'><strong>propter</strong></span> <span class='ocrx_word' id='word_1_97' title='bbox 478 2129 631 2191; x_wconf 90' lang='lat' dir='ltr'><strong>rationem</strong></span> <span class='ocrx_word' id='word_1_98' title='bbox 653 2129 765 2192; x_wconf 84' lang='lat' dir='ltr'><strong>Gallici</strong></span> <span class='ocrx_word' id='word_1_99' title='bbox 787 2129 863 2192; x_wconf 90' lang='lat' dir='ltr'><strong>belli</strong></span> <span class='ocrx_word' id='word_1_100' title='bbox 884 2127 1078 2210; x_wconf 79' lang='lat' dir='ltr'><strong>provinciam</strong></span> <span class='ocrx_word' id='word_1_101' title='bbox 1101 2135 1188 2190; x_wconf 86' lang='lat' dir='ltr'><strong>extra</strong></span> <span class='ocrx_word' id='word_1_102' title='bbox 1210 2127 1354 2190; x_wconf 85' lang='lat' dir='ltr'><strong>ordinem</strong></span> <span class='ocrx_word' id='word_1_103' title='bbox 1375 2124 1597 2188; x_wconf 78' lang='lat' dir='ltr'><strong>decernebant</strong></span> 
     </span>
     <span class='ocr_line' id='line_1_11' title="bbox 239 2219 1595 2306; baseline 0.001 -28"><span class='ocrx_word' id='word_1_104' title='bbox 239 2232 267 2278; x_wconf 80' lang='lat' dir='ltr'><strong>to</strong></span> <span class='ocrx_word' id='word_1_105' title='bbox 275 2219 394 2282; x_wconf 89' lang='lat' dir='ltr'><strong>Bellum</strong></span> <span class='ocrx_word' id='word_1_106' title='bbox 416 2223 448 2283; x_wconf 92' lang='lat' dir='ltr'><strong>in</strong></span> <span class='ocrx_word' id='word_1_107' title='bbox 471 2221 571 2284; x_wconf 88' lang='lat' dir='ltr'><strong>Gallia</strong></span> <span class='ocrx_word' id='word_1_108' title='bbox 591 2224 762 2285; x_wconf 87' lang='lat' dir='ltr'><strong>maximnm</strong></span> <span class='ocrx_word' id='word_1_109' title='bbox 785 2230 907 2306; x_wconf 88' lang='lat' dir='ltr'><strong>gestum</strong></span> <span class='ocrx_word' id='word_1_110' title='bbox 929 2229 994 2285; x_wconf 86' lang='lat' dir='ltr'><strong>est:</strong></span> <span class='ocrx_word' id='word_1_111' title='bbox 1017 2221 1153 2283; x_wconf 86' lang='lat' dir='ltr'><strong>domitae</strong></span> <span class='ocrx_word' id='word_1_112' title='bbox 1169 2227 1275 2283; x_wconf 89' lang='lat' dir='ltr'><strong>sunta</strong></span> <span class='ocrx_word' id='word_1_113' title='bbox 1291 2221 1426 2283; x_wconf 88' lang='lat' dir='ltr'><strong>Caesare</strong></span> <span class='ocrx_word' id='word_1_114' title='bbox 1440 2219 1595 2281; x_wconf 81' lang='lat' dir='ltr'><strong>maximae</strong></span> 
     </span>
     <span class='ocr_line' id='line_1_12' title="bbox 275 2308 1599 2398; baseline -0.002 -23"><span class='ocrx_word' id='word_1_115' title='bbox 275 2313 434 2387; x_wconf 88' lang='lat' dir='ltr'><strong>nationes,</strong></span> <span class='ocrx_word' id='word_1_116' title='bbox 463 2315 517 2376; x_wconf 93' lang='lat' dir='ltr'><strong>sed</strong></span> <span class='ocrx_word' id='word_1_117' title='bbox 540 2318 683 2379; x_wconf 90' lang='lat' dir='ltr'><strong>nondum</strong></span> <span class='ocrx_word' id='word_1_118' title='bbox 703 2315 843 2398; x_wconf 90' lang='lat' dir='ltr'><strong>legibus,</strong></span> <span class='ocrx_word' id='word_1_119' title='bbox 869 2316 1012 2378; x_wconf 89' lang='lat' dir='ltr'><strong>nondum</strong></span> <span class='ocrx_word' id='word_1_120' title='bbox 1034 2315 1103 2376; x_wconf 90' lang='lat' dir='ltr'><strong>iure</strong></span> <span class='ocrx_word' id='word_1_121' title='bbox 1125 2322 1227 2387; x_wconf 88' lang='lat' dir='ltr'><strong>certo,</strong></span> <span class='ocrx_word' id='word_1_122' title='bbox 1249 2313 1391 2377; x_wconf 91' lang='lat' dir='ltr'><strong>nondum</strong></span> <span class='ocrx_word' id='word_1_123' title='bbox 1412 2312 1487 2375; x_wconf 90' lang='lat' dir='ltr'><strong>satis</strong></span> <span class='ocrx_word' id='word_1_124' title='bbox 1510 2308 1599 2373; x_wconf 86' lang='lat' dir='ltr'><strong>lirma</strong></span> 
     </span>
     <span class='ocr_line' id='line_1_13' title="bbox 276 2406 1598 2490; baseline 0 -23"><span class='ocrx_word' id='word_1_125' title='bbox 276 2426 351 2489; x_wconf 90' lang='lat' dir='ltr'><strong>pace</strong></span> <span class='ocrx_word' id='word_1_126' title='bbox 373 2406 545 2470; x_wconf 84' lang='lat' dir='ltr'><strong>devinctae.</strong></span> <span class='ocrx_word' id='word_1_127' title='bbox 578 2408 699 2472; x_wconf 91' lang='lat' dir='ltr'><strong>Bellum</strong></span> <span class='ocrx_word' id='word_1_128' title='bbox 722 2411 868 2471; x_wconf 80' lang='lat' dir='ltr'><strong>affectum</strong></span> <span class='ocrx_word' id='word_1_129' title='bbox 891 2408 1035 2471; x_wconf 82' lang='lat' dir='ltr'><strong>videmus</strong></span> <span class='ocrx_word' id='word_1_130' title='bbox 1057 2416 1105 2479; x_wconf 90' lang='lat' dir='ltr'><strong>et,</strong></span> <span class='ocrx_word' id='word_1_131' title='bbox 1129 2427 1201 2471; x_wconf 86' lang='lat' dir='ltr'><strong>vera</strong></span> <span class='ocrx_word' id='word_1_132' title='bbox 1215 2416 1258 2478; x_wconf 74' lang='lat' dir='ltr'><strong>,ut</strong></span> <span class='ocrx_word' id='word_1_133' title='bbox 1272 2407 1386 2482; x_wconf 89' lang='lat' dir='ltr'><strong>dicam,</strong></span> <span class='ocrx_word' id='word_1_134' title='bbox 1408 2424 1509 2490; x_wconf 82' lang='lat' dir='ltr'><strong>paena</strong></span> <span class='ocrx_word' id='word_1_135' title='bbox 1522 2421 1598 2468; x_wconf 85' lang='lat' dir='ltr'><strong>con·</strong></span> 
     </span>
     <span class='ocr_line' id='line_1_14' title="bbox 274 2497 1597 2585; baseline -0.002 -24"><span class='ocrx_word' id='word_1_136' title='bbox 274 2499 405 2574; x_wconf 87' lang='lat' dir='ltr'><strong>fectum,</strong></span> <span class='ocrx_word' id='word_1_137' title='bbox 435 2500 491 2562; x_wconf 91' lang='lat' dir='ltr'><strong>sed</strong></span> <span class='ocrx_word' id='word_1_138' title='bbox 513 2501 575 2576; x_wconf 86' lang='lat' dir='ltr'><strong>ita,</strong></span> <span class='ocrx_word' id='word_1_139' title='bbox 606 2510 656 2576; x_wconf 91' lang='lat' dir='ltr'><strong>ut,</strong></span> <span class='ocrx_word' id='word_1_140' title='bbox 688 2503 715 2565; x_wconf 90' lang='lat' dir='ltr'><strong>si</strong></span> <span class='ocrx_word' id='word_1_141' title='bbox 736 2502 820 2566; x_wconf 90' lang='lat' dir='ltr'><strong>idem</strong></span> <span class='ocrx_word' id='word_1_142' title='bbox 842 2510 985 2565; x_wconf 87' lang='lat' dir='ltr'><strong>extrema</strong></span> <span class='ocrx_word' id='word_1_143' title='bbox 1004 2501 1223 2584; x_wconf 83' lang='lat' dir='ltr'><strong>persequitur,</strong></span> <span class='ocrx_word' id='word_1_144' title='bbox 1253 2502 1308 2585; x_wconf 85' lang='lat' dir='ltr'><strong>qui</strong></span> <span class='ocrx_word' id='word_1_145' title='bbox 1329 2498 1508 2570; x_wconf 84' lang='lat' dir='ltr'><strong>inchoavit,</strong></span> <span class='ocrx_word' id='word_1_146' title='bbox 1535 2497 1597 2559; x_wconf 89' lang='lat' dir='ltr'><strong>iam</strong></span> 
     </span>
     <span class='ocr_line' id='line_1_15' title="bbox 276 2592 1598 2678; baseline -0.002 -23"><span class='ocrx_word' id='word_1_147' title='bbox 276 2595 381 2656; x_wconf 90' lang='lat' dir='ltr'><strong>omnia</strong></span> <span class='ocrx_word' id='word_1_148' title='bbox 408 2594 545 2678; x_wconf 83' lang='lat' dir='ltr'><strong>perfecta</strong></span> <span class='ocrx_word' id='word_1_149' title='bbox 573 2597 753 2671; x_wconf 86' lang='lat' dir='ltr'><strong>videamus,</strong></span> <span class='ocrx_word' id='word_1_150' title='bbox 782 2597 809 2661; x_wconf 89' lang='lat' dir='ltr'><strong>si</strong></span> <span class='ocrx_word' id='word_1_151' title='bbox 837 2596 1035 2669; x_wconf 86' lang='lat' dir='ltr'><strong>succeditur,</strong></span> <span class='ocrx_word' id='word_1_152' title='bbox 1064 2593 1240 2677; x_wconf 88' lang='lat' dir='ltr'><strong>periculum</strong></span> <span class='ocrx_word' id='word_1_153' title='bbox 1261 2593 1319 2669; x_wconf 88' lang='lat' dir='ltr'><strong>ait,</strong></span> <span class='ocrx_word' id='word_1_154' title='bbox 1347 2612 1388 2656; x_wconf 89' lang='lat' dir='ltr'><strong>ne</strong></span> <span class='ocrx_word' id='word_1_155' title='bbox 1409 2592 1598 2654; x_wconf 82' lang='lat' dir='ltr'><strong>instauratas</strong></span> 
     </span>
     <span class='ocr_line' id='line_1_16' title="bbox 240 2684 1599 2771; baseline 0 -24"><span class='ocrx_word' id='word_1_156' title='bbox 240 2700 268 2747; x_wconf 75' lang='lat' dir='ltr'><strong>tt</strong></span> <span class='ocrx_word' id='word_1_157' title='bbox 277 2688 403 2750; x_wconf 82' lang='lat' dir='ltr'><strong>maximi</strong></span> <span class='ocrx_word' id='word_1_158' title='bbox 434 2688 510 2751; x_wconf 91' lang='lat' dir='ltr'><strong>belli</strong></span> <span class='ocrx_word' id='word_1_159' title='bbox 542 2690 690 2771; x_wconf 86' lang='lat' dir='ltr'><strong>reliquias</strong></span> <span class='ocrx_word' id='word_1_160' title='bbox 721 2709 758 2754; x_wconf 88' lang='lat' dir='ltr'><strong>ac</strong></span> <span class='ocrx_word' id='word_1_161' title='bbox 789 2697 957 2752; x_wconf 84' lang='lat' dir='ltr'><strong>renovatas</strong></span> <span class='ocrx_word' id='word_1_162' title='bbox 985 2688 1161 2752; x_wconf 87' lang='lat' dir='ltr'><strong>audiamus.</strong></span> <span class='ocrx_word' id='word_1_163' title='bbox 1205 2684 1257 2750; x_wconf 73' lang='lat'><strong>20.</strong></span> <span class='ocrx_word' id='word_1_164' title='bbox 1278 2689 1362 2769; x_wconf 87' lang='lat' dir='ltr'><strong>Ergo</strong></span> <span class='ocrx_word' id='word_1_165' title='bbox 1392 2705 1452 2769; x_wconf 89' lang='lat' dir='ltr'><strong>ego</strong></span> <span class='ocrx_word' id='word_1_166' title='bbox 1474 2692 1599 2749; x_wconf 84' lang='lat' dir='ltr'><strong>senator</strong></span> 
     </span>
     <span class='ocr_line' id='line_1_17' title="bbox 276 2780 1600 2864; baseline -0.002 -20"><span class='ocrx_word' id='word_1_167' title='bbox 276 2783 440 2857; x_wconf 92' lang='lat' dir='ltr'><strong>inimicus,</strong></span> <span class='ocrx_word' id='word_1_168' title='bbox 471 2783 498 2846; x_wconf 88' lang='lat' dir='ltr'><strong>si</strong></span> <span class='ocrx_word' id='word_1_169' title='bbox 519 2783 564 2845; x_wconf 87' lang='lat' dir='ltr'><strong>ita</strong></span> <span class='ocrx_word' id='word_1_170' title='bbox 585 2783 696 2858; x_wconf 85' lang='lat' dir='ltr'><strong>vultis,</strong></span> <span class='ocrx_word' id='word_1_171' title='bbox 725 2783 866 2857; x_wconf 92' lang='lat' dir='ltr'><strong>bomini,</strong></span> <span class='ocrx_word' id='word_1_172' title='bbox 889 2783 1008 2846; x_wconf 89' lang='lat' dir='ltr'><strong>amicus</strong></span> <span class='ocrx_word' id='word_1_173' title='bbox 1031 2800 1119 2855; x_wconf 89' lang='lat' dir='ltr'><strong>esse,</strong></span> <span class='ocrx_word' id='word_1_174' title='bbox 1142 2782 1223 2843; x_wconf 90' lang='lat' dir='ltr'><strong>sicut</strong></span> <span class='ocrx_word' id='word_1_175' title='bbox 1244 2801 1369 2864; x_wconf 86' lang='lat' dir='ltr'><strong>semper</strong></span> <span class='ocrx_word' id='word_1_176' title='bbox 1389 2780 1451 2855; x_wconf 85' lang='lat' dir='ltr'><strong>lui,</strong></span> <span class='ocrx_word' id='word_1_177' title='bbox 1472 2780 1520 2844; x_wconf 87' lang='lat' dir='ltr'><strong>rei</strong></span> <span class='ocrx_word' id='word_1_178' title='bbox 1541 2800 1600 2862; x_wconf 92' lang='lat' dir='ltr'><strong>pn·</strong></span> 
     </span>
     <span class='ocr_line' id='line_1_18' title="bbox 275 2874 1599 2960; baseline 0 -24"><span class='ocrx_word' id='word_1_179' title='bbox 275 2875 376 2937; x_wconf 92' lang='lat' dir='ltr'><strong>blicae</strong></span> <span class='ocrx_word' id='word_1_180' title='bbox 399 2876 509 2939; x_wconf 88' lang='lat' dir='ltr'><strong>debeo.</strong></span> <span class='ocrx_word' id='word_1_181' title='bbox 548 2876 656 2951; x_wconf 83' lang='lat' dir='ltr'><strong>Quidl</strong></span> <span class='ocrx_word' id='word_1_182' title='bbox 678 2878 704 2940; x_wconf 91' lang='lat' dir='ltr'><strong>si</strong></span> <span class='ocrx_word' id='word_1_183' title='bbox 726 2879 810 2960; x_wconf 88' lang='lat' dir='ltr'><strong>ipsas</strong></span> <span class='ocrx_word' id='word_1_184' title='bbox 831 2877 1012 2941; x_wconf 89' lang='lat' dir='ltr'><strong>inimicitias</strong></span> <span class='ocrx_word' id='word_1_185' title='bbox 1028 2878 1156 2959; x_wconf 90' lang='lat' dir='ltr'><strong>depono</strong></span> <span class='ocrx_word' id='word_1_186' title='bbox 1171 2876 1216 2939; x_wconf 90' lang='lat' dir='ltr'><strong>rei</strong></span> <span class='ocrx_word' id='word_1_187' title='bbox 1233 2876 1379 2959; x_wconf 88' lang='lat' dir='ltr'><strong>publicae</strong></span> <span class='ocrx_word' id='word_1_188' title='bbox 1393 2895 1506 2948; x_wconf 84' lang='lat' dir='ltr'><strong>causa,</strong></span> <span class='ocrx_word' id='word_1_189' title='bbox 1528 2874 1599 2956; x_wconf 91' lang='lat' dir='ltr'><strong>quis</strong></span> 
     </span>
     <span class='ocr_line' id='line_1_19' title="bbox 276 2969 1600 3055; baseline 0 -24"><span class='ocrx_word' id='word_1_190' title='bbox 276 2988 327 3031; x_wconf 92' lang='lat' dir='ltr'><strong>me</strong></span> <span class='ocrx_word' id='word_1_191' title='bbox 351 2969 478 3033; x_wconf 91' lang='lat' dir='ltr'><strong>tandem</strong></span> <span class='ocrx_word' id='word_1_192' title='bbox 500 2972 568 3032; x_wconf 91' lang='lat' dir='ltr'><strong>inre</strong></span> <span class='ocrx_word' id='word_1_193' title='bbox 589 2971 817 3053; x_wconf 73' lang='lat' dir='ltr'><strong>reprehendet?</strong></span> <span class='ocrx_word' id='word_1_194' title='bbox 841 2972 1024 3055; x_wconf 86' lang='lat' dir='ltr'><strong>praesertim</strong></span> <span class='ocrx_word' id='word_1_195' title='bbox 1046 2992 1119 3034; x_wconf 91' lang='lat' dir='ltr'><strong>cnm</strong></span> <span class='ocrx_word' id='word_1_196' title='bbox 1139 2991 1198 3052; x_wconf 91' lang='lat' dir='ltr'><strong>ego</strong></span> <span class='ocrx_word' id='word_1_197' title='bbox 1213 2970 1353 3034; x_wconf 93' lang='lat' dir='ltr'><strong>omnium</strong></span> <span class='ocrx_word' id='word_1_198' title='bbox 1368 2990 1510 3033; x_wconf 91' lang='lat' dir='ltr'><strong>meorum</strong></span> <span class='ocrx_word' id='word_1_199' title='bbox 1524 2989 1600 3032; x_wconf 92' lang='lat' dir='ltr'><strong>con-</strong></span> 
     </span>
     <span class='ocr_line' id='line_1_20' title="bbox 194 3061 1612 3148; baseline -0.001 -23"><span class='ocrx_word' id='word_1_200' title='bbox 194 3093 211 3133; x_wconf 86' lang='lat'><strong>·:</strong></span> <span class='ocrx_word' id='word_1_201' title='bbox 276 3062 418 3126; x_wconf 91' lang='lat' dir='ltr'><strong>siliorum</strong></span> <span class='ocrx_word' id='word_1_202' title='bbox 440 3072 535 3147; x_wconf 90' lang='lat' dir='ltr'><strong>atque</strong></span> <span class='ocrx_word' id='word_1_203' title='bbox 556 3063 708 3127; x_wconf 86' lang='lat' dir='ltr'><strong>laetorum</strong></span> <span class='ocrx_word' id='word_1_204' title='bbox 731 3067 877 3147; x_wconf 84' lang='lat' dir='ltr'><strong>exempla</strong></span> <span class='ocrx_word' id='word_1_205' title='bbox 898 3086 1024 3148; x_wconf 87' lang='lat' dir='ltr'><strong>semper</strong></span> <span class='ocrx_word' id='word_1_206' title='bbox 1046 3086 1087 3128; x_wconf 85' lang='lat' dir='ltr'><strong>ex</strong></span> <span class='ocrx_word' id='word_1_207' title='bbox 1110 3083 1304 3128; x_wconf 88' lang='lat' dir='ltr'><strong>summorum</strong></span> <span class='ocrx_word' id='word_1_208' title='bbox 1324 3063 1488 3127; x_wconf 89' lang='lat' dir='ltr'><strong>hominum</strong></span> <span class='ocrx_word' id='word_1_209' title='bbox 1508 3061 1612 3125; x_wconf 82' lang='lat' dir='ltr'><strong>factis</strong></span> 
     </span>
     <span class='ocr_line' id='line_1_21' title="bbox 239 3154 1600 3240; baseline -0.001 -22.07"><span class='ocrx_word' id='word_1_210' title='bbox 239 3157 354 3219; x_wconf 77' lang='lat' dir='ltr'><strong>mmihi</strong></span> <span class='ocrx_word' id='word_1_211' title='bbox 376 3159 550 3222; x_wconf 85' lang='lat' dir='ltr'><strong>censuerim</strong></span> <span class='ocrx_word' id='word_1_212' title='bbox 572 3158 718 3240; x_wconf 89' lang='lat' dir='ltr'><strong>petenda.</strong></span> <span class='ocrx_word' id='word_1_213' title='bbox 762 3160 817 3221; x_wconf 84' lang='lat' dir='ltr'><strong>Ill.</strong></span> <span class='ocrx_word' id='word_1_214' title='bbox 840 3154 891 3222; x_wconf 69' lang='lat' dir='ltr'><strong>bl.</strong></span> <span class='ocrx_word' id='word_1_215' title='bbox 913 3161 962 3222; x_wconf 79' lang='lat' dir='ltr'><strong>An</strong></span> <span class='ocrx_word' id='word_1_216' title='bbox 984 3178 1059 3222; x_wconf 90' lang='lat' dir='ltr'><strong>vero</strong></span> <span class='ocrx_word' id='word_1_217' title='bbox 1083 3161 1124 3221; x_wconf 94' lang='grc' dir='ltr'><strong>Μ.</strong></span> <span class='ocrx_word' id='word_1_218' title='bbox 1146 3157 1201 3220; x_wconf 90' lang='lat' dir='ltr'><strong>ille</strong></span> <span class='ocrx_word' id='word_1_219' title='bbox 1216 3156 1370 3240; x_wconf 88' lang='lat' dir='ltr'><strong>Lepidus,</strong></span> <span class='ocrx_word' id='word_1_220' title='bbox 1392 3157 1447 3238; x_wconf 93' lang='lat' dir='ltr'><strong>qui</strong></span> <span class='ocrx_word' id='word_1_221' title='bbox 1462 3156 1600 3219; x_wconf 88' lang='lat' dir='ltr'><strong>biscon-</strong></span> 
     </span>
     <span class='ocr_line' id='line_1_22' title="bbox 277 3249 1600 3334; baseline 0 -21"><span class='ocrx_word' id='word_1_222' title='bbox 277 3252 325 3313; x_wconf 89' lang='lat' dir='ltr'><strong>sul</strong></span> <span class='ocrx_word' id='word_1_223' title='bbox 348 3258 381 3313; x_wconf 90' lang='lat' dir='ltr'><strong>et</strong></span> <span class='ocrx_word' id='word_1_224' title='bbox 401 3250 545 3334; x_wconf 74' lang='lat' dir='ltr'><strong>pontifex</strong></span> <span class='ocrx_word' id='word_1_225' title='bbox 566 3251 720 3314; x_wconf 85' lang='lat' dir='ltr'><strong>maximus</strong></span> <span class='ocrx_word' id='word_1_226' title='bbox 738 3252 811 3325; x_wconf 83' lang='lat' dir='ltr'><strong>fuit,</strong></span> <span class='ocrx_word' id='word_1_227' title='bbox 834 3271 900 3315; x_wconf 93' lang='lat' dir='ltr'><strong>non</strong></span> <span class='ocrx_word' id='word_1_228' title='bbox 916 3253 1018 3315; x_wconf 91' lang='lat' dir='ltr'><strong>solum</strong></span> <span class='ocrx_word' id='word_1_229' title='bbox 1035 3252 1205 3315; x_wconf 89' lang='lat' dir='ltr'><strong>memoriae</strong></span> <span class='ocrx_word' id='word_1_230' title='bbox 1220 3251 1412 3325; x_wconf 88' lang='lat' dir='ltr'><strong>testimonio,</strong></span> <span class='ocrx_word' id='word_1_231' title='bbox 1433 3249 1600 3314; x_wconf 88' lang='lat' dir='ltr'><strong>sedetiam</strong></span> 
     </span>
     <span class='ocr_line' id='line_1_23' title="bbox 277 3343 1600 3428; baseline 0 -23"><span class='ocrx_word' id='word_1_232' title='bbox 277 3345 437 3407; x_wconf 88' lang='lat' dir='ltr'><strong>annalium</strong></span> <span class='ocrx_word' id='word_1_233' title='bbox 458 3344 570 3407; x_wconf 90' lang='lat' dir='ltr'><strong>litteris</strong></span> <span class='ocrx_word' id='word_1_234' title='bbox 593 3353 624 3407; x_wconf 88' lang='lat' dir='ltr'><strong>et</strong></span> <span class='ocrx_word' id='word_1_235' title='bbox 645 3347 758 3407; x_wconf 90' lang='lat' dir='ltr'><strong>summi</strong></span> <span class='ocrx_word' id='word_1_236' title='bbox 782 3354 893 3428; x_wconf 84' lang='lat' dir='ltr'><strong>potitae</strong></span> <span class='ocrx_word' id='word_1_237' title='bbox 915 3368 993 3410; x_wconf 88' lang='lat' dir='ltr'><strong>voce</strong></span> <span class='ocrx_word' id='word_1_238' title='bbox 1017 3345 1162 3410; x_wconf 91' lang='lat' dir='ltr'><strong>laudatus</strong></span> <span class='ocrx_word' id='word_1_239' title='bbox 1186 3354 1250 3418; x_wconf 87' lang='lat' dir='ltr'><strong>est,</strong></span> <span class='ocrx_word' id='word_1_240' title='bbox 1272 3343 1358 3428; x_wconf 92' lang='lat' dir='ltr'><strong>qnod</strong></span> <span class='ocrx_word' id='word_1_241' title='bbox 1381 3365 1449 3407; x_wconf 92' lang='lat' dir='ltr'><strong>cum</strong></span> <span class='ocrx_word' id='word_1_242' title='bbox 1471 3346 1513 3409; x_wconf 93' lang='grc' dir='ltr'><strong>Μ.</strong></span> <span class='ocrx_word' id='word_1_243' title='bbox 1527 3344 1600 3408; x_wconf 86' lang='lat' dir='ltr'><strong>Ful·</strong></span> 
     </span>
     <span class='ocr_line' id='line_1_24' title="bbox 260 3426 1598 3556; baseline 0.002 -59"><span class='ocrx_word' id='word_1_244' title='bbox 260 3426 329 3556; x_wconf 77' lang='lat' dir='ltr'><strong>(vio</strong></span> <span class='ocrx_word' id='word_1_245' title='bbox 351 3438 489 3520; x_wconf 89' lang='lat' dir='ltr'><strong>collega,</strong></span> <span class='ocrx_word' id='word_1_246' title='bbox 518 3458 582 3521; x_wconf 95' lang='lat' dir='ltr'><strong>quo</strong></span> <span class='ocrx_word' id='word_1_247' title='bbox 606 3439 657 3500; x_wconf 92' lang='lat' dir='ltr'><strong>die</strong></span> <span class='ocrx_word' id='word_1_248' title='bbox 679 3458 792 3502; x_wconf 87' lang='lat' dir='ltr'><strong>consor</strong></span> <span class='ocrx_word' id='word_1_249' title='bbox 814 3448 862 3503; x_wconf 89' lang='lat' dir='ltr'><strong>est</strong></span> <span class='ocrx_word' id='word_1_250' title='bbox 881 3439 1000 3514; x_wconf 80' lang='lat' dir='ltr'><strong>iactus,</strong></span> <span class='ocrx_word' id='word_1_251' title='bbox 1030 3440 1159 3502; x_wconf 89' lang='lat' dir='ltr'><strong>homine</strong></span> <span class='ocrx_word' id='word_1_252' title='bbox 1180 3438 1410 3513; x_wconf 79' lang='lat' dir='ltr'><strong>inimicissimo,</strong></span> <span class='ocrx_word' id='word_1_253' title='bbox 1432 3439 1465 3500; x_wconf 89' lang='lat' dir='ltr'><strong>in</strong></span> <span class='ocrx_word' id='word_1_254' title='bbox 1487 3458 1598 3521; x_wconf 87' lang='lat' dir='ltr'><strong>campo</strong></span> 
     </span>
     <span class='ocr_line' id='line_1_25' title="bbox 260 3531 1598 3615; baseline 0.001 -24"><span class='ocrx_word' id='word_1_255' title='bbox 260 3531 380 3602; x_wconf 68' lang='lat' dir='ltr'><strong>rotatim</strong></span> <span class='ocrx_word' id='word_1_256' title='bbox 402 3531 498 3594; x_wconf 89' lang='lat' dir='ltr'><strong>rediit</strong></span> <span class='ocrx_word' id='word_1_257' title='bbox 517 3533 550 3594; x_wconf 91' lang='lat' dir='ltr'><strong>in</strong></span> <span class='ocrx_word' id='word_1_258' title='bbox 573 3533 720 3615; x_wconf 87' lang='lat' dir='ltr'><strong>gratiam,</strong></span> <span class='ocrx_word' id='word_1_259' title='bbox 742 3543 777 3595; x_wconf 92' lang='lat' dir='ltr'><strong>ut</strong></span> <span class='ocrx_word' id='word_1_260' title='bbox 799 3553 965 3597; x_wconf 88' lang='lat' dir='ltr'><strong>commune</strong></span> <span class='ocrx_word' id='word_1_261' title='bbox 987 3531 1125 3596; x_wconf 84' lang='lat' dir='ltr'><strong>officinm</strong></span> <span class='ocrx_word' id='word_1_262' title='bbox 1147 3550 1299 3595; x_wconf 87' lang='lat' dir='ltr'><strong>censurae</strong></span> <span class='ocrx_word' id='word_1_263' title='bbox 1313 3533 1472 3595; x_wconf 89' lang='lat' dir='ltr'><strong>communi</strong></span> <span class='ocrx_word' id='word_1_264' title='bbox 1492 3533 1598 3596; x_wconf 88' lang='lat' dir='ltr'><strong>animo</strong></span> 
     </span>
     <span class='ocr_line' id='line_1_26' title="bbox 240 3624 1598 3712; baseline 0.001 -27"><span class='ocrx_word' id='word_1_265' title='bbox 240 3638 313 3687; x_wconf 80' lang='lat' dir='ltr'><strong>saao</strong></span> <span class='ocrx_word' id='word_1_266' title='bbox 340 3625 499 3691; x_wconf 83' lang='lat' dir='ltr'><strong>voluntate</strong></span> <span class='ocrx_word' id='word_1_267' title='bbox 528 3625 756 3691; x_wconf 75' lang='lat' dir='ltr'><strong>defenderent?</strong></span> <span class='ocrx_word' id='word_1_268' title='bbox 785 3631 888 3712; x_wconf 82' lang='lat' dir='ltr'><strong>Atque</strong></span> <span class='ocrx_word' id='word_1_269' title='bbox 923 3635 959 3690; x_wconf 93' lang='lat' dir='ltr'><strong>ut</strong></span> <span class='ocrx_word' id='word_1_270' title='bbox 987 3636 1110 3701; x_wconf 84' lang='lat' dir='ltr'><strong>vetera,</strong></span> <span class='ocrx_word' id='word_1_271' title='bbox 1139 3645 1221 3710; x_wconf 90' lang='lat' dir='ltr'><strong>quae</strong></span> <span class='ocrx_word' id='word_1_272' title='bbox 1250 3633 1324 3691; x_wconf 88' lang='lat' dir='ltr'><strong>aunt</strong></span> <span class='ocrx_word' id='word_1_273' title='bbox 1348 3624 1598 3699; x_wconf 87' lang='lat' dir='ltr'><strong>innumerabilia,</strong></span> 
     </span>
     <span class='ocr_line' id='line_1_27' title="bbox 277 3718 1599 3805; baseline 0.001 -24"><span class='ocrx_word' id='word_1_274' title='bbox 277 3718 413 3794; x_wconf 89' lang='lat' dir='ltr'><strong>mittam,</strong></span> <span class='ocrx_word' id='word_1_275' title='bbox 435 3729 507 3783; x_wconf 86' lang='lat' dir='ltr'><strong>tuns</strong></span> <span class='ocrx_word' id='word_1_276' title='bbox 528 3728 633 3805; x_wconf 87' lang='lat' dir='ltr'><strong>pater,</strong></span> <span class='ocrx_word' id='word_1_277' title='bbox 655 3722 818 3805; x_wconf 91' lang='lat' dir='ltr'><strong>Philippe,</strong></span> <span class='ocrx_word' id='word_1_278' title='bbox 841 3742 947 3785; x_wconf 90' lang='lat' dir='ltr'><strong>nonne</strong></span> <span class='ocrx_word' id='word_1_279' title='bbox 970 3741 1035 3785; x_wconf 92' lang='lat' dir='ltr'><strong>uno</strong></span> <span class='ocrx_word' id='word_1_280' title='bbox 1050 3728 1192 3804; x_wconf 90' lang='lat' dir='ltr'><strong>tempore</strong></span> <span class='ocrx_word' id='word_1_281' title='bbox 1206 3741 1278 3783; x_wconf 92' lang='lat' dir='ltr'><strong>cum</strong></span> <span class='ocrx_word' id='word_1_282' title='bbox 1293 3721 1359 3783; x_wconf 84' lang='lat' dir='ltr'><strong>suis</strong></span> <span class='ocrx_word' id='word_1_283' title='bbox 1373 3719 1599 3783; x_wconf 88' lang='lat' dir='ltr'><strong>inimicissimis</strong></span> 
     </span>
     <span class='ocr_line' id='line_1_28' title="bbox 277 3812 1599 3897; baseline 0.003 -25"><span class='ocrx_word' id='word_1_284' title='bbox 277 3812 309 3872; x_wconf 91' lang='lat' dir='ltr'><strong>in</strong></span> <span class='ocrx_word' id='word_1_285' title='bbox 332 3812 462 3894; x_wconf 82' lang='lat' dir='ltr'><strong>gratiam</strong></span> <span class='ocrx_word' id='word_1_286' title='bbox 484 3813 602 3877; x_wconf 73' lang='lat' dir='ltr'><strong>rediit?</strong></span> <span class='ocrx_word' id='word_1_287' title='bbox 669 3815 740 3877; x_wconf 87' lang='lat' dir='ltr'><strong>ibus</strong></span> <span class='ocrx_word' id='word_1_288' title='bbox 763 3835 835 3877; x_wconf 91' lang='lat' dir='ltr'><strong>enm</strong></span> <span class='ocrx_word' id='word_1_289' title='bbox 857 3816 1002 3880; x_wconf 92' lang='lat' dir='ltr'><strong>omnibus</strong></span> <span class='ocrx_word' id='word_1_290' title='bbox 1025 3814 1135 3878; x_wconf 89' lang='lat' dir='ltr'><strong>eadem</strong></span> <span class='ocrx_word' id='word_1_291' title='bbox 1156 3834 1207 3877; x_wconf 88' lang='lat' dir='ltr'><strong>res</strong></span> <span class='ocrx_word' id='word_1_292' title='bbox 1229 3815 1355 3897; x_wconf 91' lang='lat' dir='ltr'><strong>publica</strong></span> <span class='ocrx_word' id='word_1_293' title='bbox 1373 3814 1599 3887; x_wconf 84' lang='lat' dir='ltr'><strong>reconciliavit,</strong></span> 
     </span>
     <span class='ocr_line' id='line_1_29' title="bbox 276 3890 1702 4029; baseline 0.001 -62"><span class='ocrx_word' id='word_1_294' title='bbox 276 3924 359 3988; x_wconf 84' lang='lat' dir='ltr'><strong>quaa</strong></span> <span class='ocrx_word' id='word_1_295' title='bbox 381 3907 541 3971; x_wconf 81' lang='lat' dir='ltr'><strong>alienarat.</strong></span> <span class='ocrx_word' id='word_1_296' title='bbox 584 3904 626 3970; x_wconf 64' lang='lat'><strong>22</strong></span> <span class='ocrx_word' id='word_1_297' title='bbox 659 3909 758 3970; x_wconf 90' lang='lat' dir='ltr'><strong>ldulta</strong></span> <span class='ocrx_word' id='word_1_298' title='bbox 780 3916 961 3990; x_wconf 86' lang='lat' dir='ltr'><strong>praetereo,</strong></span> <span class='ocrx_word' id='word_1_299' title='bbox 990 3910 1077 3993; x_wconf 93' lang='lat' dir='ltr'><strong>quod</strong></span> <span class='ocrx_word' id='word_1_300' title='bbox 1105 3910 1230 3971; x_wconf 87' lang='lat' dir='ltr'><strong>intueor</strong></span> <span class='ocrx_word' id='word_1_301' title='bbox 1250 3926 1366 3995; x_wconf 22' lang='lat' dir='ltr'><strong>&#39;coram&#39;</strong></span> <span class='ocrx_word' id='word_1_302' title='bbox 1379 3906 1458 3969; x_wconf 90' lang='lat' dir='ltr'><strong>haec</strong></span> <span class='ocrx_word' id='word_1_303' title='bbox 1471 3907 1600 3989; x_wconf 84' lang='lat' dir='ltr'><strong>¹lumina</strong></span> <span class='ocrx_word' id='word_1_304' title='bbox 1613 3890 1702 4029; x_wconf 48' lang='lat' dir='ltr'><strong>pff*</strong></span> 
     </span>
     <span class='ocr_line' id='line_1_30' title="bbox 276 3996 1627 4084; baseline 0.001 -23"><span class='ocrx_word' id='word_1_305' title='bbox 276 4008 371 4081; x_wconf 89' lang='lat' dir='ltr'><strong>atque</strong></span> <span class='ocrx_word' id='word_1_306' title='bbox 403 4012 585 4064; x_wconf 89' lang='lat' dir='ltr'><strong>ornamenta</strong></span> <span class='ocrx_word' id='word_1_307' title='bbox 613 4002 659 4064; x_wconf 89' lang='lat' dir='ltr'><strong>rei</strong></span> <span class='ocrx_word' id='word_1_308' title='bbox 688 4003 853 4084; x_wconf 90' lang='lat' dir='ltr'><strong>publicae,</strong></span> <span class='ocrx_word' id='word_1_309' title='bbox 882 4004 915 4065; x_wconf 89' lang='lat' dir='ltr'><strong>P.</strong></span> <span class='ocrx_word' id='word_1_310' title='bbox 938 4003 1105 4066; x_wconf 80' lang='lat' dir='ltr'><strong>Servilium</strong></span> <span class='ocrx_word' id='word_1_311' title='bbox 1136 4010 1168 4064; x_wconf 90' lang='lat' dir='ltr'><strong>et</strong></span> <span class='ocrx_word' id='word_1_312' title='bbox 1197 4002 1238 4063; x_wconf 88' lang='grc' dir='ltr'><strong>Μ.</strong></span> <span class='ocrx_word' id='word_1_313' title='bbox 1262 3996 1436 4064; x_wconf 77' lang='lat' dir='ltr'><strong>Lucullum.</strong></span> <span class='ocrx_word' id='word_1_314' title='bbox 1476 3999 1600 4063; x_wconf 80' lang='lat' dir='ltr'><strong>Utinam</strong></span> <span class='ocrx_word' id='word_1_315' title='bbox 1617 4012 1627 4041; x_wconf 74' lang='lat'><strong>=.</strong></span> 
     </span>
     <span class='ocr_line' id='line_1_31' title="bbox 239 4094 1598 4173; baseline 0.001 -19"><span class='ocrx_word' id='word_1_316' title='bbox 239 4094 372 4155; x_wconf 75' lang='lat' dir='ltr'><strong>scotiam</strong></span> <span class='ocrx_word' id='word_1_317' title='bbox 401 4094 435 4155; x_wconf 90' lang='lat' dir='ltr'><strong>L.</strong></span> <span class='ocrx_word' id='word_1_318' title='bbox 458 4095 609 4158; x_wconf 87' lang='lat' dir='ltr'><strong>Lucullus</strong></span> <span class='ocrx_word' id='word_1_319' title='bbox 639 4096 703 4158; x_wconf 92' lang='lat' dir='ltr'><strong>illio</strong></span> <span class='ocrx_word' id='word_1_320' title='bbox 728 4096 895 4159; x_wconf 78' lang='lat' dir='ltr'><strong>assideret!</strong></span> <span class='ocrx_word' id='word_1_321' title='bbox 933 4096 1023 4172; x_wconf 85' lang='lat' dir='ltr'><strong>Quae</strong></span> <span class='ocrx_word' id='word_1_322' title='bbox 1052 4097 1180 4159; x_wconf 85' lang='lat' dir='ltr'><strong>luerunt</strong></span> <span class='ocrx_word' id='word_1_323' title='bbox 1207 4095 1388 4159; x_wconf 88' lang='lat' dir='ltr'><strong>inimicitiae</strong></span> <span class='ocrx_word' id='word_1_324' title='bbox 1419 4095 1598 4173; x_wconf 82' lang='lat' dir='ltr'><strong>incivitate</strong></span> 
     </span>
     <span class='ocr_line' id='line_1_32' title="bbox 276 4189 1598 4274; baseline 0 -25"><span class='ocrx_word' id='word_1_325' title='bbox 276 4189 436 4269; x_wconf 89' lang='lat' dir='ltr'><strong>graviores</strong></span> <span class='ocrx_word' id='word_1_326' title='bbox 457 4208 552 4272; x_wconf 91' lang='lat' dir='ltr'><strong>quam</strong></span> <span class='ocrx_word' id='word_1_327' title='bbox 574 4190 777 4253; x_wconf 91' lang='lat' dir='ltr'><strong>Lucullorum</strong></span> <span class='ocrx_word' id='word_1_328' title='bbox 799 4198 894 4273; x_wconf 89' lang='lat' dir='ltr'><strong>atque</strong></span> <span class='ocrx_word' id='word_1_329' title='bbox 911 4190 1058 4253; x_wconf 75' lang='lat' dir='ltr'><strong>Servilii?</strong></span> <span class='ocrx_word' id='word_1_330' title='bbox 1080 4211 1159 4274; x_wconf 91' lang='lat' dir='ltr'><strong>quas</strong></span> <span class='ocrx_word' id='word_1_331' title='bbox 1181 4191 1215 4253; x_wconf 93' lang='lat' dir='ltr'><strong>in</strong></span> <span class='ocrx_word' id='word_1_332' title='bbox 1236 4190 1312 4253; x_wconf 87' lang='lat' dir='ltr'><strong>viris</strong></span> <span class='ocrx_word' id='word_1_333' title='bbox 1332 4189 1512 4271; x_wconf 79' lang='lat' dir='ltr'><strong>fortissimis</strong></span> <span class='ocrx_word' id='word_1_334' title='bbox 1534 4207 1598 4250; x_wconf 93' lang='lat' dir='ltr'><strong>non</strong></span> 
     </span>
     <span class='ocr_line' id='line_1_33' title="bbox 278 4282 1598 4368; baseline -0.002 -23"><span class='ocrx_word' id='word_1_335' title='bbox 278 4283 378 4346; x_wconf 91' lang='lat' dir='ltr'><strong>solnm</strong></span> <span class='ocrx_word' id='word_1_336' title='bbox 401 4284 553 4347; x_wconf 85' lang='lat' dir='ltr'><strong>exstinxit</strong></span> <span class='ocrx_word' id='word_1_337' title='bbox 574 4285 620 4346; x_wconf 89' lang='lat' dir='ltr'><strong>rei</strong></span> <span class='ocrx_word' id='word_1_338' title='bbox 643 4284 787 4366; x_wconf 87' lang='lat' dir='ltr'><strong>publicae</strong></span> <span class='ocrx_word' id='word_1_339' title='bbox 805 4282 849 4318; x_wconf 65' lang='lat' dir='ltr'><strong>ss</strong></span> <span class='ocrx_word' id='word_1_340' title='bbox 866 4285 1066 4367; x_wconf 78' lang='lat' dir='ltr'><strong>dignitasque</strong></span> <span class='ocrx_word' id='word_1_341' title='bbox 1088 4287 1241 4368; x_wconf 89' lang='lat' dir='ltr'><strong>ipsorum,</strong></span> <span class='ocrx_word' id='word_1_342' title='bbox 1264 4283 1320 4348; x_wconf 88' lang='lat' dir='ltr'><strong>aad</strong></span> <span class='ocrx_word' id='word_1_343' title='bbox 1345 4284 1439 4346; x_wconf 89' lang='lat' dir='ltr'><strong>etiam</strong></span> <span class='ocrx_word' id='word_1_344' title='bbox 1461 4284 1501 4345; x_wconf 90' lang='lat' dir='ltr'><strong>ad</strong></span> <span class='ocrx_word' id='word_1_345' title='bbox 1523 4282 1598 4343; x_wconf 89' lang='lat' dir='ltr'><strong>ami·</strong></span> 
     </span>
    </p>
   </div>
   <div class='ocr_carea' id='block_1_3' title="bbox 1434 4518 1450 4556">
    <p class='ocr_par' dir='ltr' id='par_1_3' title="bbox 1434 4518 1450 4556">
     <span class='ocr_line' id='line_1_34' title="bbox 1434 4518 1450 4556; baseline 0 -11"><span class='ocrx_word' id='word_1_346' title='bbox 1434 4518 1450 4556; x_wconf 71' lang='grc' dir='ltr'><strong>[ι</strong></span> 
     </span>
    </p>
   </div>
   <div class='ocr_carea' id='block_1_4' title="bbox 276 4628 1644 5976">
    <p class='ocr_par' dir='ltr' id='par_1_4' title="bbox 276 4628 1644 5976">
     <span class='ocr_line' id='line_1_35' title="bbox 278 4628 1596 4695; baseline -0.001 -14"><span class='ocrx_word' id='word_1_347' title='bbox 278 4631 316 4682; x_wconf 87' lang='lat' dir='ltr'><strong>Cl.</strong></span> <span class='ocrx_word' id='word_1_348' title='bbox 335 4644 361 4695; x_wconf 91' lang='lat' dir='ltr'><strong>p.</strong></span> <span class='ocrx_word' id='word_1_349' title='bbox 382 4630 457 4690; x_wconf 73' lang='grc'><strong>4636,</strong></span> <span class='ocrx_word' id='word_1_350' title='bbox 475 4632 516 4680; x_wconf 69' lang='lat'><strong>20.</strong></span> <span class='ocrx_word' id='word_1_351' title='bbox 537 4655 564 4667; x_wconf 92' lang='lat'><em>-</em></span> <span class='ocrx_word' id='word_1_352' title='bbox 591 4631 636 4694; x_wconf 75' lang='lat' dir='ltr'><strong>li]</strong></span> <span class='ocrx_word' id='word_1_353' title='bbox 659 4631 683 4679; x_wconf 84' lang='lat' dir='ltr'><strong>T.</strong></span> <span class='ocrx_word' id='word_1_354' title='bbox 704 4632 751 4680; x_wconf 88' lang='lat' dir='ltr'><strong>PG</strong></span> <span class='ocrx_word' id='word_1_355' title='bbox 771 4655 797 4666; x_wconf 95' lang='lat'><em>-</em></span> <span class='ocrx_word' id='word_1_356' title='bbox 822 4633 846 4681; x_wconf 86' lang='lat' dir='ltr'><strong>t.</strong></span> <span class='ocrx_word' id='word_1_357' title='bbox 864 4633 951 4694; x_wconf 83' lang='lat' dir='ltr'><strong>petria</strong></span> <span class='ocrx_word' id='word_1_358' title='bbox 973 4633 1005 4679; x_wconf 79' lang='lat' dir='ltr'><strong>C:</strong></span> <span class='ocrx_word' id='word_1_359' title='bbox 1030 4636 1140 4693; x_wconf 75' lang='lat' dir='ltr'><strong>paterno</strong></span> <span class='ocrx_word' id='word_1_360' title='bbox 1161 4630 1180 4679; x_wconf 94' lang='lat'>0</span> <span class='ocrx_word' id='word_1_361' title='bbox 1200 4657 1226 4665; x_wconf 92' lang='lat'>-</span> <span class='ocrx_word' id='word_1_362' title='bbox 1253 4632 1277 4678; x_wconf 74' lang='lat'><strong>2.</strong></span> <span class='ocrx_word' id='word_1_363' title='bbox 1296 4631 1322 4679; x_wconf 90' lang='lat' dir='ltr'><strong>P.</strong></span> <span class='ocrx_word' id='word_1_364' title='bbox 1342 4631 1369 4679; x_wconf 88' lang='lat' dir='ltr'><strong>L.</strong></span> <span class='ocrx_word' id='word_1_365' title='bbox 1389 4628 1550 4691; x_wconf 49' lang='lat' dir='ltr'><strong>inpacto</strong></span> <span class='ocrx_word' id='word_1_366' title='bbox 1570 4657 1596 4665; x_wconf 94' lang='lat'><em>-</em></span> 
     </span>
     <span class='ocr_line' id='line_1_36' title="bbox 276 4700 1599 4770; baseline -0.003 -14"><span class='ocrx_word' id='word_1_367' title='bbox 276 4708 301 4756; x_wconf 83' lang='lat' dir='ltr'><strong>e.</strong></span> <span class='ocrx_word' id='word_1_368' title='bbox 320 4707 430 4755; x_wconf 65' lang='lat' dir='ltr'><strong>cocleae</strong></span> <span class='ocrx_word' id='word_1_369' title='bbox 446 4708 477 4756; x_wconf 88' lang='lat' dir='ltr'><strong>P:</strong></span> <span class='ocrx_word' id='word_1_370' title='bbox 496 4707 612 4756; x_wconf 73' lang='lat' dir='ltr'><strong>coccioac</strong></span> <span class='ocrx_word' id='word_1_371' title='bbox 628 4707 692 4756; x_wconf 91' lang='lat' dir='ltr'><strong>O—</strong></span> <span class='ocrx_word' id='word_1_372' title='bbox 708 4707 799 4756; x_wconf 82' lang='lat' dir='ltr'><strong>redisse</strong></span> <span class='ocrx_word' id='word_1_373' title='bbox 816 4707 849 4756; x_wconf 90' lang='lat' dir='ltr'><strong>P:</strong></span> <span class='ocrx_word' id='word_1_374' title='bbox 869 4706 998 4755; x_wconf 81' lang='lat' dir='ltr'><strong>rediirsco</strong></span> <span class='ocrx_word' id='word_1_375' title='bbox 1013 4733 1040 4742; x_wconf 97' lang='lat'><em>-</em></span> <span class='ocrx_word' id='word_1_376' title='bbox 1059 4708 1083 4755; x_wconf 84' lang='lat' dir='ltr'><strong>o.</strong></span> <span class='ocrx_word' id='word_1_377' title='bbox 1103 4705 1160 4770; x_wconf 79' lang='lat' dir='ltr'><strong>qao]</strong></span> <span class='ocrx_word' id='word_1_378' title='bbox 1179 4707 1244 4767; x_wconf 83' lang='lat' dir='ltr'><strong>quod</strong></span> <span class='ocrx_word' id='word_1_379' title='bbox 1262 4703 1288 4755; x_wconf 93' lang='lat' dir='ltr'><strong>P¹</strong></span> <span class='ocrx_word' id='word_1_380' title='bbox 1303 4731 1329 4741; x_wconf 88' lang='lat'>-</span> <span class='ocrx_word' id='word_1_381' title='bbox 1348 4708 1408 4754; x_wconf 79' lang='lat' dir='ltr'><strong>osset</strong></span> <span class='ocrx_word' id='word_1_382' title='bbox 1424 4700 1453 4754; x_wconf 92' lang='lat' dir='ltr'><strong>P¹</strong></span> <span class='ocrx_word' id='word_1_383' title='bbox 1467 4732 1493 4740; x_wconf 96' lang='lat'><em>-</em></span> <span class='ocrx_word' id='word_1_384' title='bbox 1513 4703 1539 4753; x_wconf 97' lang='grc'><strong>6.</strong></span> <span class='ocrx_word' id='word_1_385' title='bbox 1556 4717 1599 4752; x_wconf 86' lang='lat' dir='ltr'><strong>eo-</strong></span> 
     </span>
     <span class='ocr_line' id='line_1_37' title="bbox 277 4776 1601 4844; baseline 0 -15"><span class='ocrx_word' id='word_1_386' title='bbox 277 4782 336 4829; x_wconf 82' lang='lat' dir='ltr'><strong>dem</strong></span> <span class='ocrx_word' id='word_1_387' title='bbox 353 4779 382 4831; x_wconf 85' lang='lat' dir='ltr'><strong>P¹</strong></span> <span class='ocrx_word' id='word_1_388' title='bbox 395 4808 420 4818; x_wconf 91' lang='lat'>-</span> <span class='ocrx_word' id='word_1_389' title='bbox 441 4780 466 4829; x_wconf 82' lang='lat'><strong>7.</strong></span> <span class='ocrx_word' id='word_1_390' title='bbox 484 4793 574 4830; x_wconf 79' lang='lat' dir='ltr'><strong>scarus</strong></span> <span class='ocrx_word' id='word_1_391' title='bbox 590 4781 618 4831; x_wconf 89' lang='lat' dir='ltr'><strong>P¹</strong></span> <span class='ocrx_word' id='word_1_392' title='bbox 639 4808 664 4817; x_wconf 81' lang='lat'><em>—</em></span> <span class='ocrx_word' id='word_1_393' title='bbox 684 4782 772 4832; x_wconf 76' lang='lat' dir='ltr'><strong>client:</strong></span> <span class='ocrx_word' id='word_1_394' title='bbox 790 4781 884 4830; x_wconf 77' lang='lat' dir='ltr'><strong>inimici</strong></span> <span class='ocrx_word' id='word_1_395' title='bbox 901 4780 1044 4843; x_wconf 79' lang='lat' dir='ltr'><strong>Madvigius</strong></span> <span class='ocrx_word' id='word_1_396' title='bbox 1065 4779 1089 4840; x_wconf 87' lang='lat' dir='ltr'><strong>(l.</strong></span> <span class='ocrx_word' id='word_1_397' title='bbox 1110 4779 1126 4830; x_wconf 93' lang='grc' dir='ltr'><strong>Ι.</strong></span> <span class='ocrx_word' id='word_1_398' title='bbox 1145 4793 1171 4844; x_wconf 88' lang='lat' dir='ltr'><strong>p.</strong></span> <span class='ocrx_word' id='word_1_399' title='bbox 1190 4781 1254 4841; x_wconf 78' lang='lat' dir='ltr'><strong>⁴⁰=l²</strong></span> <span class='ocrx_word' id='word_1_400' title='bbox 1274 4779 1336 4829; x_wconf 81' lang='lat' dir='ltr'><strong>utici</strong></span> <span class='ocrx_word' id='word_1_401' title='bbox 1352 4778 1446 4827; x_wconf 84' lang='lat' dir='ltr'><strong>inimici</strong></span> <span class='ocrx_word' id='word_1_402' title='bbox 1462 4776 1505 4838; x_wconf 81' lang='lat' dir='ltr'><strong>P¹;</strong></span> <span class='ocrx_word' id='word_1_403' title='bbox 1524 4780 1601 4829; x_wconf 84' lang='lat' dir='ltr'><strong>altine</strong></span> 
     </span>
     <span class='ocr_line' id='line_1_38' title="bbox 277 4852 1598 4919; baseline -0.001 -15"><span class='ocrx_word' id='word_1_404' title='bbox 277 4857 371 4905; x_wconf 83' lang='lat' dir='ltr'><strong>inimici</strong></span> <span class='ocrx_word' id='word_1_405' title='bbox 388 4852 489 4913; x_wconf 56' lang='grc' dir='ltr'><strong>Μῦες</strong></span> <span class='ocrx_word' id='word_1_406' title='bbox 508 4855 593 4919; x_wconf 81' lang='lat' dir='ltr'><strong>[attice</strong></span> <span class='ocrx_word' id='word_1_407' title='bbox 608 4856 711 4918; x_wconf 70' lang='lat' dir='ltr'><strong>inimice]</strong></span> <span class='ocrx_word' id='word_1_408' title='bbox 730 4856 759 4906; x_wconf 91' lang='lat'><strong>0.</strong></span> <span class='ocrx_word' id='word_1_409' title='bbox 779 4856 817 4906; x_wconf 86' lang='lat' dir='ltr'><strong>Ct.</strong></span> <span class='ocrx_word' id='word_1_410' title='bbox 838 4855 964 4905; x_wconf 87' lang='lat' dir='ltr'><strong>lllotzinm</strong></span> <span class='ocrx_word' id='word_1_411' title='bbox 982 4856 1006 4904; x_wconf 93' lang='lat' dir='ltr'><strong>in</strong></span> <span class='ocrx_word' id='word_1_412' title='bbox 1025 4856 1162 4919; x_wconf 88' lang='lat' dir='ltr'><strong>prooemio</strong></span> <span class='ocrx_word' id='word_1_413' title='bbox 1180 4855 1222 4904; x_wconf 90' lang='lat' dir='ltr'><strong>ed.</strong></span> <span class='ocrx_word' id='word_1_414' title='bbox 1241 4854 1341 4904; x_wconf 82' lang='lat' dir='ltr'><strong>Tenba.</strong></span> <span class='ocrx_word' id='word_1_415' title='bbox 1361 4867 1388 4919; x_wconf 92' lang='lat' dir='ltr'><strong>p.</strong></span> <span class='ocrx_word' id='word_1_416' title='bbox 1406 4855 1459 4903; x_wconf 81' lang='lat' dir='ltr'><strong>xv.</strong></span> <span class='ocrx_word' id='word_1_417' title='bbox 1480 4880 1507 4889; x_wconf 96' lang='lat'>-</span> <span class='ocrx_word' id='word_1_418' title='bbox 1529 4856 1547 4903; x_wconf 83' lang='lat' dir='ltr'><strong>ti</strong></span> <span class='ocrx_word' id='word_1_419' title='bbox 1565 4856 1598 4905; x_wconf 86' lang='lat' dir='ltr'><strong>C:</strong></span> 
     </span>
     <span class='ocr_line' id='line_1_39' title="bbox 277 4928 1601 4994; baseline 0.001 -15"><span class='ocrx_word' id='word_1_420' title='bbox 277 4933 302 4979; x_wconf 81' lang='lat' dir='ltr'><strong>iri</strong></span> <span class='ocrx_word' id='word_1_421' title='bbox 313 4931 333 4980; x_wconf 90' lang='lat'>0</span> <span class='ocrx_word' id='word_1_422' title='bbox 344 4956 371 4967; x_wconf 95' lang='lat'>-</span> <span class='ocrx_word' id='word_1_423' title='bbox 391 4931 414 4980; x_wconf 88' lang='lat'><strong>8.</strong></span> <span class='ocrx_word' id='word_1_424' title='bbox 427 4931 469 4980; x_wconf 80' lang='lat' dir='ltr'><strong>scd</strong></span> <span class='ocrx_word' id='word_1_425' title='bbox 484 4933 507 4981; x_wconf 86' lang='lat' dir='ltr'><strong>ci</strong></span> <span class='ocrx_word' id='word_1_426' title='bbox 523 4931 657 4982; x_wconf 87' lang='lat' dir='ltr'><strong>Halmius:</strong></span> <span class='ocrx_word' id='word_1_427' title='bbox 676 4933 717 4982; x_wconf 83' lang='lat' dir='ltr'><strong>sed</strong></span> <span class='ocrx_word' id='word_1_428' title='bbox 733 4936 755 4981; x_wconf 83' lang='lat' dir='ltr'><strong>ct</strong></span> <span class='ocrx_word' id='word_1_429' title='bbox 773 4932 829 4981; x_wconf 87' lang='lat' dir='ltr'><strong>CO.</strong></span> <span class='ocrx_word' id='word_1_430' title='bbox 849 4933 946 4981; x_wconf 87' lang='lat' dir='ltr'><strong>Omnes</strong></span> <span class='ocrx_word' id='word_1_431' title='bbox 963 4928 1022 4991; x_wconf 88' lang='lat' dir='ltr'><strong>loci,</strong></span> <span class='ocrx_word' id='word_1_432' title='bbox 1042 4945 1110 4994; x_wconf 88' lang='lat' dir='ltr'><strong>quos</strong></span> <span class='ocrx_word' id='word_1_433' title='bbox 1126 4930 1210 4980; x_wconf 86' lang='lat' dir='ltr'><strong>attulit</strong></span> <span class='ocrx_word' id='word_1_434' title='bbox 1226 4931 1337 4981; x_wconf 86' lang='lat' dir='ltr'><strong>Haasius</strong></span> <span class='ocrx_word' id='word_1_435' title='bbox 1354 4930 1389 4979; x_wconf 88' lang='lat' dir='ltr'><strong>ad</strong></span> <span class='ocrx_word' id='word_1_436' title='bbox 1400 4929 1503 4991; x_wconf 81' lang='lat' dir='ltr'><strong>llelsigii</strong></span> <span class='ocrx_word' id='word_1_437' title='bbox 1515 4930 1601 4980; x_wconf 90' lang='lat' dir='ltr'><strong>Scho-</strong></span> 
     </span>
     <span class='ocr_line' id='line_1_40' title="bbox 278 5003 1598 5069; baseline -0.002 -13"><span class='ocrx_word' id='word_1_438' title='bbox 278 5006 316 5056; x_wconf 88' lang='lat' dir='ltr'><strong>las</strong></span> <span class='ocrx_word' id='word_1_439' title='bbox 338 5006 371 5055; x_wconf 91' lang='lat' dir='ltr'><strong>de</strong></span> <span class='ocrx_word' id='word_1_440' title='bbox 393 5004 479 5068; x_wconf 88' lang='lat' dir='ltr'><strong>lingua</strong></span> <span class='ocrx_word' id='word_1_441' title='bbox 501 5009 589 5058; x_wconf 88' lang='lat' dir='ltr'><strong>Latina</strong></span> <span class='ocrx_word' id='word_1_442' title='bbox 613 5021 638 5056; x_wconf 89' lang='lat' dir='ltr'><strong>n.</strong></span> <span class='ocrx_word' id='word_1_443' title='bbox 657 5006 716 5068; x_wconf 72' lang='lat' dir='ltr'><strong>lta,</strong></span> <span class='ocrx_word' id='word_1_444' title='bbox 744 5007 768 5055; x_wconf 91' lang='lat' dir='ltr'><strong>in</strong></span> <span class='ocrx_word' id='word_1_445' title='bbox 792 5004 889 5069; x_wconf 88' lang='lat' dir='ltr'><strong>quihus</strong></span> <span class='ocrx_word' id='word_1_446' title='bbox 910 5006 1002 5055; x_wconf 88' lang='lat' dir='ltr'><strong>Cicero</strong></span> <span class='ocrx_word' id='word_1_447' title='bbox 1024 5007 1066 5055; x_wconf 81' lang='lat' dir='ltr'><strong>scd</strong></span> <span class='ocrx_word' id='word_1_448' title='bbox 1086 5011 1110 5055; x_wconf 86' lang='lat' dir='ltr'><strong>et</strong></span> <span class='ocrx_word' id='word_1_449' title='bbox 1131 5019 1179 5069; x_wconf 89' lang='lat' dir='ltr'><strong>pro</strong></span> <span class='ocrx_word' id='word_1_450' title='bbox 1198 5006 1239 5054; x_wconf 78' lang='lat' dir='ltr'><strong>aad</strong></span> <span class='ocrx_word' id='word_1_451' title='bbox 1255 5006 1330 5055; x_wconf 82' lang='lat' dir='ltr'><strong>ctiam</strong></span> <span class='ocrx_word' id='word_1_452' title='bbox 1347 5004 1486 5067; x_wconf 90' lang='lat' dir='ltr'><strong>scripsisse</strong></span> <span class='ocrx_word' id='word_1_453' title='bbox 1503 5003 1598 5064; x_wconf 72' lang='lat' dir='ltr'><strong>lemur,</strong></span> 
     </span>
     <span class='ocr_line' id='line_1_41' title="bbox 278 5077 1600 5137; baseline -0.002 -4"><span class='ocrx_word' id='word_1_454' title='bbox 278 5096 347 5133; x_wconf 88' lang='lat' dir='ltr'><strong>nnnc</strong></span> <span class='ocrx_word' id='word_1_455' title='bbox 365 5095 397 5132; x_wconf 83' lang='lat' dir='ltr'><strong>ex</strong></span> <span class='ocrx_word' id='word_1_456' title='bbox 415 5081 568 5132; x_wconf 89' lang='lat' dir='ltr'><strong>melioribus</strong></span> <span class='ocrx_word' id='word_1_457' title='bbox 590 5081 663 5132; x_wconf 87' lang='lat' dir='ltr'><strong>libris</strong></span> <span class='ocrx_word' id='word_1_458' title='bbox 681 5083 794 5131; x_wconf 85' lang='lat' dir='ltr'><strong>correcti</strong></span> <span class='ocrx_word' id='word_1_459' title='bbox 815 5083 884 5130; x_wconf 89' lang='lat' dir='ltr'><strong>sunt.</strong></span> <span class='ocrx_word' id='word_1_460' title='bbox 906 5106 933 5116; x_wconf 96' lang='lat'>-</span> <span class='ocrx_word' id='word_1_461' title='bbox 956 5082 996 5128; x_wconf 85' lang='grc'><strong>46.</strong></span> <span class='ocrx_word' id='word_1_462' title='bbox 1015 5082 1140 5130; x_wconf 64' lang='lat' dir='ltr'><strong>dephaca</strong></span> <span class='ocrx_word' id='word_1_463' title='bbox 1155 5078 1183 5131; x_wconf 92' lang='lat' dir='ltr'><strong>P¹</strong></span> <span class='ocrx_word' id='word_1_464' title='bbox 1203 5108 1229 5115; x_wconf 95' lang='lat'><em>-</em></span> <span class='ocrx_word' id='word_1_465' title='bbox 1256 5082 1295 5129; x_wconf 73' lang='lat'><strong>⁴2.</strong></span> <span class='ocrx_word' id='word_1_466' title='bbox 1313 5081 1429 5130; x_wconf 66' lang='lat' dir='ltr'><strong>mccc</strong></span> <span class='ocrx_word' id='word_1_467' title='bbox 1444 5077 1474 5130; x_wconf 85' lang='lat' dir='ltr'><strong>P¹</strong></span> <span class='ocrx_word' id='word_1_468' title='bbox 1491 5105 1519 5115; x_wconf 95' lang='lat'><em>-</em></span> <span class='ocrx_word' id='word_1_469' title='bbox 1541 5080 1600 5137; x_wconf 67' lang='lat' dir='ltr'><strong>liet,-¹</strong></span> 
     </span>
     <span class='ocr_line' id='line_1_42' title="bbox 277 5154 1603 5220; baseline -0.005 -13"><span class='ocrx_word' id='word_1_470' title='bbox 277 5158 522 5220; x_wconf 76' lang='lat' dir='ltr'><strong>taor-—couscctum</strong></span> <span class='ocrx_word' id='word_1_471' title='bbox 544 5155 625 5206; x_wconf 87' lang='lat' dir='ltr'><strong>hebet</strong></span> <span class='ocrx_word' id='word_1_472' title='bbox 641 5155 736 5206; x_wconf 83' lang='lat' dir='ltr'><strong>Gellius</strong></span> <span class='ocrx_word' id='word_1_473' title='bbox 753 5157 806 5217; x_wconf 80' lang='lat' dir='ltr'><strong>XV,</strong></span> <span class='ocrx_word' id='word_1_474' title='bbox 825 5157 850 5214; x_wconf 87' lang='grc'><strong>6,</strong></span> <span class='ocrx_word' id='word_1_475' title='bbox 869 5156 893 5204; x_wconf 93' lang='grc'><strong>6.</strong></span> <span class='ocrx_word' id='word_1_476' title='bbox 924 5154 1000 5206; x_wconf 87' lang='lat' dir='ltr'><strong>idem</strong></span> <span class='ocrx_word' id='word_1_477' title='bbox 1017 5157 1063 5212; x_wconf 83' lang='grc' dir='ltr'>ΙΙΙ,</span> <span class='ocrx_word' id='word_1_478' title='bbox 1082 5157 1121 5215; x_wconf 81' lang='grc'><strong>46,</strong></span> <span class='ocrx_word' id='word_1_479' title='bbox 1142 5156 1186 5204; x_wconf 80' lang='lat' dir='ltr'><strong>aa:</strong></span> <span class='ocrx_word' id='word_1_480' title='bbox 1210 5156 1330 5217; x_wconf 71' lang='lat' dir='ltr'><strong>«adfecta</strong></span> <span class='ocrx_word' id='word_1_481' title='bbox 1346 5169 1376 5204; x_wconf 89' lang='lat' dir='ltr'><strong>ea</strong></span> <span class='ocrx_word' id='word_1_482' title='bbox 1399 5157 1506 5219; x_wconf 87' lang='lat' dir='ltr'><strong>proprie</strong></span> <span class='ocrx_word' id='word_1_483' title='bbox 1524 5154 1603 5206; x_wconf 87' lang='lat' dir='ltr'><strong>dice·.</strong></span> 
     </span>
     <span class='ocr_line' id='line_1_43' title="bbox 278 5229 1600 5296; baseline -0.002 -14"><span class='ocrx_word' id='word_1_484' title='bbox 278 5233 386 5291; x_wconf 86' lang='lat' dir='ltr'><strong>bantur,</strong></span> <span class='ocrx_word' id='word_1_485' title='bbox 405 5245 473 5296; x_wconf 87' lang='lat' dir='ltr'><strong>quae</strong></span> <span class='ocrx_word' id='word_1_486' title='bbox 490 5244 543 5281; x_wconf 90' lang='lat' dir='ltr'><strong>non</strong></span> <span class='ocrx_word' id='word_1_487' title='bbox 560 5229 593 5279; x_wconf 88' lang='lat' dir='ltr'><strong>ad</strong></span> <span class='ocrx_word' id='word_1_488' title='bbox 611 5230 690 5280; x_wconf 85' lang='lat' dir='ltr'><strong>tinem</strong></span> <span class='ocrx_word' id='word_1_489' title='bbox 707 5234 810 5294; x_wconf 90' lang='lat' dir='ltr'><strong>ipsum,</strong></span> <span class='ocrx_word' id='word_1_490' title='bbox 829 5229 878 5281; x_wconf 87' lang='lat' dir='ltr'><strong>sed</strong></span> <span class='ocrx_word' id='word_1_491' title='bbox 894 5231 1014 5294; x_wconf 84' lang='lat' dir='ltr'><strong>pmxime</strong></span> <span class='ocrx_word' id='word_1_492' title='bbox 1032 5229 1111 5280; x_wconf 88' lang='lat' dir='ltr'><strong>tinem</strong></span> <span class='ocrx_word' id='word_1_493' title='bbox 1129 5243 1269 5295; x_wconf 90' lang='lat' dir='ltr'><strong>progressa</strong></span> <span class='ocrx_word' id='word_1_494' title='bbox 1281 5230 1428 5279; x_wconf 87' lang='lat' dir='ltr'><strong>deductave</strong></span> <span class='ocrx_word' id='word_1_495' title='bbox 1440 5232 1524 5279; x_wconf 89' lang='lat' dir='ltr'><strong>eraut.</strong></span> <span class='ocrx_word' id='word_1_496' title='bbox 1544 5231 1600 5280; x_wconf 90' lang='lat' dir='ltr'><strong>lloc</strong></span> 
     </span>
     <span class='ocr_line' id='line_1_44' title="bbox 277 5302 1644 5369; baseline 0.002 -15"><span class='ocrx_word' id='word_1_497' title='bbox 277 5307 391 5357; x_wconf 87' lang='lat' dir='ltr'><strong>verbum</strong></span> <span class='ocrx_word' id='word_1_498' title='bbox 408 5306 441 5356; x_wconf 88' lang='lat' dir='ltr'><strong>ad</strong></span> <span class='ocrx_word' id='word_1_499' title='bbox 458 5307 527 5356; x_wconf 90' lang='lat' dir='ltr'><strong>banc</strong></span> <span class='ocrx_word' id='word_1_500' title='bbox 544 5306 701 5355; x_wconf 88' lang='lat' dir='ltr'><strong>sententiam</strong></span> <span class='ocrx_word' id='word_1_501' title='bbox 713 5305 806 5354; x_wconf 86' lang='lat' dir='ltr'><strong>Cicero</strong></span> <span class='ocrx_word' id='word_1_502' title='bbox 823 5317 849 5353; x_wconf 90' lang='lat' dir='ltr'><strong>rn</strong></span> <span class='ocrx_word' id='word_1_503' title='bbox 866 5303 917 5355; x_wconf 87' lang='lat' dir='ltr'><strong>bac</strong></span> <span class='ocrx_word' id='word_1_504' title='bbox 934 5303 1004 5365; x_wconf 88' lang='lat' dir='ltr'><strong>lecit,</strong></span> <span class='ocrx_word' id='word_1_505' title='bbox 1024 5318 1104 5369; x_wconf 89' lang='lat' dir='ltr'><strong>quam</strong></span> <span class='ocrx_word' id='word_1_506' title='bbox 1116 5304 1180 5354; x_wconf 80' lang='lat' dir='ltr'><strong>dixit</strong></span> <span class='ocrx_word' id='word_1_507' title='bbox 1191 5304 1225 5353; x_wconf 90' lang='lat' dir='ltr'><strong>de</strong></span> <span class='ocrx_word' id='word_1_508' title='bbox 1236 5306 1377 5369; x_wconf 85' lang='lat' dir='ltr'><strong>provinciis</strong></span> <span class='ocrx_word' id='word_1_509' title='bbox 1389 5302 1598 5354; x_wconf 78' lang='lat' dir='ltr'><strong>consularibus·</strong></span> <span class='ocrx_word' id='word_1_510' title='bbox 1641 5344 1644 5357; x_wconf 93' lang='lat'><strong>.</strong></span> 
     </span>
     <span class='ocr_line' id='line_1_45' title="bbox 279 5377 1600 5446; baseline -0.003 -14"><span class='ocrx_word' id='word_1_511' title='bbox 279 5381 317 5433; x_wconf 85' lang='lat' dir='ltr'><strong>Cl.</strong></span> <span class='ocrx_word' id='word_1_512' title='bbox 330 5381 346 5446; x_wconf 70' lang='lat'><strong>5</strong></span> <span class='ocrx_word' id='word_1_513' title='bbox 358 5382 397 5431; x_wconf 75' lang='grc'><strong>69.</strong></span> <span class='ocrx_word' id='word_1_514' title='bbox 417 5381 511 5431; x_wconf 76' lang='lat' dir='ltr'><strong>Batiam</strong></span> <span class='ocrx_word' id='word_1_515' title='bbox 527 5382 650 5443; x_wconf 67' lang='lat' dir='ltr'><strong>adfectum</strong></span> <span class='ocrx_word' id='word_1_516' title='bbox 665 5381 775 5431; x_wconf 70' lang='lat' dir='ltr'><strong>cidem</strong></span> <span class='ocrx_word' id='word_1_517' title='bbox 791 5380 873 5430; x_wconf 87' lang='lat' dir='ltr'><strong>babet</strong></span> <span class='ocrx_word' id='word_1_518' title='bbox 888 5381 968 5430; x_wconf 89' lang='lat' dir='ltr'><strong>etiam</strong></span> <span class='ocrx_word' id='word_1_519' title='bbox 986 5381 1085 5431; x_wconf 84' lang='lat' dir='ltr'><strong>Nonius</strong></span> <span class='ocrx_word' id='word_1_520' title='bbox 1100 5377 1237 5431; x_wconf 56' lang='lat' dir='ltr'><strong>&amp;rcellus</strong></span> <span class='ocrx_word' id='word_1_521' title='bbox 1254 5393 1281 5442; x_wconf 92' lang='lat' dir='ltr'><strong>p.</strong></span> <span class='ocrx_word' id='word_1_522' title='bbox 1294 5380 1350 5439; x_wconf 84' lang='grc'><strong>466,</strong></span> <span class='ocrx_word' id='word_1_523' title='bbox 1369 5381 1409 5429; x_wconf 70' lang='lat' dir='ltr'><strong>tl.</strong></span> <span class='ocrx_word' id='word_1_524' title='bbox 1430 5405 1457 5415; x_wconf 96' lang='lat'>-</span> <span class='ocrx_word' id='word_1_525' title='bbox 1476 5381 1600 5442; x_wconf 72' lang='lat' dir='ltr'><strong>adfectam</strong></span> 
     </span>
     <span class='ocr_line' id='line_1_46' title="bbox 278 5451 1600 5518; baseline -0.002 -12"><span class='ocrx_word' id='word_1_526' title='bbox 278 5458 298 5506; x_wconf 91' lang='lat' dir='ltr'><strong>P</strong></span> <span class='ocrx_word' id='word_1_527' title='bbox 317 5480 345 5492; x_wconf 94' lang='lat'>-</span> <span class='ocrx_word' id='word_1_528' title='bbox 362 5456 520 5504; x_wconf 54' lang='lat' dir='ltr'><strong>noemma</strong></span> <span class='ocrx_word' id='word_1_529' title='bbox 531 5456 667 5517; x_wconf 74' lang='lat' dir='ltr'><strong>consectam</strong></span> <span class='ocrx_word' id='word_1_530' title='bbox 684 5454 725 5505; x_wconf 93' lang='lat' dir='ltr'><strong>bis</strong></span> <span class='ocrx_word' id='word_1_531' title='bbox 742 5455 868 5518; x_wconf 84' lang='lat' dir='ltr'><strong>deinceps</strong></span> <span class='ocrx_word' id='word_1_532' title='bbox 885 5457 903 5504; x_wconf 94' lang='lat' dir='ltr'><strong>P</strong></span> <span class='ocrx_word' id='word_1_533' title='bbox 923 5482 948 5491; x_wconf 87' lang='lat'>-</span> <span class='ocrx_word' id='word_1_534' title='bbox 969 5456 1008 5505; x_wconf 85' lang='grc'><strong>43.</strong></span> <span class='ocrx_word' id='word_1_535' title='bbox 1026 5456 1153 5505; x_wconf 82' lang='lat' dir='ltr'><strong>inctocatt</strong></span> <span class='ocrx_word' id='word_1_536' title='bbox 1170 5454 1209 5504; x_wconf 86' lang='lat' dir='ltr'><strong>P¹:</strong></span> <span class='ocrx_word' id='word_1_537' title='bbox 1228 5455 1371 5503; x_wconf 75' lang='lat' dir='ltr'><strong>iactotouit</strong></span> <span class='ocrx_word' id='word_1_538' title='bbox 1386 5451 1415 5504; x_wconf 80' lang='lat' dir='ltr'><strong>P²</strong></span> <span class='ocrx_word' id='word_1_539' title='bbox 1428 5482 1455 5490; x_wconf 91' lang='lat'><em>-</em></span> <span class='ocrx_word' id='word_1_540' title='bbox 1474 5457 1515 5504; x_wconf 80' lang='grc'><strong>46.</strong></span> <span class='ocrx_word' id='word_1_541' title='bbox 1533 5456 1600 5504; x_wconf 79' lang='lat' dir='ltr'><strong>oasi-</strong></span> 
     </span>
     <span class='ocr_line' id='line_1_47' title="bbox 278 5526 1600 5593; baseline -0.001 -14"><span class='ocrx_word' id='word_1_542' title='bbox 278 5543 406 5585; x_wconf 49' lang='lat' dir='ltr'><strong>comesse</strong></span> <span class='ocrx_word' id='word_1_543' title='bbox 422 5532 441 5579; x_wconf 95' lang='lat' dir='ltr'><strong>P</strong></span> <span class='ocrx_word' id='word_1_544' title='bbox 460 5556 485 5564; x_wconf 93' lang='lat'><em>-</em></span> <span class='ocrx_word' id='word_1_545' title='bbox 507 5531 546 5580; x_wconf 88' lang='lat' dir='ltr'><strong>t8.</strong></span> <span class='ocrx_word' id='word_1_546' title='bbox 566 5529 723 5591; x_wconf 80' lang='lat' dir='ltr'><strong>reprehendet</strong></span> <span class='ocrx_word' id='word_1_547' title='bbox 740 5532 774 5581; x_wconf 89' lang='lat' dir='ltr'><strong>C:</strong></span> <span class='ocrx_word' id='word_1_548' title='bbox 793 5531 991 5593; x_wconf 72' lang='lat' dir='ltr'><strong>rcprmcidoto</strong></span> <span class='ocrx_word' id='word_1_549' title='bbox 1011 5558 1034 5564; x_wconf 98' lang='lat'><em>-</em></span> <span class='ocrx_word' id='word_1_550' title='bbox 1057 5531 1097 5581; x_wconf 78' lang='lat' dir='ltr'><strong>re.</strong></span> <span class='ocrx_word' id='word_1_551' title='bbox 1116 5531 1238 5579; x_wconf 71' lang='lat' dir='ltr'><strong>sonem</strong></span> <span class='ocrx_word' id='word_1_552' title='bbox 1255 5526 1282 5579; x_wconf 87' lang='lat' dir='ltr'><strong>P¹</strong></span> <span class='ocrx_word' id='word_1_553' title='bbox 1302 5555 1328 5565; x_wconf 92' lang='lat'>-</span> <span class='ocrx_word' id='word_1_554' title='bbox 1347 5530 1387 5577; x_wconf 75' lang='lat'><strong>20.</strong></span> <span class='ocrx_word' id='word_1_555' title='bbox 1405 5529 1443 5578; x_wconf 79' lang='lat' dir='ltr'><strong>Ao</strong></span> <span class='ocrx_word' id='word_1_556' title='bbox 1459 5530 1561 5578; x_wconf 71' lang='lat' dir='ltr'><strong>cocu.</strong></span> <span class='ocrx_word' id='word_1_557' title='bbox 1581 5530 1600 5578; x_wconf 90' lang='lat' dir='ltr'><strong>L</strong></span> 
     </span>
     <span class='ocr_line' id='line_1_48' title="bbox 281 5602 1600 5669; baseline 0 -15"><span class='ocrx_word' id='word_1_558' title='bbox 281 5631 309 5642; x_wconf 96' lang='lat'>-</span> <span class='ocrx_word' id='word_1_559' title='bbox 327 5604 368 5656; x_wconf 80' lang='lat' dir='ltr'><strong>el.</strong></span> <span class='ocrx_word' id='word_1_560' title='bbox 386 5605 450 5654; x_wconf 81' lang='lat' dir='ltr'><strong>redit</strong></span> <span class='ocrx_word' id='word_1_561' title='bbox 465 5607 493 5654; x_wconf 90' lang='lat' dir='ltr'><strong>P¹</strong></span> <span class='ocrx_word' id='word_1_562' title='bbox 514 5632 540 5640; x_wconf 96' lang='lat'><em>-</em></span> <span class='ocrx_word' id='word_1_563' title='bbox 562 5604 702 5667; x_wconf 64' lang='lat' dir='ltr'><strong>offitiacsP</strong></span> <span class='ocrx_word' id='word_1_564' title='bbox 725 5631 748 5639; x_wconf 85' lang='lat'>-</span> <span class='ocrx_word' id='word_1_565' title='bbox 767 5606 808 5654; x_wconf 72' lang='lat'><strong>27.</strong></span> <span class='ocrx_word' id='word_1_566' title='bbox 824 5607 924 5657; x_wconf 84' lang='lat' dir='ltr'><strong>reditP</strong></span> <span class='ocrx_word' id='word_1_567' title='bbox 944 5632 970 5642; x_wconf 91' lang='lat'><em>-</em></span> <span class='ocrx_word' id='word_1_568' title='bbox 995 5606 1059 5669; x_wconf 83' lang='lat' dir='ltr'><strong>eam]</strong></span> <span class='ocrx_word' id='word_1_569' title='bbox 1076 5618 1132 5653; x_wconf 83' lang='lat' dir='ltr'><strong>com</strong></span> <span class='ocrx_word' id='word_1_570' title='bbox 1150 5607 1198 5654; x_wconf 88' lang='lat' dir='ltr'><strong>PG</strong></span> <span class='ocrx_word' id='word_1_571' title='bbox 1218 5631 1243 5641; x_wconf 96' lang='lat'>-</span> <span class='ocrx_word' id='word_1_572' title='bbox 1263 5604 1303 5653; x_wconf 83' lang='grc'><strong>36.</strong></span> <span class='ocrx_word' id='word_1_573' title='bbox 1321 5604 1372 5652; x_wconf 81' lang='lat' dir='ltr'><strong>illic</strong></span> <span class='ocrx_word' id='word_1_574' title='bbox 1387 5604 1509 5654; x_wconf 70' lang='lat' dir='ltr'><strong>adsideat</strong></span> <span class='ocrx_word' id='word_1_575' title='bbox 1525 5602 1600 5654; x_wconf 79' lang='lat' dir='ltr'><strong>blad-</strong></span> 
     </span>
     <span class='ocr_line' id='line_1_49' title="bbox 279 5677 1601 5743; baseline 0 -15"><span class='ocrx_word' id='word_1_576' title='bbox 279 5681 363 5743; x_wconf 82' lang='lat' dir='ltr'><strong>vigius</strong></span> <span class='ocrx_word' id='word_1_577' title='bbox 381 5678 405 5742; x_wconf 86' lang='grc'><strong>(1.</strong></span> <span class='ocrx_word' id='word_1_578' title='bbox 420 5679 459 5740; x_wconf 74' lang='lat' dir='ltr'><strong>ll:</strong></span> <span class='ocrx_word' id='word_1_579' title='bbox 478 5680 519 5729; x_wconf 84' lang='lat' dir='ltr'><strong>itte</strong></span> <span class='ocrx_word' id='word_1_580' title='bbox 535 5679 657 5729; x_wconf 64' lang='lat' dir='ltr'><strong>desim</strong></span> <span class='ocrx_word' id='word_1_581' title='bbox 673 5677 775 5735; x_wconf 75' lang='lat' dir='ltr'><strong>PG¹E3</strong></span> <span class='ocrx_word' id='word_1_582' title='bbox 797 5681 838 5730; x_wconf 85' lang='lat' dir='ltr'><strong>itte</strong></span> <span class='ocrx_word' id='word_1_583' title='bbox 854 5682 972 5731; x_wconf 70' lang='lat' dir='ltr'><strong>desim</strong></span> <span class='ocrx_word' id='word_1_584' title='bbox 988 5679 1030 5738; x_wconf 80' lang='lat' dir='ltr'><strong>G²;</strong></span> <span class='ocrx_word' id='word_1_585' title='bbox 1049 5681 1090 5728; x_wconf 80' lang='lat' dir='ltr'><strong>itte</strong></span> <span class='ocrx_word' id='word_1_586' title='bbox 1104 5681 1197 5730; x_wconf 67' lang='lat' dir='ltr'><strong>emerat</strong></span> <span class='ocrx_word' id='word_1_587' title='bbox 1213 5679 1232 5729; x_wconf 91' lang='lat'>0</span> <span class='ocrx_word' id='word_1_588' title='bbox 1250 5702 1278 5714; x_wconf 89' lang='lat'><em>-</em></span> <span class='ocrx_word' id='word_1_589' title='bbox 1300 5679 1327 5727; x_wconf 83' lang='lat' dir='ltr'><strong>io</strong></span> <span class='ocrx_word' id='word_1_590' title='bbox 1346 5679 1448 5727; x_wconf 68' lang='lat' dir='ltr'><strong>etcum</strong></span> <span class='ocrx_word' id='word_1_591' title='bbox 1469 5678 1601 5741; x_wconf 62' lang='lat' dir='ltr'><strong>montom</strong></span> 
     </span>
     <span class='ocr_line' id='line_1_50' title="bbox 280 5754 1600 5817; baseline 0 -14"><span class='ocrx_word' id='word_1_592' title='bbox 280 5755 317 5804; x_wconf 83' lang='lat' dir='ltr'><strong>C:</strong></span> <span class='ocrx_word' id='word_1_593' title='bbox 344 5755 473 5817; x_wconf 69' lang='lat' dir='ltr'><strong>praetores</strong></span> <span class='ocrx_word' id='word_1_594' title='bbox 495 5755 521 5803; x_wconf 81' lang='lat' dir='ltr'><strong>ln</strong></span> <span class='ocrx_word' id='word_1_595' title='bbox 536 5754 637 5803; x_wconf 67' lang='lat' dir='ltr'><strong>civim</strong></span> <span class='ocrx_word' id='word_1_596' title='bbox 653 5755 673 5802; x_wconf 91' lang='lat'>0</span> <span class='ocrx_word' id='word_1_597' title='bbox 691 5779 718 5789; x_wconf 89' lang='lat'><em>-</em></span> <span class='ocrx_word' id='word_1_598' title='bbox 742 5754 781 5803; x_wconf 75' lang='lat'><strong>3⁴.</strong></span> <span class='ocrx_word' id='word_1_599' title='bbox 799 5755 884 5803; x_wconf 75' lang='lat' dir='ltr'><strong>seretti</strong></span> <span class='ocrx_word' id='word_1_600' title='bbox 901 5758 935 5805; x_wconf 86' lang='lat' dir='ltr'><strong>P:</strong></span> <span class='ocrx_word' id='word_1_601' title='bbox 955 5756 1119 5804; x_wconf 77' lang='lat' dir='ltr'><strong>Serviliorum</strong></span> <span class='ocrx_word' id='word_1_602' title='bbox 1134 5756 1212 5805; x_wconf 84' lang='lat' dir='ltr'><strong>GEO</strong></span> <span class='ocrx_word' id='word_1_603' title='bbox 1231 5781 1258 5791; x_wconf 90' lang='lat'><em>-</em></span> <span class='ocrx_word' id='word_1_604' title='bbox 1277 5755 1317 5803; x_wconf 68' lang='grc'><strong>36.</strong></span> <span class='ocrx_word' id='word_1_605' title='bbox 1330 5755 1439 5804; x_wconf 61' lang='lat' dir='ltr'><strong>attinxit</strong></span> <span class='ocrx_word' id='word_1_606' title='bbox 1455 5756 1501 5805; x_wconf 82' lang='lat' dir='ltr'><strong>PG</strong></span> <span class='ocrx_word' id='word_1_607' title='bbox 1516 5779 1544 5790; x_wconf 94' lang='lat'>-</span> <span class='ocrx_word' id='word_1_608' title='bbox 1561 5757 1600 5803; x_wconf 84' lang='lat' dir='ltr'><strong>rei</strong></span> 
     </span>
     <span class='ocr_line' id='line_1_51' title="bbox 281 5828 1597 5893; baseline 0.002 -16"><span class='ocrx_word' id='word_1_609' title='bbox 281 5843 315 5892; x_wconf 84' lang='lat' dir='ltr'><strong>.p.</strong></span> <span class='ocrx_word' id='word_1_610' title='bbox 329 5830 486 5892; x_wconf 52' lang='lat' dir='ltr'><strong>ductorque</strong></span> <span class='ocrx_word' id='word_1_611' title='bbox 496 5830 607 5891; x_wconf 74' lang='lat' dir='ltr'><strong>tpmrnm</strong></span> <span class='ocrx_word' id='word_1_612' title='bbox 618 5829 653 5878; x_wconf 82' lang='lat' dir='ltr'><strong>C:</strong></span> <span class='ocrx_word' id='word_1_613' title='bbox 670 5838 710 5877; x_wconf 81' lang='lat' dir='ltr'><strong>m</strong></span> <span class='ocrx_word' id='word_1_614' title='bbox 722 5841 749 5890; x_wconf 80' lang='lat' dir='ltr'><strong>p.</strong></span> <span class='ocrx_word' id='word_1_615' title='bbox 763 5829 921 5892; x_wconf 72' lang='lat' dir='ltr'><strong>dignitasque</strong></span> <span class='ocrx_word' id='word_1_616' title='bbox 934 5829 1089 5892; x_wconf 61' lang='lat' dir='ltr'><strong>emam</strong></span> <span class='ocrx_word' id='word_1_617' title='bbox 1106 5830 1144 5880; x_wconf 82' lang='lat' dir='ltr'><strong>roi</strong></span> <span class='ocrx_word' id='word_1_618' title='bbox 1157 5842 1185 5892; x_wconf 75' lang='grc' dir='ltr'><strong>ρ.</strong></span> <span class='ocrx_word' id='word_1_619' title='bbox 1197 5829 1306 5893; x_wconf 60' lang='lat' dir='ltr'><strong>dcam</strong></span> <span class='ocrx_word' id='word_1_620' title='bbox 1321 5833 1344 5878; x_wconf 85' lang='lat' dir='ltr'><strong>et</strong></span> <span class='ocrx_word' id='word_1_621' title='bbox 1359 5829 1470 5891; x_wconf 80' lang='lat' dir='ltr'><strong>ipsorum</strong></span> <span class='ocrx_word' id='word_1_622' title='bbox 1480 5830 1509 5878; x_wconf 86' lang='lat' dir='ltr'><strong>L.</strong></span> <span class='ocrx_word' id='word_1_623' title='bbox 1527 5828 1597 5879; x_wconf 81' lang='lat' dir='ltr'><strong>Part.</strong></span> 
     </span>
     <span class='ocr_line' id='line_1_52' title="bbox 281 5902 1165 5976; baseline -0.006 -17"><span class='ocrx_word' id='word_1_624' title='bbox 281 5902 776 5976; x_wconf 50' lang='lat' dir='ltr'><strong>rapacitatem-atumem</strong></span> <span class='ocrx_word' id='word_1_625' title='bbox 795 5903 828 5955; x_wconf 88' lang='lat' dir='ltr'><strong>ct.</strong></span> <span class='ocrx_word' id='word_1_626' title='bbox 847 5903 920 5967; x_wconf 69' lang='lat' dir='ltr'><strong>stt.</strong></span> <span class='ocrx_word' id='word_1_627' title='bbox 940 5929 968 5940; x_wconf 95' lang='lat'>-</span> <span class='ocrx_word' id='word_1_628' title='bbox 985 5905 1120 5955; x_wconf 67' lang='lat' dir='ltr'><strong>mittem</strong></span> <span class='ocrx_word' id='word_1_629' title='bbox 1136 5904 1165 5955; x_wconf 87' lang='lat' dir='ltr'><strong>P.</strong></span> 
     </span>
    </p>
   </div>
   <div class='ocr_carea' id='block_1_5' title="bbox 0 0 1915 7348">
    <p class='ocr_par' dir='ltr' id='par_1_5' title="bbox 0 0 1915 7348">
     <span class='ocr_line' id='line_1_53' title="bbox 0 0 1915 7348; baseline 0 0"><span class='ocrx_word' id='word_1_630' title='bbox 0 0 1915 7348; x_wconf 95' lang='lat' dir='ltr'><strong> </strong></span> 
     </span>
    </p>
   </div>
  </div>
 </body>
</html>
