3800 7350
321 1207 403 1278 toto
738 1217 892 1284 enisio
914 1221 957 1283 IN
979 1221 1014 1286 L.
1036 1220 1214 1286 PISONEM

827 1390 1129 1453 FRAGMENTA.

405 1531 428 1592 l.
451 1528 565 1592 Prodi
588 1527 795 1594 immortalesl
818 1531 873 1613 qui
898 1529 949 1593 hic
972 1530 1079 1593 illuxit
1100 1530 1184 1593 diest

404 1623 442 1684 11.
465 1623 559 1699 Quod
588 1624 752 1687 minimum
781 1624 942 1707 specimen
969 1625 1001 1687 in
1030 1630 1061 1686 te
1083 1624 1228 1708 ingenii?
1251 1624 1369 1706 ingenii
1392 1626 1519 1688 autem?
1547 1624 1644 1687 immo

321 1716 450 1798 ingenui
472 1716 610 1780 hominis
638 1737 675 1780 nc
704 1718 812 1792 liheri;
844 1718 899 1801 qui
922 1718 1027 1781 colore
1050 1719 1120 1802 ipso
1143 1716 1275 1800 patriam
1291 1718 1478 1799 aspernaris,
1500 1717 1643 1780 oratioue

320 1828 436 1890 genus,
458 1811 598 1874 moribus
621 1831 744 1874 nomen.

296 1915 310 1961 e
403 1901 457 1963 Ill.
486 1903 555 1965 Hoc
588 1924 652 1966 non
683 1905 722 1967 ad
752 1903 1013 1968 contemnendam
1044 1904 1235 1968 Placentiam
1264 1905 1417 1987 pertinet,
1445 1903 1531 1966 unde
1560 1924 1594 1966 se
1616 1903 1644 1966 is

319 2003 422 2059 ortum
452 1996 577 2079 gloriari
607 1998 701 2072 solet;
735 2018 839 2082 neque
868 2000 952 2062 enim
981 1999 1042 2062 hoc
1069 2019 1139 2062 mea
1163 2007 1274 2061 natura
1305 1997 1366 2061 fert
1387 2018 1445 2060 uec
1468 1998 1642 2081 municipii,

320 2090 505 2172 praesertim
528 2088 568 2152 de
589 2109 640 2153 me
663 2092 780 2174 optime
802 2091 921 2166 meriti,
944 2093 1080 2175 dignitas
1101 2092 1227 2176 petitur.

405 2184 457 2247 lV.
479 2185 611 2247 Insuber
632 2183 762 2269 quidam
783 2184 861 2259 fuit,
884 2186 968 2249 idem
991 2193 1145 2249 mercator
1167 2193 1198 2248 et
1219 2205 1351 2268 praeco:
1375 2186 1402 2248 is
1424 2206 1496 2248 cum
1511 2185 1644 2248 Romam

320 2298 392 2340 cum
414 2275 479 2341 lilia
500 2279 653 2351 venisset,
682 2277 914 2341 adolescentem
935 2278 1075 2341 nobilem
1100 2279 1328 2365 Caesoninum,
1354 2279 1491 2342 hominis
1513 2277 1644 2341 luracis-

282 2370 391 2434 tosimi
414 2368 532 2447 filium,
553 2393 648 2436 ausus
671 2377 720 2435 est
740 2370 917 2454 appellare;
940 2367 1037 2435 liliam
1060 2373 1234 2436 collocavit.

403 2466 440 2527 V.
462 2466 590 2529 Homini
612 2466 675 2528 levi
697 2473 728 2529 et
750 2466 854 2528 subito
876 2462 973 2529 liliam
996 2466 1173 2530 collocavit.

403 2561 455 2621 Vl.
479 2560 568 2635 Quae
590 2566 621 2623 te
643 2559 769 2622 beluam
794 2579 835 2622 ex
855 2566 964 2634 utero,
987 2578 1053 2622 non
1073 2559 1234 2623 hominem
1257 2560 1349 2624 ludit.

403 2655 470 2716 Vll.
502 2653 563 2716 Hic
592 2674 664 2716 cum
686 2654 726 2715 ad
748 2673 799 2716 om
807 2697 994 2717 ...........
1017 2654 1194 2718 Placentiae
1215 2654 1297 2718 forte
1318 2655 1461 2719 consedit
1483 2662 1516 2718 et
1535 2655 1646 2737 paucis

314 2758 383 2829 post
405 2750 494 2811 eoois
516 2749 549 2812 in
571 2767 640 2811 eam
662 2749 819 2811 civitatem
835 2771 882 2795 ···
903 2768 976 2812 nam
1000 2757 1066 2812 tum
1088 2756 1156 2812 eret
1176 2748 1337 2812 eioitm-
1351 2748 1523 2811 adscendit
1554 2750 1645 2812 Prius

281 2844 403 2908 monim
427 2842 552 2918 Gallus,
576 2841 650 2904 dein
672 2842 862 2917 Gallicanus,
885 2850 1024 2906 extremo
1048 2843 1324 2929 Semiplacentinus
1347 2842 1455 2906 haberi
1472 2885 1567 2903 ......
1581 2860 1646 2903 coe·

312 2946 385 3019 ptus
407 2943 464 3000 est.

402 3031 486 3093 Vlll.
508 3032 660 3094 Maiorem
683 3031 743 3093 sibi
765 3031 898 3094 lnsuber
919 3032 974 3095 ille
996 3053 1073 3095 avus
1095 3032 1269 3116 adoptavit.

403 3125 459 3188 lX.
482 3124 664 3189 lautiorem
687 3169 851 3188 ..........
874 3134 964 3209 pater
992 3135 1064 3190 tuus
1093 3147 1253 3201 socerum,
1280 3145 1374 3210 quam
1397 3126 1430 3189 C.
1453 3123 1526 3187 Piso
1549 3166 1645 3184 ......

320 3222 354 3282 in
376 3219 431 3283 illo
454 3219 540 3283 luctu
632 3240 696 3283 nou
719 3222 748 3282 ei
771 3217 866 3284 liliam
889 3240 989 3284 meam
1013 3222 1183 3294 collocavi,
1205 3241 1299 3304 quem
1322 3241 1381 3305 ego
1404 3262 1534 3285 ........
1556 3223 1647 3301 pote·

281 3321 384 3379 sosias
407 3322 472 3377 tum
494 3316 633 3378 omnium
655 3313 782 3388 luisset,
805 3333 903 3378 unum
924 3315 1124 3397 potissimum
1147 3314 1346 3397 delegissem.

404 3410 444 3472 x,
467 3408 544 3471 Cum
567 3408 624 3471 tibi
647 3414 714 3472 tota
735 3410 883 3492 coguatio
905 3428 1030 3473 serraco
1052 3408 1235 3473 advehatur.

404 3504 458 3565 xi.
480 3503 646 3566 Proximus
668 3504 852 3587 Pompeium
874 3502 1034 3567 sedebam.

338 3679 667 3699 m

384 3816 404 3864 1.
424 3817 600 3875 Qumrmrmus
617 3813 660 3877 tx,
672 3811 697 3874 4,
716 3812 788 3876 37⁶²
806 3813 893 3874 ltaque
908 3817 932 3863 et
947 3825 1033 3862 uersos
1049 3813 1094 3864 teti
1109 3813 1161 3875 sere
1177 3812 1309 3873 speleum,
1327 3824 1389 3874 quos
1398 3814 1491 3862 Brutos
1506 3812 1561 3876 ipso
1577 3827 1646 3864 com-

316 3891 424 3953 peeemti
439 3891 526 3939 doctus
541 3889 622 3939 stadio
637 3889 780 3952 soepmstme
794 3888 869 3951 tacu,
887 3901 937 3937 noe
954 3901 1016 3938 rem
1025 3887 1135 3947 Asinius,
1154 3888 1195 3938 sed
1211 3888 1287 3937 etism
1298 3888 1382 3938 Cicero
1393 3900 1444 3937 eon
1453 3900 1602 3950 numquam,
1619 3893 1647 3938 et

319 3967 345 4015 tn
359 3967 483 4027 principie
499 3964 584 4014 stetim
600 3965 721 4014 erationis
735 3964 764 4014 te
778 3964 883 4014 tectam
899 3964 1025 4013 Pisonen:
1045 3965 1110 4013 nero
1127 3962 1163 4013 dii
1180 3962 1343 4014 immortales
1359 3964 1420 4027 quis
1438 3964 1492 4026 (qui
1508 3964 1562 4014 cod.
1578 3965 1645 4014 Fier.

320 4042 400 4091 Turio.
415 4040 504 4102 timis.)
521 4039 564 4088 hic
581 4037 662 4088 illuxit
678 4038 771 4089 diesin
787 4064 814 4074 -
833 4037 954 4089 Eundem
971 4036 1058 4089 locum
1076 4037 1157 4088 hahet
1173 4039 1315 4090 Diomedes
1327 4053 1352 4102 p.
1366 4037 1415 4090 464
1433 4038 1524 4088 dicens
1536 4036 1646 4090 Tullium

318 4131 333 4166 a
352 4118 470 4165 trimetro
494 4115 640 4164 orationem
661 4115 687 4165 in
705 4115 732 4164 L.
751 4114 873 4164 Pisonem
895 4112 1034 4177 incepisse.
1067 4115 1151 4164 Locus
1170 4113 1197 4163 in
1214 4114 1273 4163 cod.
1292 4115 1393 4163 Monac.
1411 4115 1592 4164 vetustissimo
1608 4116 1647 4165 sic

319 4192 432 4255 scriptus
450 4190 505 4238 est:
528 4203 578 4251 pre
594 4189 629 4238 dii
649 4190 794 4239 temeritates
810 4190 852 4251 pei
867 4189 907 4237 tic
923 4188 1017 4237 inluxit
1032 4189 1091 4238 dies.
1119 4189 1185 4237 ltem
1202 4188 1264 4237 citet
1281 4186 1405 4239 Claudius
1422 4187 1554 4238 Sacerdos
1571 4203 1597 4253 p.
1615 4191 1647 4240 25

320 4265 362 4315 ed.
376 4261 450 4314 Eudl.
469 4275 532 4324 «pro
548 4264 583 4313 ae·
600 4264 753 4321 immortates
769 4264 813 4324 qui
828 4264 867 4312 iiic
882 4263 968 4312 illuxit
984 4264 1059 4313 dies.»
1086 4263 1160 4312 idem
1177 4263 1303 4312 orationis
1320 4262 1421 4313 initium
1438 4263 1539 4313 Theod.
1555 4263 1647 4314 oehle-

319 4351 364 4388 rus
382 4339 407 4387 iu
426 4337 559 4399 excerptis
576 4335 625 4389 illis
642 4336 779 4398 Tullianis,
804 4336 952 4400 dequibus
970 4337 1004 4387 ed
1021 4338 1189 4387 Fonteienam
1206 4351 1232 4402 p.
1251 4336 1299 4388 465
1317 4336 1446 4396 diximus,
1465 4350 1494 4386 se
1513 4338 1646 4389 invenisse

320 4415 396 4472 dicit,
421 4410 465 4461 ubi
488 4408 562 4462 locus
585 4410 688 4477 plenius
709 4413 747 4463 sic
771 4413 874 4462 exstare
893 4412 976 4462 tertur
993 4413 1023 4473 (v.
1043 4412 1204 4462 Schneidew.
1224 4409 1314 4462 Phiiol.
1332 4411 1373 4471 lV,
1393 4424 1419 4476 p.
1438 4411 1509 4474 atti:
1532 4415 1596 4463 Prot
1612 4414 1647 4464 dii

319 4487 471 4538 immortates
493 4487 536 4549 qui
556 4488 596 4535 tric
618 4488 703 4536 ittaeit
723 4488 774 4536 dies
794 4487 855 4535 milii
872 4488 971 4547 quidem
991 4501 1017 4549 p.
1035 4500 1058 4536 c.
1073 4492 1228 4550 peroptatus.
1261 4488 1327 4536 Cum
1345 4487 1509 4549 grammatici
1526 4485 1647 4538 locnma

319 4564 438 4613 trimetro
458 4563 588 4626 incepisse
606 4563 709 4622 dicant,
733 4560 898 4625 Spaldingius
915 4561 1029 4612 coniecit
1049 4560 1160 4612 tortasse
1178 4559 1318 4624 tegendum
1336 4573 1411 4611 esse:
1432 4573 1482 4622 pre
1498 4561 1534 4610 dit
1557 4562 1647 4623 (immo

320 4641 353 4701 dei
372 4639 522 4689 immortates
538 4639 582 4700 pat
598 4638 636 4686 iiic
653 4651 719 4686 eom
736 4637 820 4686 ittoeit
836 4638 896 4686 dies.
908 4661 935 4671 —
955 4637 986 4685 tl.
1004 4639 1127 4686 Ascosius
1144 4635 1214 4685 circa
1231 4648 1366 4685 versume
1382 4635 1469 4699 primo
1480 4634 1512 4670 ⁴*
1524 4639 1561 4701 (p.
1575 4639 1590 4687 2
1602 4637 1645 4688 ed.

319 4715 395 4775 Bait.)
413 4740 441 4748 -
461 4716 485 4762 4.
504 4713 608 4774 speeiem
624 4712 690 4761 enim
705 4711 733 4759 ie
749 4715 772 4760 te
788 4713 865 4760 taur.
880 4736 907 4746 -
927 4711 952 4761 3.
970 4712 1014 4772 qai
1030 4724 1073 4760 ore
1089 4710 1149 4761 cod.
1162 4710 1363 4769 iiiecerdienns;
1381 4709 1424 4771 qut
1439 4710 1526 4760 ceter?
1543 4724 1586 4762 ore
1603 4711 1645 4761 ed.

320 4791 404 4854 princ.
425 4789 463 4849 loc
480 4787 551 4837 tiberi
567 4785 714 4848 unicolor?
732 4787 780 4836 Ore
795 4786 848 4848 ipso
865 4788 933 4837 coni.
947 4787 1020 4848 Rau).
1041 4814 1068 4824 —
1087 4788 1128 4836 444.
1147 4790 1270 4837 Asconius
1287 4787 1357 4837 eirca
1372 4798 1442 4835 vers.
1455 4785 1551 4835 LXXX.
1566 4786 1599 4849 (p.
1613 4787 1646 4848 3.)

322 4892 349 4900 -
369 4864 392 4912 6.
411 4863 456 4912 troc
472 4864 542 4912 iiico.
562 4860 667 4911 Ambe:
686 4861 747 4910 iaec
764 4859 807 4909 ed.
820 4873 859 4924 pr.
875 4884 902 4896 —
923 4862 965 4911 lv.
979 4864 1100 4912 Asconius
1118 4875 1145 4925 p.
1158 4863 1183 4909 5.
1197 4886 1224 4895 -
1244 4861 1269 4911 8.
1287 4860 1384 4910 tatuber
1394 4859 1465 4908 ilice.
1479 4861 1556 4910 Leuc.
1570 4861 1646 4911 Goth.

323 4967 350 4977 —
368 4939 416 5002 [att
433 4939 459 4988 id
475 4942 509 4988 est
524 4941 650 4987 mercator
667 4936 741 4986 Goth.
758 4963 784 4971 -
804 4936 829 4984 9.
846 4949 903 4985 mm
917 4936 970 5000 filio
987 4935 1066 4985 codd.
1086 4963 1110 4972 -
1130 4935 1271 4985 coesoutoni
1289 4932 1571 4994 Rioc.Ambr.1.eur.;
1590 4946 1649 4984 coe-

319 5016 417 5065 sontam
434 5014 510 5064 Goth.
530 5016 557 5062 et
574 5010 616 5062 ed.
636 5011 735 5075 princ.;
755 5011 901 5060 causostem
918 5012 937 5061 0
958 5040 984 5048 -
1003 5011 1147 5073 ferocissimi
1164 5011 1297 5069 Baiterus;
1314 5009 1443 5072 tortissimi
1459 5009 1598 5058 Manutius.
1618 5035 1645 5043 -

320 5092 350 5139 V.
370 5094 509 5140 Anusnrms
526 5089 633 5139 Messius
650 5101 676 5151 p.
695 5087 739 5136 22l
761 5085 835 5136 Lind.
856 5085 988 5137 «Conlocat
1002 5086 1047 5135 itti.
1066 5086 1131 5135 idem
1147 5085 1173 5135 in
1189 5085 1312 5134 Pisonem:
1332 5083 1432 5134 homini
1448 5081 1499 5133 levi
1516 5083 1544 5132 et
1559 5081 1649 5134 subito

320 5163 400 5214 tiliam
423 5161 587 5214 collocavit.»
622 5162 731 5212 Videtur
752 5161 928 5225 fragmentum
950 5176 983 5212 ex
1000 5161 1095 5213 eodem
1113 5159 1171 5210 loco
1189 5171 1265 5219 esse,
1289 5171 1370 5222 quem
1387 5158 1468 5208 modo
1485 5170 1518 5207 ex
1535 5158 1648 5208 Asconio

320 5239 463 5289 attulimus.
484 5265 512 5275 -
533 5239 574 5287 Vt.
593 5239 698 5287 suevius
715 5237 749 5286 ed
763 5238 841 5299 Verg.
854 5241 919 5287 Aen.
931 5237 1001 5297 Vlit,
1021 5236 1076 5286 ⁴39.
1096 5235 1184 5284 cauete
1200 5238 1284 5283 amen
1299 5247 1351 5282 eoo
1366 5234 1485 5284 iniuriose
1500 5234 1594 5284 dictam
1603 5240 1647 5295 eat,

320 5322 347 5365 ut
362 5317 390 5364 m
406 5315 532 5363 Pisonen:
554 5314 626 5372 Quae
645 5314 670 5362 te
687 5311 796 5362 heluam
813 5327 845 5361 ex
863 5315 953 5371 utero,
976 5325 1028 5361 non
1045 5311 1180 5359 hominem
1202 5309 1281 5368 iudit,
1307 5309 1349 5357 sed
1364 5309 1513 5358 celeritatem
1526 5309 1650 5371 portentis

319 5390 448 5440 ostendit.»
469 5414 496 5423 -
516 5389 556 5436 te.
575 5387 671 5437 betuom
688 5400 741 5436 om.
762 5387 844 5438 Gueli.
863 5389 888 5447 l;
907 5386 979 5436 belua
992 5387 1021 5445 V,
1041 5382 1124 5435 Gucli.
1138 5384 1158 5432 ll
1176 5386 1204 5433 et
1219 5382 1296 5434 Basil.
1312 5410 1339 5418 —
1358 5385 1411 5433 Vll.
1430 5386 1553 5434 Asconius
1569 5382 1648 5447 paulo

321 5467 382 5530 post
394 5464 496 5527 (iragm.
509 5464 560 5523 lii.)
574 5489 601 5497 -
623 5463 660 5512 43.
678 5464 742 5524 foret
759 5463 836 5513 codd.
853 5491 879 5498 -
899 5462 1043 5511 comedisset
1056 5460 1145 5522 paucis
1157 5461 1176 5507 0
1190 5485 1216 5494 -
1236 5460 1276 5509 45.
1295 5459 1352 5508 dete
1367 5459 1460 5521 pellica
1471 5458 1540 5507 iiico.
1553 5457 1646 5507 Ambr.

322 5542 412 5595 l.aur.;
438 5540 524 5589 deinde
544 5537 638 5601 pellica
658 5537 734 5587 Goth.
755 5564 782 5573 -
807 5543 932 5586 seirenes
948 5537 1105 5599 placentinus
1124 5533 1202 5584 codd.
1223 5561 1249 5569 -
1269 5535 1334 5584 Viti.
1352 5537 1491 5584 nausimus
1507 5545 1535 5596 p.
1552 5532 1601 5581 250
1618 5533 1646 5582 1..

323 5617 370 5665 «Et
386 5616 421 5664 sic
438 5615 514 5663 etiam
528 5613 575 5662 sibi
592 5613 728 5673 adoptauit.
753 5613 803 5662 Cic.
821 5613 848 5660 ie
863 5612 987 5661 Pisenore:
1008 5611 1136 5660 maiorem
1154 5608 1204 5658 sibi
1222 5609 1330 5671 insuper
1346 5605 1388 5657 iiie
1405 5621 1471 5657 avus
1487 5608 1648 5672 adoptavit.»

325 5717 352 5726 -
373 5690 413 5739 tx.
433 5691 555 5738 Asconius
573 5687 641 5736 circu
660 5700 729 5737 vers.
748 5700 763 5735 a
782 5687 867 5750 primo
880 5686 921 5720 ³¹*
934 5712 961 5722 -
982 5688 1022 5737 48.
1040 5686 1159 5751 Spatium
1175 5697 1289 5734 vacuum
1306 5685 1367 5747 post
1382 5682 1514 5730 lautiorem
1530 5694 1582 5731 non
1600 5682 1649 5731 ira·

322 5763 370 5813 bet
386 5761 479 5813 Ambr.
500 5789 527 5797 -
547 5761 625 5812 Gaiae
642 5761 718 5809 Leur.
739 5787 766 5796 -
790 5760 829 5810 49.
849 5759 879 5824 e']
897 5761 964 5811 enim
979 5762 1049 5812 llice.
1069 5763 1145 5811 taur.
1167 5787 1193 5796 -
1212 5760 1305 5809 cottoco
1322 5757 1400 5807 codd.
1420 5770 1481 5807 cum
1498 5759 1584 5821 spatio
1600 5770 1648 5806 ve-

324 5854 375 5890 cuo
392 5841 418 5889 in
436 5839 507 5888 ilice.
527 5840 554 5887 ot
570 5836 647 5887 Goth.
667 5862 693 5871 -
710 5841 819 5898 potestas
836 5850 912 5899 qaum
929 5838 1039 5887 omnium
1056 5837 1076 5886 0
1095 5862 1121 5871 -
1141 5835 1171 5884 x.
1190 5836 1367 5895 Quisrunsus
1383 5832 1452 5892 vni,
1472 5832 1499 5891 3,
1517 5832 1564 5882 tt:
1584 5833 1649 5882 «Nec

323 5915 440 5981 saperda
455 5925 550 5979 seotper
565 5912 648 5963 oratio
666 5913 708 5963 aad
724 5911 899 5964 mmmittmdo
913 5925 965 5962 eoo
981 5924 1119 5976 pompeam
1134 5915 1177 5962 est.
1208 5909 1262 5960 Vim
1276 5907 1350 5958 rebus
1365 5907 1501 5971 elimando
1516 5906 1649 5958 eerbomm
