3800 7350
339 1164 421 1238 llil
733 1166 887 1237 onusto
909 1173 987 1238 PRO
1010 1173 1071 1239 CN.
1094 1176 1267 1241 PLANCIO

339 1345 394 1403 aut
414 1348 535 1422 patrem
559 1341 640 1414 eius,
664 1340 689 1404 si
712 1341 861 1418 vixisset,
884 1364 947 1406 non
969 1293 1067 1407 ldisse
1089 1345 1251 1408 iacturum.
1287 1348 1365 1409 Nam
1388 1346 1507 1429 Opimii
1530 1350 1662 1432 quidem

339 1434 499 1498 calamitas
527 1434 647 1497 utinam
670 1456 710 1497 ex
738 1435 902 1501 hominurn
925 1440 1076 1502 memoria
1096 1447 1205 1521 posset
1227 1439 1336 1502 evellil
1366 1441 1487 1504 Vulnus
1510 1442 1589 1506 illud
1612 1444 1661 1507 rei

338 1527 497 1611 publicae,
519 1527 656 1592 dedecus
676 1531 772 1593 huius
787 1532 929 1614 imperii,
953 1531 1115 1616 turpitudo
1130 1533 1241 1615 populi
1257 1535 1405 1609 Romani,
1427 1554 1491 1598 non
1507 1538 1660 1602 iudicium

338 1620 511 1703 putandum
541 1633 597 1686 est.
645 1625 745 1701 Quam
777 1627 861 1689 enim
892 1627 938 1689 illi
968 1628 1107 1701 iudices,
1141 1628 1167 1690 si
1196 1627 1316 1689 iudices
1346 1635 1377 1689 et
1399 1649 1462 1690 non
1484 1631 1660 1711 parricidae

310 1715 454 1795 spatriae
477 1716 660 1779 nominandi
679 1727 769 1793 sunt,
791 1719 968 1801 graviorem
989 1728 1162 1802 potuerunt
1176 1722 1222 1784 rei
1244 1721 1387 1804 publicae
1406 1724 1548 1806 infligere
1567 1746 1660 1788 secu·

335 1808 411 1883 nm,
435 1829 531 1892 quam
553 1831 624 1874 cum
648 1812 738 1875 illum
760 1836 777 1875 o
800 1814 926 1876 civitate
950 1814 1127 1889 eiecerunt,
1150 1816 1205 1898 qui
1229 1824 1353 1897 praetor
1376 1813 1523 1893 linitimo,
1545 1819 1657 1882 consul

335 1902 509 1967 domestico
539 1905 623 1968 bello
654 1927 719 1969 rem
748 1908 906 1990 publicam
938 1908 1109 1971 liberarat?
1157 1904 1208 1969 7l.
1230 1911 1270 1970 nt
1302 1930 1360 1992 ego
1388 1911 1481 1973 nimis
1510 1932 1659 1995 magnum

333 1995 519 2062 beneficium
542 2000 661 2062 Plancii
683 2000 764 2063 facio
789 2010 836 2077 et,
867 2012 902 2065 ut
923 2002 988 2075 ais,
1015 2001 1047 2062 id
1070 2002 1174 2064 verbis
1196 2021 1374 2085 exaggero:
1396 2006 1488 2085 quasi
1510 2025 1585 2068 vero
1608 2025 1659 2066 me

333 2098 388 2154 tuo
416 2093 566 2157 arbitratu
596 2102 628 2157 et
656 2114 719 2157 non
750 2117 820 2159 mco
843 2103 965 2179 gratum
987 2116 1057 2159 esse
1079 2103 1230 2177 oporteat.
1276 2096 1387 2172 «Quod
1416 2097 1507 2159 istius
1537 2087 1658 2160 tantum

296 2187 518 2250 inmeritumrl
541 2190 644 2272 inquit
669 2210 727 2252 «an
750 2191 825 2272 quia
847 2199 877 2251 te
900 2211 965 2252 non
980 2190 1179 2272 iugulavit‘l»
1205 2191 1303 2252 Immo
1319 2211 1409 2266 vero,
1432 2191 1508 2273 quia
1522 2191 1658 2274 iugulari

332 2300 445 2362 passus
470 2303 535 2345 non
565 2291 621 2346 est.
660 2283 733 2357 Quo
760 2282 890 2366 quidem
920 2292 953 2347 tu
979 2284 1066 2356 loco,
1095 2284 1200 2357 Cassi,
1231 2285 1323 2347 etiam
1346 2284 1487 2367 purgasti
1509 2284 1657 2346 inimicos

331 2396 420 2440 meos
453 2396 605 2459 meaeque
638 2377 720 2440 vitae
751 2377 854 2440 nullas
882 2378 921 2440 ab
952 2377 1015 2440 illis
1036 2378 1168 2440 insidias
1188 2376 1288 2440 fnisse
1310 2378 1426 2441 dixisti.
1466 2377 1575 2439 Posuit
1595 2375 1657 2438 hoc

330 2469 415 2535 idom
437 2470 627 2534 Laterensis.
671 2469 773 2546 Quam
796 2471 836 2533 ob
859 2490 924 2532 rem
947 2471 1041 2554 paulo
1064 2478 1137 2553 post
1159 2470 1198 2533 de
1219 2472 1279 2534 isto
1301 2472 1392 2556 plura
1414 2470 1535 2533 dicam:
1562 2470 1601 2532 de
1625 2479 1656 2533 te

330 2571 451 2628 tantum
473 2565 618 2648 requiro,
647 2572 753 2627 utrum
784 2573 875 2647 putes
897 2563 1004 2627 odium
1027 2566 1059 2626 in
1082 2584 1131 2626 me
1153 2563 1312 2628 mediocre
1334 2566 1534 2628 inimicorum
1554 2564 1656 2627 luisse

293 2676 371 2722 ls-
393 2659 479 2743 quod
501 2658 562 2721 fuit
582 2657 723 2721 ulloruni
741 2679 891 2743 umquam
914 2658 1118 2720 harbarorum
1142 2666 1204 2721 tam
1227 2660 1362 2723 immane
1385 2680 1421 2721 ac
1444 2666 1506 2723 tam
1525 2658 1655 2722 crudele

329 2753 362 2815 in
390 2752 536 2816 hosteml
558 2784 600 2798 -
629 2772 670 2815 an
698 2751 797 2815 luisse
827 2755 860 2814 in
883 2751 922 2814 iis
944 2752 1082 2835 aliquem
1106 2760 1160 2815 aut
1180 2753 1283 2816 famae
1305 2762 1421 2817 metum
1445 2760 1500 2814 aut
1521 2771 1654 2834 poenae,

328 2865 464 2929 quorum
485 2845 590 2909 vidisti
613 2852 679 2908 toto
701 2845 757 2907 illo
780 2865 862 2908 anno
883 2844 1001 2909 lenum
1023 2847 1055 2907 in
1078 2846 1161 2922 soro,
1185 2849 1340 2911 flammam
1364 2849 1396 2910 in
1419 2846 1568 2921 delubris,
1589 2848 1653 2910 vim

326 2940 450 3004 inlota
470 2942 547 3003 urbe
569 2940 711 3003 versarii
743 2940 803 3001 nisi
825 2939 905 3002 sorta
928 2941 1088 3003 existimas
1111 2962 1166 3004 eos
1188 2943 1306 3005 idcirco
1328 2943 1409 3005 vitae
1431 2962 1519 3004 meae
1540 2960 1655 3024 peper-

327 3037 426 3111 cisse,
455 3034 543 3120 quod
571 3035 610 3097 de
638 3036 740 3099 reditu
771 3054 840 3098 meo
862 3036 941 3098 nihil
966 3037 1120 3098 timerent.
1164 3038 1204 3099 Et
1226 3057 1419 3121 quemquam
1441 3044 1532 3119 putas
1555 3035 1654 3098 inisse

287 3136 389 3194 aotam
411 3131 597 3206 excordem,
620 3131 676 3213 qui
698 3130 778 3193 vivis
800 3129 850 3191 his
873 3134 975 3192 statue
998 3128 1075 3191 urbe
1098 3135 1131 3191 et
1152 3128 1240 3193 curia
1254 3129 1427 3192 rediturum
1443 3150 1503 3203 me,
1527 3130 1553 3191 si
1569 3128 1655 3190 vive·

298 3266 303 3278 -
325 3244 401 3301 rem,
423 3244 490 3289 non
507 3227 653 3306 putaret‘l
677 3224 780 3300 Quam
802 3224 842 3286 ob
865 3243 931 3286 rem
953 3243 1018 3285 non
1041 3221 1139 3287 debes
1160 3225 1188 3287 is
1209 3223 1305 3287 homo
1328 3230 1360 3285 et
1380 3223 1407 3285 is
1430 3222 1507 3285 ciris
1529 3221 1655 3303 praedi-

325 3339 396 3381 care
425 3320 521 3382 vitam
548 3338 666 3393 meam,
695 3337 777 3401 quae
799 3314 949 3380 fidelitate
972 3316 1146 3380 amicorum
1168 3319 1354 3381 conservata
1378 3316 1432 3390 sit,
1454 3314 1651 3377 inimicorum

324 3411 479 3475 modestia
499 3431 565 3474 non
588 3432 659 3475 esse
681 3412 861 3496 appetitam.

408 3506 511 3568 XXX.
533 3504 584 3568 72.
606 3505 815 3590 Respondebo
837 3505 892 3569 tihi
916 3524 1018 3579 nunc,
1048 3506 1247 3581 Laterensis,
1275 3507 1380 3569 minus
1401 3505 1534 3568 sortasse
1556 3502 1652 3566 velse-

285 3607 462 3674 amenter,
485 3620 582 3684 quam
603 3599 658 3664 abs
681 3607 711 3663 te
734 3621 804 3663 sum
826 3607 1032 3684 provocatus,
1056 3600 1111 3663 sed
1133 3599 1274 3685 proiecto
1296 3621 1356 3663 neo
1371 3597 1569 3664 considerate
1592 3597 1651 3658 mi-

322 3716 383 3758 nus
411 3713 471 3757 nec
498 3695 604 3758 minus
632 3694 742 3758 amice.
785 3696 865 3758 Nam
893 3694 1028 3779 primum
1056 3693 1115 3759 luit
1136 3695 1215 3758 illud
1238 3697 1396 3779 asperius,
1429 3714 1479 3756 me
1503 3711 1585 3781 quae
1610 3691 1650 3752 de

322 3789 449 3852 Plancio
471 3787 610 3852 dicerem
631 3789 757 3852 mentiri
779 3796 811 3851 et
832 3787 981 3871 temporis
996 3788 1234 3870 causalingere.
1268 3789 1395 3852 Scilicet
1407 3787 1503 3850 homo
1517 3785 1648 3867 sapiens

322 3883 516 3965 excogitari,
545 3903 641 3966 quam
669 3883 710 3946 ob
737 3903 804 3945 rern
825 3881 950 3946 viderer
971 3882 1117 3944 maximis
1138 3878 1283 3946 beneficii
1307 3881 1443 3946 vinculis
1466 3879 1647 3951 obstrictus,

322 3995 393 4039 oum
414 3975 496 4039 liber
517 3996 619 4039 essem
641 3983 673 4040 et
691 3975 824 4040 solutus.
858 3974 1065 4051 Quid-enim?
1087 3975 1165 4039 mihi
1180 3977 1219 4039 ad
1236 3975 1469 4040 defendendum
1485 3971 1647 4035 Plancium

285 4086 433 4153 soparum
461 4070 594 4145 multae,
622 4091 731 4156 parum
759 4072 861 4134 iustae
883 4069 1135 4134 necessitudines
1158 4077 1246 4134 erant
1267 4069 1509 4143 familiaritatis,
1538 4067 1650 4131 vicini-

323 4166 411 4240 tatis,
441 4165 539 4248 patris
562 4165 741 4228 amicitiae?
763 4184 845 4249 qnae
867 4164 893 4227 si
915 4183 980 4226 non
1003 4171 1126 4239 essent,
1148 4184 1292 4239 vererer,
1315 4164 1429 4237 credo,
1451 4184 1492 4226 ne
1515 4162 1650 4245 turpiter

322 4256 477 4334 iacerem,
505 4259 532 4321 si
560 4258 622 4322 hoc
644 4258 814 4342 splendore
836 4266 869 4322 et
889 4257 948 4321 lrac
971 4256 1122 4339 dignitate
1144 4257 1303 4322 hominem
1327 4256 1540 4321 defenderem.
1576 4257 1649 4318 Fin-

323 4352 426 4435 genda
446 4352 524 4416 mihi
546 4351 608 4416 luit
621 4353 769 4416 videlicet
790 4372 885 4417 causa
906 4359 1070 4435 peracuta,
1092 4359 1128 4414 ut
1150 4353 1196 4426 ei,
1219 4372 1314 4436 quem
1330 4351 1407 4413 mihi
1424 4350 1539 4414 dehere
1554 4369 1649 4434 opor-

323 4455 419 4522 teret,
449 4467 507 4529 ego
536 4468 586 4510 me
616 4447 722 4510 omnia
750 4446 865 4510 debere
888 4445 1035 4509 dicerem.
1071 4446 1111 4507 At
1135 4444 1167 4508 id
1190 4445 1284 4510 etiam
1308 4446 1441 4529 gregarii
1464 4444 1580 4509 milites
1601 4444 1649 4507 la·

286 4541 410 4603 asciunt
431 4541 537 4615 iuviti,
563 4546 599 4603 ut
627 4560 774 4604 coronam
796 4540 871 4603 dent
892 4540 1022 4604 civicam
1045 4546 1076 4601 et
1097 4559 1132 4601 se
1155 4539 1194 4602 ab
1216 4540 1325 4621 aliquo
1347 4545 1487 4604 servatos
1510 4559 1579 4602 esse
1601 4537 1648 4601 la·

323 4642 464 4697 leantur:
487 4653 550 4697 non
574 4654 638 4718 quo
660 4642 752 4717 turpe
774 4634 816 4695 sit
837 4640 1014 4715 protectum
1036 4633 1069 4694 in
1092 4632 1159 4695 acie
1182 4654 1222 4696 ex
1242 4632 1383 4696 hostium
1405 4632 1550 4696 manibus
1568 4632 1647 4714 eripi

322 4761 364 4775 -
386 4747 459 4791 nam
481 4726 514 4790 id
536 4728 677 4792 accidere
700 4728 762 4791 nisi
783 4726 859 4788 lorti
879 4727 946 4788 viro
970 4733 1002 4788 et
1023 4726 1176 4808 pugnanti
1193 4727 1367 4790 comminus
1382 4745 1448 4789 non
1469 4732 1575 4809 potest
1593 4756 1647 4800 -,

321 4822 377 4885 sed
400 4842 479 4884 onus
500 4821 643 4885 beneficii
665 4820 888 4896 reformidant,
910 4820 996 4904 quod
1015 4839 1219 4903 permagnum
1241 4827 1289 4883 cst
1309 4820 1415 4883 alieno
1431 4819 1546 4884 debere
1562 4818 1646 4882 idem

321 4914 409 5000 quod
430 4916 564 5000 parenti.
605 4913 657 4978 73.
678 4918 764 4999 Ego,
786 4934 858 4979 cum
880 4913 976 4978 ceteri
995 4933 1070 4978 vera
1090 4911 1259 4988 beneficia,
1282 4915 1377 4979 etiam
1394 4913 1531 4990 minora,
1553 4911 1646 4976 dissi·

384 5271 408 5320 t.
427 5268 503 5330 opina
519 5267 569 5318 TE
586 5293 613 5303 -
632 5267 656 5317 3.
673 5268 760 5330 populi
777 5268 816 5333 lt]
835 5268 917 5331 .pr.l'
936 5294 963 5304 -
981 5270 1097 5320 indulcari
1113 5269 1175 5319 T-
1192 5268 1217 5320 l.
1236 5268 1273 5318 sus
1289 5269 1316 5318 in
1332 5267 1352 5318 E
1369 5269 1580 5332 superscriptum
1593 5271 1643 5320 est.

320 5370 347 5379 -·
365 5345 387 5393 st
402 5344 495 5393 tadmor
511 5355 565 5392 om.
584 5342 604 5391 Τ
622 5368 648 5377 -
668 5343 692 5391 6.
712 5344 834 5392 amount
850 5356 904 5395 om.
924 5346 942 5394 T
962 5371 989 5382 -
1004 5351 1107 5408 practer
1122 5345 1142 5393 Τ
1156 5370 1182 5380 -
1202 5346 1226 5394 7.
1245 5358 1297 5406 rep.
1316 5343 1407 5395 libarat
1423 5343 1442 5393 Τ
1457 5370 1484 5380 -
1502 5344 1535 5394 At
1551 5345 1644 5407 eponi-

316 5419 399 5467 mtsT
417 5415 596 5480 (sedotms'tslz
614 5416 727 5466 Atesim
742 5417 817 5466 nimis
832 5430 877 5482 ego
893 5418 942 5468 EO
961 5444 989 5453 -
1007 5419 1033 5470 8.
1047 5419 1149 5481 planeto
1170 5419 1221 5470 TE
1236 5444 1262 5456 -
1282 5419 1322 5469 ta.
1338 5418 1486 5481 paulopost
1501 5419 1531 5469 de
1547 5418 1643 5482 (pdeT)

315 5492 445 5542 lstoTE:
469 5490 814 5554 deistopoatloposto-
842 5493 881 5543 ts.
901 5494 1037 5543 tamensi*
1057 5520 1083 5532 -
1111 5489 1507 5557 lacuum-pocr-
1535 5492 1645 5543 lllnito

315 5565 853 5617 mel—tt.lstslsomoetlriscatusl'
873 5568 1063 5631 -dzqunl'
1083 5567 1642 5630 -2³.motestioTE-cdpetttoml'-

314 5640 356 5690 26.
374 5641 423 5703 solt
438 5641 500 5690 illud
516 5641 578 5692 TE:
597 5641 658 5690 illud
673 5641 721 5703 fait
737 5642 757 5691 0
776 5667 803 5677 -
822 5640 864 5692 28.
881 5642 971 5694 cincus
987 5645 1007 5695 E
1025 5670 1052 5679 —
1071 5643 1178 5698 30-32.
1194 5643 1540 5708 [mussitatis—domtus
1556 5641 1643 5692 om.T

318 5741 345 5752 -
365 5713 626 5779 semassond:
644 5716 844 5778 sattmttto-
863 5718 894 5782 sl]
912 5719 1014 5769 eaT-
1034 5717 1642 5784 3l..ttid--[ctecoturhabstA—scctmt

314 5789 438 5840 militosT
457 5818 484 5828 -
509 5790 549 5842 35.
568 5793 676 5842 donam
692 5793 753 5842 AT:
778 5793 896 5855 cogamo
911 5793 945 5855 133
968 5794 1017 5843 os'vt
1036 5795 1142 5844 dotcmn
1157 5794 1192 5846 de
1212 5809 1261 5848 sua
1278 5794 1468 5849 coniectaret)
1486 5820 1514 5834 -·
1538 5792 1578 5845 37.
1595 5805 1642 5843 cc·

313 5863 431 5927 (ΜΤ
451 5890 479 5904 ·-
499 5866 637 5919 semotim
653 5867 686 5916 T:
708 5866 884 5920 consuasEO
903 5889 931 5906 -
955 5868 1223 5934 succumbas.
