3800 7350
296 1157 359 1227 942
716 1162 871 1229 ORATIO
895 1164 976 1236 PRO
997 1165 1033 1230 P.
1052 1164 1196 1231 SESTIO

297 1340 365 1400 erat
386 1339 530 1408 44444444,
550 1331 632 1395 nihil
652 1332 767 1417 reliqui
788 1334 1004 1417 magistratus:
1025 1355 1109 1398 unus
1123 1354 1251 1399 omnem
1264 1336 1407 1399 omnium
1428 1342 1618 1419 potestatem

296 1426 392 1492 armis
414 1435 447 1491 et
467 1427 642 1492 latrociniis
664 1427 860 1509 possidebat,
883 1449 948 1491 non
969 1429 1078 1514 aliqua
1091 1431 1123 1492 vi
1144 1449 1211 1504 sua,
1234 1429 1376 1493 sedeam
1393 1431 1619 1494 duoconsules

297 1540 316 1583 a
336 1539 371 1586 re
393 1520 519 1603 publica
540 1521 772 1602 pmriuciarum
793 1520 922 1585 foedere
943 1524 1144 1597 retraxisset,
1174 1523 1360 1598 insultabat,
1390 1524 1619 1598 dominabatur,

296 1615 368 1682 aliis
389 1614 610 1698 pollicebatur,
633 1623 752 1678 terrore
773 1635 811 1679 ac
830 1624 917 1679 metu
931 1616 1063 1692 multos,
1084 1616 1190 1700 plures
1207 1616 1301 1679 etiam
1323 1636 1380 1700 spe
1402 1625 1436 1681 44
1456 1618 1620 1700 promissis

273 1708 431 1773 saumae
473 1703 525 1771 35.
548 1707 637 1785 Quae
665 1729 736 1772 cum
759 1718 866 1773 essent
886 1711 956 1773 eius
979 1708 1079 1784 modi,
1108 1709 1249 1783 iudices,
1278 1730 1349 1776 cum
1373 1718 1500 1774 senatus
1523 1712 1620 1774 duces

295 1803 401 1867 nrdlos
433 1822 470 1866 ac
502 1820 559 1886 pro
592 1802 726 1866 ducibus
754 1803 933 1885 proditores
963 1812 1018 1866 aut
1045 1803 1151 1886 potius
1180 1810 1306 1886 apertos
1335 1804 1444 1868 hostes
1471 1804 1620 1881 baberet,

296 1904 444 1982 equester
465 1896 545 1960 ordo
567 1916 639 1960 reus
662 1916 684 1959 a
705 1896 888 1965 consulibus
910 1898 1075 1970 citaretur,
1098 1895 1206 1959 ltaliae
1229 1898 1325 1960 totius
1339 1898 1511 1962 auctoritas
1526 1919 1621 1982 repa-

295 1991 451 2066 diaretur,
471 1990 529 2054 alii
550 1989 736 2054 nominatim
761 1990 993 2072 relegarentur,
1018 1989 1074 2053 alii
1096 1997 1182 2052 metu
1202 1997 1236 2053 44
1256 1990 1397 2073 periculo
1419 1998 1620 2067 terrerentur,

295 2104 381 2150 arma
407 2091 516 2148 essent
542 2083 576 2145 in
605 2082 748 2167 templis,
780 2084 892 2149 armati
920 2085 955 2147 in
975 2082 1064 2157 tero,
1093 2102 1196 2165 eaque
1218 2102 1282 2146 nen
1305 2084 1433 2149 silentio
1454 2084 1621 2150 consulum

258 2196 286 2242 44
296 2177 569 2247 &cumularentur
576 2221 585 2252 ,
608 2176 665 2240 aed
687 2183 819 2240 atroce
841 2184 874 2240 et
902 2176 1059 2242 sententia
1080 2176 1378 2259 comprobarentur3
1406 2197 1477 2241 oum
1509 2197 1620 2250 omnes

295 2271 405 2339 urbem
435 2269 577 2334 nondum
605 2270 746 2334 excisam
771 2278 804 2334 et
824 2291 982 2346 eversam,
1010 2269 1067 2334 sed
1089 2270 1151 2333 iam
1174 2278 1295 2354 captam
1317 2279 1414 2355 atque
1436 2291 1620 2355 oppressam

294 2363 490 2430 videremus:
510 2372 616 2428 tanen
635 2363 686 2427 bis
707 2364 803 2429 tantis
824 2364 917 2428 malis
937 2358 1025 2428 tanto
1046 2364 1202 2426 bonorum
1223 2363 1345 2439 studio,
1367 2366 1506 2441 iudices,
1529 2367 1622 2430 resti·

296 2456 463 2532 eccum.
485 2458 542 2521 sed
563 2477 614 2520 mc
634 2456 690 2520 alii
712 2463 814 2520 metus
835 2465 932 2541 atque
954 2456 1036 2522 aliae
1056 2476 1151 2521 curae
1169 2456 1430 2541 suspicionesque
1444 2468 1620 2524 moverant.

380 2551 463 2614 XVI.
482 2547 537 2614 36.
559 2551 724 2634 Exponam
753 2550 837 2613 enim
864 2550 1021 2614 hodierno
1050 2549 1119 2625 dic,
1147 2550 1286 2626 iudices,
1316 2571 1442 2615 omnen
1464 2554 1620 2617 rationem

259 2642 371 2709 selecti
399 2653 430 2707 et
451 2645 575 2709 consilii
597 2644 678 2718 mei,
707 2664 811 2727 nequas
832 2644 907 2708 huic
928 2653 1033 2708 vestro
1055 2653 1143 2708 tante
1165 2645 1271 2708 studio
1293 2645 1444 2709 audiendi
1466 2667 1526 2709 nec
1545 2667 1621 2710 rere

295 2737 371 2804 buia
392 2744 498 2803 4444444
518 2737 731 2813 multitudini,
760 2745 878 2820 quanta
904 2758 975 2801 mea
995 2740 1146 2802 memoria
1166 2758 1340 2820 numquam
1362 2739 1429 2803 ullo
1450 2741 1482 2803 in
1504 2740 1622 2804 iudicio

296 2830 373 2909 fuit,
395 2834 501 2898 deero.
534 2835 612 2896 Naar
632 2833 662 2895 si
683 2851 743 2914 ego
764 2833 797 2896 in
819 2850 914 2896 causa
936 2838 999 2895 tam
1020 2831 1120 2906 bona,
1143 2839 1230 2895 tanto
1253 2831 1357 2896 studio
1377 2840 1524 2909 senatus,
1546 2852 1622 2900 coa·

296 2945 393 2994 4444444
412 2935 477 2990 tana
498 2924 676 2989 incredibili
698 2923 855 2987 bonorum
877 2925 1035 3001 omnium,
1057 2933 1120 2990 tam
1142 2933 1272 3009 parato,
1293 2932 1358 2989 tota
1373 2924 1512 3010 denique
1531 2926 1621 2990 ltalia

296 3020 337 3089 ad
352 3038 481 3084 omnem
499 3020 736 3084 contentionem
758 3019 920 3102 expedita,
937 3022 1018 3084 cessi
1038 3020 1157 3084 tribuni
1177 3018 1232 3102 pl,
1253 3019 1496 3101 despicatissimi
1518 3020 1621 3083 bomi-

258 3114 362 3189 senis,
382 3112 494 3188 tarori,
509 3114 847 3197 contemptisdmorum
863 3115 1028 3179 consulum
1044 3115 1204 3177 tenutam
1218 3111 1448 3197 audaciamque
1462 3112 1620 3198 pertimui,

295 3206 429 3276 nimium
460 3226 511 3271 ma
544 3206 704 3282 timidum,
736 3206 855 3271 nullius
883 3208 997 3283 animi,
1027 3208 1147 3272 nullius
1177 3205 1302 3269 consilii
1329 3204 1430 3270 tuisse
1456 3206 1619 3272 missor.

221 3346 223 3351 ·
295 3297 348 3364 37.
373 3300 459 3375 Quid
477 3300 566 3364 enim
587 3300 690 3369 simile
711 3299 772 3363 tuit
793 3300 827 3362 in
847 3299 889 3375 Q.
904 3301 1054 3366 4444444444
1076 3300 1165 3364 cuius
1186 3318 1313 3363 causam
1333 3300 1394 3363 etsi
1415 3320 1524 3365 omnes
1547 3321 1621 3385 pro·

295 3394 426 3468 babant,
455 3401 561 3457 tamen
590 3395 696 3477 neque
726 3402 853 3458 senatuis
881 3394 1006 3478 publice
1035 3413 1141 3477 neque
1161 3394 1246 3456 ullus
1262 3394 1345 3456 ordo
1367 3395 1493 3478 proprie
1515 3414 1620 3479 neque

295 3488 360 3552 sais
382 3487 516 3551 dometis
536 3486 627 3550 Italia
648 3495 761 3551 cuncta
782 3496 974 3571 susceperat
999 3490 1048 3552 Ad
1070 3507 1158 3552 suam
1180 3489 1264 3551 enim
1279 3487 1438 3571 quandam
1453 3489 1553 3573 magis
1566 3490 1620 3552 ille

258 3580 444 3663 angleriam,
470 3599 568 3664 quam
597 3580 638 3643 ad
665 3582 866 3663 perspicuam
891 3580 1027 3644 salutem
1053 3580 1267 3663 reipublicae
1289 3580 1313 3661 †
1335 3589 1526 3666 sumpserat,
1548 3603 1619 3646 oum

293 3695 377 3741 unus
396 3674 433 3738 in
453 3673 555 3756 legem
576 3694 635 3757 per
654 3677 717 3738 rim
740 3673 834 3738 latam
852 3677 958 3744 iurare
973 3674 1133 3739 uoluerat:
1157 3674 1298 3759 denique
1313 3675 1479 3740 videbatur
1493 3697 1531 3741 sa
1546 3697 1621 3741 cen·
1728 3725 1729 3728 ,

294 3768 417 3835 ditione
449 3777 513 3832 tan
538 3768 631 3833 fenis
658 3767 776 3844 tuisse,
808 3776 843 3832 ut
869 3789 940 3833 cum
966 3769 1088 3852 patriae
1116 3769 1243 3832 caritate
1273 3772 1469 3840 constantiae
1490 3773 1620 3856 44444444

294 3869 510 3931 commutaret.
544 3862 621 3925 Erat
647 3869 752 3926 autera
774 3881 825 3925 res
846 3863 878 3925 ci
900 3883 972 3926 cum
994 3863 1136 3926 exercitu
1159 3863 1193 3926 C.
1214 3864 1304 3927 Marti
1326 3864 1463 3941 invicto,
1485 3865 1622 3930 babebat

293 3958 458 4024 inimicum
481 3956 516 4021 C.
537 3956 690 4032 Mariua,
718 3963 971 4021 conservatorem
992 3957 1129 4038 patriae,
1160 3964 1288 4020 sextum
1310 3957 1373 4020 iam
1393 3957 1484 4021 illum
1506 3978 1621 4025 4444444·

256 4051 392 4118 44444444
413 4057 591 4135 gerentema
611 4071 664 4115 res
685 4060 754 4115 erat
774 4071 844 4116 cum
866 4052 902 4113 L.
919 4050 1091 4115 Saturnino
1110 4052 1226 4114 iterum
1248 4051 1373 4114 tribune
1393 4050 1448 4134 pl,
1469 4051 1620 4134 vigilante

294 4145 422 4210 bomine
444 4151 476 4209 at
495 4146 531 4208 in
552 4164 648 4211 causa
669 4145 816 4229 populari
836 4145 865 4208 si
886 4163 953 4207 non
974 4145 1153 4219 moderate,
1175 4152 1207 4207 at
1228 4152 1313 4208 certe
1333 4144 1529 4228 populariter
1549 4145 1620 4208 aba·

294 4241 495 4324 tinenterque
524 4243 658 4302 versato.
697 4236 814 4313 Cessit,
842 4256 883 4300 ne
913 4242 968 4299 aut
996 4239 1098 4301 victus
1120 4257 1139 4300 a
1159 4237 1294 4301 fortibus
1316 4237 1390 4301 viris
1419 4259 1491 4302 cum
1523 4238 1620 4302 dede-

295 4353 368 4397 core
390 4332 517 4397 caderet
537 4337 593 4395 aut
613 4333 715 4395 victor
735 4331 841 4396 multis
863 4339 894 4395 et
918 4331 1051 4395 fortibus
1072 4332 1192 4395 civibus
1214 4352 1281 4395 rem
1304 4331 1460 4416 publicam
1481 4331 1617 4396 orbaret.

293 4422 345 4491 38.
368 4428 471 4491 licam
491 4445 619 4494 causam
640 4432 769 4491 senatus
790 4425 913 4510 palam,
933 4434 1083 4511 equester
1104 4426 1184 4491 ordo
1205 4427 1373 4503 acerrime,
1395 4434 1509 4492 cuncta
1529 4426 1620 4491 ltalia

360 4649 384 4699 t.
402 4660 497 4702 4444444444
514 4650 604 4708 emt}
622 4675 650 4685 -
667 4647 693 4700 2.
711 4648 848 4701 4444444-
868 4647 892 4700 4.
909 4648 1275 4711 soedncntrcctsscctP’-
1294 4648 1518 4713 4444444446-
1536 4651 1620 4703 nece

292 4724 462 4775 4444444446
484 4747 512 4758 ·-
538 4722 564 4773 8.
581 4721 751 4786 reltqcrentar
766 4724 815 4773 PG
835 4749 869 4760 -
891 4729 916 4776 44
931 4727 966 4775 P:
988 4737 1020 4775 cc
1037 4726 1100 4786 (³03
1129 4725 1163 4777 ct.
1181 4725 1271 4776 Herm.
1290 4738 1317 4791 p.
1336 4725 1361 4776 6.
1379 4750 1408 4762 -
1428 4726 1467 4776 44.
1486 4725 1620 4779 4444444444

293 4798 386 4855 bamb.
411 4796 530 4852 Dubitari
553 4809 605 4848 non
626 4799 714 4862 potest
730 4797 794 4861 quin
816 4799 927 4851 44444444
943 4797 978 4850 ab
995 4800 1139 4852 4444444444
1156 4800 1219 4863 (sive
1236 4799 1382 4861 4444444444,
1405 4800 1435 4850 ut
1450 4797 1532 4851 scribi
1547 4798 1619 4852 sele·

292 4872 346 4937 bat)
364 4875 392 4923 44
406 4873 470 4924 item
487 4872 579 4924 wenc
594 4870 610 4937 5
628 4872 659 4922 944
677 4871 852 4925 derivandum
869 4874 915 4931 sit;
941 4873 990 4924 sed
1004 4873 1109 4926 videbar
1125 4875 1212 4940 supini
1229 4874 1315 4925 torma
1331 4874 1437 4934 44444444,
1455 4886 1508 4926 non
1525 4875 1619 4925 444444-

290 4962 333 4999 4444
352 4948 448 5007 tulsse;
475 4960 500 4998 v.
523 4947 626 5012 Zumpt.
645 4947 679 4998 ad
702 4947 821 4999 Curtium
843 4961 870 5012 p.
889 4948 936 4999 434
959 4951 1071 5013 atquae
1089 4948 1123 4999 (44
1145 4949 1223 5000 huius
1239 4948 1316 4999 verbi
1338 4962 1388 5001 usu
1408 4947 1479 5012 apud
1499 4949 1618 5007 Tacitum

292 5023 402 5088 exposui
417 5022 444 5073 in
460 5022 598 5074 4444444444
609 5022 718 5092 peteme
729 5021 853 5085 44444444
871 5021 1020 5086 (444444)4441.
1033 5024 1137 5086 44444444,
1155 5036 1182 5088 p.
1196 5021 1227 5078 et
1239 5035 1299 5087 sqq.
1312 5049 1346 5061 ·-
1362 5023 1403 5075 t2.
1415 5023 1489 5074 4444444
1504 5025 1582 5077 matis
1598 5027 1618 5075 44

291 5125 325 5138 ·-
342 5098 382 5149 44.
395 5097 435 5148 dic
448 5097 566 5148 4444444444
581 5099 641 5147 44-
662 5099 702 5148 te.
719 5110 764 5148 4444
779 5110 838 5147 cero
855 5099 887 5147 P:
905 5111 985 5160 eaque
999 5097 1119 5148 osroGO
1133 5124 1160 5133 -
1179 5096 1219 5146 tc.
1237 5098 1329 5146 mecG
1345 5099 1406 5160 post
1421 5099 1543 5148 4444444444
1558 5111 1616 5162 sup.

290 5170 336 5225 ltu.
345 5171 438 5223 babet.
453 5197 481 5208 -
497 5175 695 5234 4444444444Ρ-
714 5172 754 5222 te.
766 5176 820 5222 4444
833 5176 930 5235 perclo
942 5175 977 5232 G;
995 5177 1048 5223 44444
1061 5175 1156 5235 perclo
1169 5170 1263 5235 populo
1273 5171 1473 5224 Mommsenius.
1486 5199 1511 5211 -
1525 5172 1566 5222 te.
1579 5173 1620 5223 ds·

290 5246 1619 5312 monheim-wcoatcmpttesaseownt’-perttmaltttexpuuotatetsa'aancmettmt-
1720 5259 1721 5262 ¹

291 5320 518 5382 demetetur.
537 5319 597 5372 lect.
616 5321 817 5387 4444443444
837 5319 1035 5386 campere,
1054 5322 1615 5385 cummarcanis-An:
1669 5345 1670 5348 =

287 5393 1153 5461 marecleam.-aa.mrozmmomto
1178 5395 1616 5448 -44444444444464444444444,

291 5469 1619 5535 acescens.narn.p.a.-qacssoescsccaeopsamaqustm.qaoecae):m9a

292 5546 421 5608 4444444444
437 5546 457 5597 0
476 5571 503 5582 -
522 5546 563 5596 444.
581 5549 720 5608 4444444444
735 5547 797 5596 PG:
816 5551 869 5596 444444
885 5549 1011 5608 4444444444
1026 5543 1185 5609 tladstgtus3
1203 5549 1329 5609 4444444444
1344 5546 1365 5596 4)
1382 5557 1445 5596 cum
1462 5543 1523 5597 edd.
1542 5548 1617 5605 vett.;

291 5626 437 5684 4444444444
452 5620 577 5682 tacebam
594 5620 749 5684 4444444444
765 5620 932 5671 Hermannus
948 5634 975 5686 p.
994 5621 1039 5681 ⁴⁰5
1065 5619 1125 5670 tort.
1143 5621 1247 5671 4444444444
1265 5624 1418 5683 4444444444
1447 5618 1516 5669 cent.
1537 5620 1618 5671 4444444

293 5692 1619 5762 malampnum-264⁰]cG-ttl.cosametoreet(eexpuuctatt’-resetPttzstrea

293 5766 1619 5836 eo-aa.cteccrr.sxcc-aeenarcsae;acatcaserpto;occccccrqacuomm

295 5840 985 5910 semus.-³³.rsap.crtcrss]resprcbcsete.
