3800 7350
667 1231 740 1295 c...
762 1229 975 1294 xrn-xrv.
1002 1225 1048 1311 §p
1070 1224 1218 1292 ar-sa.
1520 1221 1602 1290 lon

281 1401 410 1490 pedirit
454 1398 505 1464 30.
529 1401 618 1477 Quae
641 1401 693 1464 lex
715 1401 844 1485 privatis
867 1399 1049 1464 bominibus
1064 1418 1134 1461 esso
1148 1398 1201 1461 lex
1216 1418 1280 1462 non
1295 1398 1476 1476 videbatur,
1499 1400 1602 1465 inusta

280 1517 338 1584 per
358 1515 482 1570 servos,
511 1496 612 1559 incisa
634 1495 791 1580 pervim,
820 1494 969 1579 imposita
997 1514 1054 1578 per
1081 1493 1296 1568 latrocinium,
1329 1494 1452 1558 sublato
1481 1505 1603 1571 senatu,

281 1591 382 1676 pulsis
404 1612 421 1653 e
442 1589 512 1653 foro
535 1590 626 1654 bonis
648 1590 804 1663 omnibus,
827 1593 916 1671 capta
938 1587 1123 1670 republica,
1146 1594 1254 1649 contra
1277 1606 1386 1651 omnes
1407 1588 1494 1671 leges
1511 1590 1601 1653 nullo

281 1686 396 1769 scripta
417 1703 522 1747 more:
555 1684 637 1747 banc
667 1684 722 1767 qui
752 1703 785 1746 se
812 1690 952 1745 metuere
975 1682 1131 1754 dicerent,
1163 1680 1223 1743 bos
1244 1682 1391 1744 consules
1413 1702 1478 1746 non
1500 1683 1602 1747 dicam

280 1780 378 1843 animi
400 1777 578 1853 bominum,
611 1777 667 1839 sed
689 1776 761 1839 fasti
783 1775 839 1838 ulli
861 1775 943 1838 ferre
964 1778 1119 1860 possuntt
1149 1775 1228 1837 Nam
1251 1775 1278 1837 si
1300 1774 1387 1837 illam
1415 1776 1517 1859 legem
1539 1793 1626 1839 nous

281 1872 456 1957 putabatis,
489 1892 571 1956 quae
601 1877 668 1934 erat
695 1878 803 1933 contra
831 1889 939 1933 omnes
967 1870 1053 1953 leges
1075 1869 1248 1933 indemnati
1271 1868 1350 1931 civis
1371 1877 1466 1954 atquc
1488 1870 1602 1953 integri

281 1966 393 2049 capitis
421 1966 639 2049 bonorumque
670 1964 838 2027 tribunicia
865 1965 1068 2046 proscriptio,
1102 1983 1139 2026 ac
1167 1971 1271 2026 tamen
1294 1963 1435 2026 obstricti
1456 1965 1603 2047 pactione

280 2059 492 2124 tenebamini:
525 2060 596 2143 quis
626 2077 684 2121 vos
717 2078 781 2122 non
810 2058 904 2120 modo
935 2058 1100 2132 consules,
1133 2056 1188 2119 sed
1219 2056 1336 2119 liberos
1368 2055 1468 2121 fuisse
1498 2065 1603 2142 putet,

281 2174 418 2239 quorum
441 2175 528 2218 mens
558 2153 652 2216 fuerit
674 2171 824 2235 oppressa
845 2152 1003 2235 praemio,
1036 2152 1146 2235 lingua
1167 2149 1316 2213 adstricta
1337 2148 1511 2214 mercede?
1548 2152 1602 2215 Sin

279 2248 366 2311 illam
387 2267 444 2311 vos
466 2248 526 2310 soli
548 2247 649 2329 legem
671 2245 845 2331 putabatis,
881 2246 1048 2328 quisquam
1077 2265 1133 2307 vos
1163 2243 1308 2307 consules
1331 2252 1407 2307 tunc
1427 2242 1526 2307 fuisse
1548 2252 1640 2310 autro

280 2363 365 2408 nunc
397 2363 466 2406 esse
499 2340 680 2405 consulares
709 2349 814 2423 putet,
851 2340 904 2421 qui
936 2340 1004 2400 eius
1033 2338 1184 2413 civitatis,
1217 2339 1251 2401 in
1278 2358 1340 2420 qua
1368 2338 1402 2401 in
1423 2338 1603 2423 principum

281 2454 412 2499 numero
433 2435 528 2500 vultis
551 2454 637 2508 esse,
669 2454 733 2496 non
764 2434 866 2515 leges,
901 2452 965 2495 non
999 2434 1157 2507 instituta,
1190 2452 1255 2495 non
1285 2453 1407 2509 mores,
1438 2453 1503 2496 non
1534 2433 1604 2497 iura

281 2528 420 2592 noritis?
456 2524 506 2590 3l.
528 2530 576 2591 lln
600 2548 671 2591 cum
693 2524 973 2610 proficiscebamini
994 2525 1132 2610 paludati
1155 2526 1187 2588 in
1209 2527 1388 2610 provincias
1410 2526 1461 2589 vel
1483 2535 1603 2610 emptas

279 2623 331 2686 vel
353 2631 493 2706 ereptas,
522 2621 666 2686 consules
688 2640 745 2684 vos
767 2621 933 2704 quisquam
957 2620 1098 2705 putavitl
1134 2620 1263 2704 ltaque,
1296 2619 1408 2694 credo,
1440 2619 1467 2682 si
1499 2621 1603 2683 minus

280 2716 456 2801 frequentia
478 2736 535 2779 sua
556 2724 693 2779 vestrum
716 2734 875 2798 egressum
896 2714 1036 2777 ornando
1058 2721 1153 2798 atque
1176 2714 1374 2805 celebrando,
1396 2721 1428 2777 at
1445 2714 1603 2779 ominibus
1613 2735 1640 2782 48

280 2811 391 2875 saltem
418 2810 509 2875 bonis
537 2818 573 2873 ut
594 2809 757 2884 consules,
790 2829 853 2871 non
876 2808 1064 2872 tristissimis
1088 2815 1123 2871 ut
1143 2807 1252 2872 hostes
1274 2828 1310 2871 ac
1331 2807 1510 2893 proditores
1530 2829 1603 2892 pro-

281 2905 503 2989 sequebantur.

363 3000 447 3061 xiv.
469 3001 559 3063 Tune
581 2999 692 3072 etiam,
713 2995 974 3060 immanissimum
996 3016 1032 3058 ac
1053 2994 1269 3059 foedissimum
1293 3003 1486 3072 monstrum,
1507 3018 1604 3064 ausus

281 3113 314 3158 es
336 3112 440 3157 meum
463 3094 636 3157 discessum
658 3092 764 3164 illum,
788 3097 899 3153 testem
922 3088 1049 3152 sceleris
1072 3098 1104 3151 et
1125 3088 1318 3152 crudelitatis
1340 3097 1430 3164 tuae,
1453 3092 1487 3154 in
1508 3095 1604 3158 male-

281 3186 355 3250 dicti
382 3192 415 3249 et
443 3185 652 3250 contumeliae
683 3186 753 3248 loco
778 3184 923 3268 poneret
960 3183 1031 3259 Quo
1057 3182 1185 3266 quidem
1215 3190 1356 3265 tempore
1379 3185 1464 3268 cepi,
1498 3195 1642 3270 patresso

281 3281 466 3365 conscripti,
499 3280 634 3344 fructum
657 3278 865 3343 immortalem
887 3278 984 3339 vestri
1014 3278 1119 3339 inme
1142 3283 1173 3338 84
1194 3277 1310 3338 amoris
1333 3284 1364 3339 et
1385 3277 1514 3354 iudicii;
1549 3280 1604 3365 qui

281 3395 343 3438 non
365 3373 672 3446 admurmuratione,
709 3372 764 3434 sed
787 3392 863 3435 voce
887 3379 918 3434 et
939 3372 1076 3434 clamore
1104 3370 1218 3432 abiecti
1243 3369 1380 3433 bominis
1402 3390 1439 3433 ac
1460 3372 1604 3462 semivivi

280 3467 417 3532 furorem
434 3468 706 3553 petulantiamque
720 3465 867 3548 fregistis.
910 3463 962 3528 32.
984 3468 1032 3527 Tu
1055 3464 1173 3527 luctum
1196 3470 1341 3537 senatus,
1363 3471 1398 3527 tu
1411 3462 1604 3529 desiderium

281 3562 437 3646 equestris
460 3561 597 3634 ordinis,
620 3568 653 3622 tu
676 3559 855 3643 squalorem
878 3559 1001 3634 ltaliae,
1024 3569 1058 3622 tu
1074 3558 1179 3621 curiae
1194 3558 1442 3622 taciturnitatem
1457 3579 1605 3637 annuam,

281 3664 313 3720 tu
334 3655 496 3719 silentium
526 3661 713 3739 perpetuum
743 3652 931 3718 iudiciorum
953 3653 1086 3729 actori,
1119 3660 1154 3717 tu
1176 3661 1282 3718 cetera
1310 3652 1364 3717 illa
1391 3654 1424 3719 in
1446 3654 1644 3724 maledictiaa

281 3751 351 3814 loco
372 3769 490 3834 pones,
527 3769 610 3834 quac
631 3769 720 3812 meus
743 3747 900 3812 discessus
921 3751 967 3812 rei
989 3748 1134 3831 publicae
1156 3748 1287 3811 vulnera
1308 3748 1447 3813 inflixit?
1491 3752 1553 3828 Qui
1576 3753 1604 3816 si

281 3843 571 3920 calamitosissimus
603 3841 733 3917 fnisset,
765 3850 869 3905 tamen
900 3842 1112 3905 misericordia
1140 3843 1267 3925 dignior
1294 3862 1390 3927 quam
1412 3845 1606 3909 contumelia

281 3943 404 4002 etcum
426 3938 525 4021 gloria
546 3940 652 4022 potius
674 3958 743 4000 esse
766 3936 950 4000 coniunctus
973 3956 1068 4021 quam
1090 3958 1161 4000 cum
1176 3937 1291 4021 probro
1306 3945 1486 4022 putaretur,
1509 3945 1604 4025 atque

279 4031 333 4096 ille
355 4032 447 4096 dolor
467 4052 556 4095 meus
578 4031 653 4095 dum
675 4038 778 4105 taxat,
806 4038 943 4092 restrum
967 4029 1096 4114 quidem
1126 4031 1229 4094 scelus
1257 4050 1294 4094 ac
1315 4030 1452 4095 dedecus
1473 4032 1605 4096 babere-

280 4133 341 4190 tur.
385 4126 461 4189 Cum
483 4145 558 4188 vero
573 4123 759 4188 -forsitan
779 4124 858 4196 boc,
882 4123 968 4207 quod
986 4125 1124 4187 dicturus
1142 4145 1227 4197 sum,
1249 4124 1393 4188 mirabile
1408 4125 1518 4189 auditu
1533 4145 1636 4193 esseto

280 4220 439 4293 rideatur,
461 4217 515 4282 sed
538 4227 622 4283 certe
643 4218 676 4282 id
699 4218 801 4281 dicam
825 4215 910 4302 quod
933 4219 1034 4280 sentio
1050 4253 1108 4292 -,
1130 4238 1201 4280 cum
1220 4219 1315 4280 tantis
1335 4219 1476 4293 anobis,
1498 4228 1602 4304 patres

281 4313 650 4397 conscripti,'bencliciis
672 4315 803 4376 allectus
825 4314 884 4376 sim
907 4312 1066 4393 tantisque
1088 4311 1279 4386 bonoribus,
1311 4330 1376 4375 non
1398 4310 1493 4376 modo
1515 4312 1602 4376 illam

281 4406 488 4471 calamitatem
511 4427 581 4470 esse
603 4426 665 4470 non
687 4407 788 4480 duco,
810 4407 881 4481 sed,
915 4405 941 4469 si
965 4404 1041 4489 quid
1065 4405 1140 4467 mibi
1163 4414 1306 4489 potesta
1328 4425 1361 4468 re
1383 4404 1510 4489 publica
1531 4427 1601 4470 csse

345 4734 369 4783 4,
388 4736 458 4797 Quos
470 4733 646 4782 --otdcbntor
662 4732 739 4782 allent
756 4731 926 4793 Quintilianus
943 4731 990 4791 lll,
1008 4730 1037 4792 3,
1056 4730 1097 4780 67.
1112 4758 1138 4766 -
1155 4732 1263 4794 priuatis
1278 4730 1424 4796 8848484888]
1441 4731 1475 4783 cl.
1493 4747 1520 4798 p.
1533 4735 1601 4785 Sest.

281 4809 347 4874 869.
359 4838 386 4847 -
404 4812 471 4860 48848
483 4811 522 4870 44;
541 4809 574 4859 ci.
586 4808 658 4872 adp.
673 4809 745 4868 4084,
759 4809 789 4858 48
802 4811 828 4858 84
839 4806 872 4857 ad
884 4820 910 4871 p.
923 4807 981 4868 884,
994 4807 1067 4859 at·
1082 4807 1104 4858 3.
1117 4820 1220 4858 comma
1238 4809 1299 4858 ante
1316 4813 1406 4859 contro
1422 4807 1500 4861 abest
1510 4809 1544 4860 ab
1557 4810 1601 4862 cd.

281 4887 322 4936 0r.
342 4888 370 4936 et
384 4884 527 4937 Klotziana.
547 4911 575 4922 -
594 4884 618 4936 t.
637 4885 680 4933 bor
696 4885 755 4934 BP:
779 4896 832 4934 om.
851 4883 971 4942 844448,
992 4883 1052 4934 tort.
1068 4897 1109 4933 eos
1126 4909 1151 4918 —
1172 4884 1195 4932 6.
1211 4883 1335 4946 putabam
1350 4883 1387 4933 lo
1403 4898 1467 4946 qaae
1483 4886 1503 4935 E
1520 4884 1601 4936 solus.

282 4984 310 4997 -
327 4960 353 5010 7.
371 4974 403 5010 nc
419 4965 503 5011 tamen
518 4959 683 5010 Wunderus:
702 4960 750 5008 888
765 4964 847 5008 484888
865 4959 955 5009 CO·
975 4959 998 5008 8.
1018 4972 1069 5008 esre
1085 4961 1104 5008 G
1123 4985 1149 4994 -
1169 4958 1193 5008 8.
1212 4959 1467 5022 oppressorum&
1485 4972 1603 5022 oppressa

281 5047 334 5086 om.
353 5037 411 5086 8-
429 5038 534 5087 astricto
551 5038 637 5095 8445,
657 5037 773 5086 asstricto
789 5035 848 5084 1².-
870 5035 910 5083 44.
928 5035 1097 5084 consularisC
1112 5061 1138 5068 -
1159 5035 1198 5083 44.
1217 5048 1267 5084 888
1283 5034 1342 5082 iarn
1358 5035 1602 5097 conmorssG(son

280 5123 373 5161 morum
389 5114 457 5163 coni.
476 5111 556 5174 Balce)
575 5138 602 5147 -
630 5112 670 5160 45.
689 5116 716 5160 84
733 5111 789 5159 l'S:
816 5109 926 5170 olqucE
946 5135 973 5144 -
995 5108 1116 5158 8884844488
1132 5110 1162 5156 S:
1190 5107 1327 5158 horninibus
1348 5108 1379 5167 F;
1406 5107 1518 5159 omnibus
1533 5110 1553 5161 E
1571 5137 1598 5146 —

281 5185 321 5236 46.
339 5200 370 5237 88
386 5187 496 5251 scripsi:
515 5192 559 5235 884
577 5186 641 5245 C0;
660 5191 688 5234 ut
704 5183 877 5249 Nipperdeius
895 5180 911 5232 l.
929 5197 953 5232 8.
976 5183 1014 5233 cl.
1027 5197 1083 5234 var.
1102 5182 1247 5234 lectitet
1263 5197 1290 5248 p.
1304 5181 1415 5245 4084,9.
1439 5184 1496 5234 Non
1514 5184 1602 5237 minus

282 5273 436 5324 perversum
453 5262 521 5312 locet
536 5260 601 5311 inira
620 5259 674 5324 §lt
690 5275 740 5309 888
756 5259 825 5308 48884
836 5263 880 5308 ool
896 5258 993 5322 plorias
1004 5261 1055 5308 884.
1075 5258 1113 5309 ct.
1127 5259 1206 5308 ctiam
1223 5258 1282 5322 §78
1294 5261 1361 5308 extr.
1375 5284 1403 5295 ·-
1418 5258 1602 5322 8888888488-

281 5340 322 5385 tar
337 5336 444 5386 86448
462 5361 489 5370 -
510 5336 550 5385 48,
569 5341 626 5384 tnnc
643 5336 718 5384 etiam
736 5335 779 5384 FG
797 5362 820 5371 -
840 5340 914 5395 atquc
933 5336 994 5382 G-
1015 5334 1054 5382 to.
1073 5335 1147 5383 484848
1164 5335 1226 5382 G-
1244 5334 1271 5382 48
1288 5333 1412 5383 maledicti
1428 5346 1491 5384 nos:
1508 5333 1600 5385 48848.

282 5410 344 5466 4)ος
369 5408 403 5460 84.
421 5408 486 5458 intra
510 5410 582 5474 532.
605 5424 630 5475 8.
651 5411 753 5461 Cluent.
772 5410 787 5474 8
806 5410 846 5460 os.
865 5413 890 5460 in
908 5409 983 5460 Vero.
1002 5409 1033 5467 V,
1052 5408 1067 5472 5
1085 5409 1141 5458 ⁴25.
1164 5435 1189 5444 -
1209 5409 1249 5459 48.
1268 5408 1301 5459 ab
1317 5409 1516 5459 memoratione
1532 5409 1552 5460 E
1571 5437 1598 5445 -

281 5496 311 5533 88
327 5482 361 5533 li:
379 5487 402 5533 ct
419 5484 463 5533 is
482 5511 509 5520 -
527 5485 567 5534 2¹5.
587 5486 613 5533 48
630 5499 683 5536 om.
704 5485 794 5536 bamb.
816 5512 842 5521 -
862 5485 902 5535 46.
921 5483 1043 5548 insiluerit
1060 5484 1128 5545 coni.
1142 5483 1221 5533 8848.
1250 5483 1321 5533 nilon
1339 5484 1395 5548 ipse
1412 5484 1505 5535 Cicero
1521 5497 1600 5548 prae-

281 5555 387 5609 dicabat
401 5569 431 5606 se
448 5556 558 5608 vulnera
575 5560 699 5609 inflixisse
717 5561 755 5608 rei
772 5558 906 5624 publicae:
934 5561 991 5608 erat
1007 5558 1058 5608 boc
1075 5559 1100 5607 in
1118 5559 1218 5609 Pisonis
1235 5556 1406 5609 maledictis·
1425 5585 1453 5594 -
1472 5558 1515 5620 qai
1530 5559 1551 5607 si
1568 5559 1599 5608 S:

280 5633 302 5684 ti
316 5632 413 5683 omittit
430 5634 463 5693 1²3
487 5637 559 5696 quasi
575 5636 595 5685 E
615 5662 641 5670 -
660 5636 700 5686 47.
719 5639 802 5685 tomen
813 5638 959 5686 --rutione
974 5636 1019 5684 boc
1035 5648 1060 5698 8.
1080 5634 1158 5691 4884,
1177 5634 1204 5682 at
1227 5632 1308 5684 babet
1325 5633 1346 5682 ll
1365 5659 1392 5670 -
1411 5632 1452 5683 29.
1470 5637 1515 5682 8444
1531 5632 1601 5682 448448-

281 5722 323 5760 cas
343 5710 364 5760 E
386 5707 468 5761 solus.
488 5737 515 5746 -
539 5713 578 5762 30.
596 5725 654 5761 cam
672 5712 869 5762 oeroVEGl‘:
891 5717 944 5760 tum
966 5722 1024 5758 vcro
1041 5709 1105 5768 MS,
1129 5713 1157 5757 48
1172 5709 1266 5757 verni
1287 5735 1311 5745 -
1336 5707 1551 5758 annaeus
1568 5732 1596 5742 -

282 5783 321 5834 84.
339 5789 437 5834 tastum
452 5783 500 5835 EF
519 5811 545 5822 -
566 5788 606 5837 32.
625 5789 747 5849 lactisque
763 5788 796 5835 V:
815 5788 925 5837 4884488
946 5813 972 5820 -
992 5784 1032 5833 33.
1050 5784 1170 5834 condico
1187 5782 1209 5832 V
1226 5785 1253 5833 et
1269 5783 1290 5833 E
1306 5796 1347 5847 pr.
1360 5794 1397 5832 m.
1416 5781 1498 5831 «Vitio
1514 5781 1600 5831 haesit

283 5860 422 5912 infinitivus
439 5874 500 5923 esse,
520 5863 564 5926 qui
582 5862 684 5912 nonnisi
701 5863 727 5913 in
744 5863 836 5912 vitiosa
848 5861 907 5912 cod.
921 5861 978 5909 vat.
990 5857 1103 5909 lectione
1120 5859 1175 5909 8488
1191 5856 1297 5908 defendi
1308 5857 1425 5922 poterat:
1444 5868 1536 5907 rursus
1552 5854 1598 5905 ubi

283 5935 432 6001 subiicitur,
450 5939 587 6004 optandam
603 5940 666 5992 asco
681 5938 741 5988 88444
755 5938 830 6002 fuiss
840 5962 853 5974 -
862 5963 876 5974 -
886 5937 1028 6003 (ortonm,
1048 5931 1191 6002 legendum
1207 5935 1250 5986 884
1265 5932 1336 5983 dico:
1355 5930 1408 5982 boo
1423 5929 1495 5982 enim
1510 5930 1597 5996 ipsum
