3800 7350
663 1222 736 1287 ax».
757 1221 958 1287 xx-xxr.
985 1219 1032 1306 §l
1053 1218 1200 1285 44-43.
1505 1209 1588 1278 rosa

276 1396 307 1453 le
330 1399 362 1453 et
382 1398 494 1453 testem
516 1391 584 1454 eius
607 1390 744 1454 criminis
766 1399 796 1454 tc
818 1392 918 1474 ipsam
940 1390 1050 1455 dicunt
1070 1411 1104 1454 se
1125 1391 1259 1454 habere:
1280 1390 1403 1472 siquae
1420 1383 1590 1449 muliersit

276 1484 454 1558 eiusmodi,
477 1484 602 1566 qualem
623 1504 682 1567 ego
704 1485 797 1570 paulo
819 1494 892 1549 ante
907 1486 1076 1567 descripsi,
1097 1487 1143 1549 tui
1159 1484 1330 1557 dissimilis,
1351 1483 1416 1546 vita
1429 1480 1590 1544 instituto·

275 1598 338 1662 que
359 1580 551 1653 meretricio,
574 1599 644 1641 cum
663 1578 722 1641 hac
739 1579 858 1663 aliquid
874 1580 1104 1644 adolescentem
1119 1579 1280 1642 hominem
1294 1575 1443 1640 habuisse
1457 1570 1588 1636 rationis

274 1694 349 1737 num
379 1672 435 1736 tibi
468 1680 616 1755 perturpe
644 1680 698 1736 aut
724 1674 970 1757 perflagitiosum
994 1693 1063 1737 esse
1085 1673 1250 1736 videatur?
1285 1671 1332 1733 lia
1352 1670 1380 1733 si
1401 1676 1434 1732 tu
1456 1685 1521 1731 non
1543 1683 1588 1737 es,

275 1767 356 1830 sicut
377 1785 435 1848 ego
456 1766 556 1838 malo,
578 1764 652 1849 quid
674 1774 722 1830 est
744 1766 831 1849 quod
852 1767 999 1831 obiiciant
1015 1768 1142 1831 Caelio?
1165 1766 1215 1830 sin
1236 1785 1305 1830 eam
1327 1773 1358 1828 te
1377 1762 1488 1827 volunt
1508 1769 1611 1832 esset

274 1858 352 1943 quid
379 1867 427 1923 est
454 1879 509 1923 cur
532 1879 591 1922 nos
613 1860 729 1922 crimen
752 1859 828 1935 hoc,
857 1862 937 1923 situ
961 1861 1149 1935 contemnis,
1178 1858 1453 1943 pertimescamus?
1484 1851 1589 1927 Quare

274 1954 365 2018 nobis
392 1953 432 2016 da
462 1954 544 2016 viam
572 1953 788 2036 rationemque
818 1954 1026 2019 defensionis:
1055 1975 1126 2019 nam
1147 1961 1201 2018 aut
1222 1951 1325 2039 pudor
1345 1960 1421 2013 tuus
1441 1944 1591 2010 defendet

272 2047 353 2112 nihil
373 2067 393 2110 a
413 2048 454 2111 ld.
478 2047 584 2111 Caelio
606 2046 799 2130 petulantius
821 2069 889 2111 esse
912 2048 1046 2123 iactum,
1068 2057 1122 2112 aut
1143 2046 1335 2132 impudentia
1349 2044 1372 2126 †
1388 2053 1419 2108 ct
1439 2041 1512 2105 huic
1534 2039 1589 2102 de-

275 2142 469 2206 fendendum
490 2139 670 2204 facultatem
692 2140 788 2204 dabit.

355 2235 443 2299 XXI.
465 2230 515 2297 5l.
544 2234 606 2297 Sed
638 2235 788 2318 quoniam
810 2236 976 2299 emersisse
998 2237 1059 2300 iam
1082 2257 1100 2300 e
1121 2237 1210 2300 radis
1231 2244 1264 2299 et
1285 2233 1431 2317 scopulos
1451 2235 1590 2316 praeler-
1598 2240 1626 2288 44

273 2340 363 2397 vecta
384 2329 509 2394 videtur
529 2330 628 2394 oratio
650 2350 735 2405 mea,
756 2328 913 2414 perfacilis
929 2331 1004 2393 mibi
1018 2332 1160 2416 reliquus
1175 2351 1283 2395 cursus
1298 2326 1485 2392 ostenditur.
1517 2324 1588 2384 Dua

273 2434 346 2491 sunt
374 2426 458 2489 enim
486 2423 615 2487 crimina
642 2444 704 2487 una
732 2425 764 2487 in
795 2423 927 2488 muliere
950 2445 1142 2489 summorum
1162 2425 1355 2495 facinorum:
1387 2419 1472 2492 auri,
1502 2414 1589 2500 quod

273 2528 428 2603 sumptum
451 2538 471 2581 a
493 2516 602 2580 Clodia
624 2518 753 2593 dicitur,
784 2527 816 2581 et
838 2519 968 2592 veneni,
998 2519 1083 2603 quod
1114 2519 1255 2584 eiusdem
1279 2516 1407 2581 Clodiae
1429 2510 1588 2576 necandae

274 2633 367 2677 causa
394 2631 521 2695 parasse
551 2610 689 2674 Caelium
719 2613 932 2675 criminantur.
964 2615 1081 2676 Aumm
1111 2613 1259 2696 sumpsit,
1287 2618 1322 2674 ut
1351 2608 1471 2680 dicitis,
1501 2600 1589 2686 quod

273 2708 308 2768 L.
330 2706 443 2769 Luccei
467 2704 565 2768 servis
587 2705 689 2779 daret,
711 2727 768 2789 per
789 2727 870 2790 quos
884 2705 1116 2769 Alexandrinus
1137 2707 1214 2782 Ilio,
1236 2705 1291 2790 qui
1313 2711 1379 2766 tum
1401 2700 1487 2785 apud
1508 2699 1589 2761 Luc·
1598 2710 1626 2756 44

273 2799 374 2863 ceium
401 2797 578 2872 habitabat,
607 2808 780 2863 necaretur.
819 2802 968 2883 Magnum
999 2801 1115 2864 crimen
1144 2797 1194 2862 vel
1216 2799 1249 2862 in
1270 2798 1381 2880 legatis
1403 2790 1588 2860 insidiandis

273 2893 322 2956 rel
344 2894 377 2956 in
400 2892 499 2957 servis
513 2892 554 2955 ad
575 2893 730 2976 hospitem
746 2893 863 2957 domini
878 2893 1053 2958 necandum
1070 2892 1294 2967 sollicitandis;
1317 2891 1443 2975 plenum
1459 2885 1588 2951 sceleris

272 2986 454 3060 consilium,
477 2986 605 3070 plenum
627 2988 786 3051 audaciae.
830 2986 880 3050 52.
904 2988 976 3063 Quo
999 2988 1127 3071 quidem
1148 2988 1181 3051 in
1203 2987 1334 3049 crimine
1354 2985 1488 3069 primum
1511 2979 1587 3043 illud

272 3081 445 3164 requiram,
467 3081 622 3145 dixeritne
639 3081 779 3156 Clodiae,
800 3102 888 3164 qnam
910 3082 949 3144 ad
971 3101 1034 3144 rem
1055 3101 1165 3143 aarum
1184 3080 1206 3160 †
1228 3091 1295 3162 tam,
1311 3087 1452 3150 sunseret,
1474 3094 1589 3139 annon

271 3176 394 3238 dicerit.
427 3174 464 3237 Si
483 3195 544 3237 non
565 3176 663 3250 dixit,
686 3197 742 3239 cur
763 3176 871 3238 dediti
893 3177 920 3239 si
942 3176 1039 3248 dixit,
1062 3175 1173 3238 eadem
1195 3195 1229 3238 se
1244 3175 1454 3237 conscientiae
1469 3169 1624 3235 scelerare

272 3271 422 3335 devinxit
455 3271 544 3333 Tune
566 3289 677 3332 aurum
700 3290 741 3333 ex
762 3269 897 3333 armario
920 3278 975 3331 tuo
997 3288 1140 3352 promere
1162 3288 1239 3331 ausa
1260 3271 1317 3331 esi
1340 3275 1415 3330 tune
1433 3267 1587 3327 Venerem

272 3364 358 3430 illam
379 3372 464 3427 tuam
486 3362 621 3447 spoliare
635 3365 825 3426 ornamentis
841 3362 1052 3446 spoliatricem
1069 3371 1260 3437 ceterorum,
1279 3382 1348 3425 cum
1363 3362 1469 3432 scires,
1491 3375 1589 3440 quan·

272 3468 337 3522 tum
358 3458 398 3521 ad
419 3456 542 3520 facinus
564 3476 673 3520 aarum
696 3457 758 3521 hoc
780 3465 1000 3541 quaereretur,
1022 3456 1061 3520 ad
1083 3475 1192 3519 necem
1214 3456 1326 3539 legati,
1348 3456 1388 3518 ad
1410 3455 1444 3515 L.
1464 3449 1589 3525 Luccei,

272 3552 459 3617 sanctissimi
479 3549 617 3615 hominis
638 3558 734 3636 atque
756 3550 960 3633 integerrimi,
982 3550 1083 3614 labem
1099 3549 1227 3614 sceleris
1242 3548 1486 3631 sempiternam?
1507 3544 1590 3607 Huic

270 3644 401 3710 facinori
424 3652 511 3708 tanto
534 3652 588 3709 tua
609 3666 698 3710 mens
719 3645 857 3709 liberalis
878 3647 1019 3721 conscia,
1042 3654 1097 3710 tua
1119 3644 1231 3709 domus
1252 3642 1415 3729 popularis
1435 3641 1626 3714 ministrant

271 3750 325 3803 tua
356 3739 494 3822 denique
521 3738 686 3822 hospitalis
715 3740 770 3803 illa
797 3742 905 3804 Venus
933 3741 1071 3804 adiutrix
1093 3759 1248 3804 essenon
1270 3737 1387 3802 debuit.
1429 3732 1481 3798 53.
1502 3732 1590 3797 Vidit

269 3834 331 3898 hac
352 3833 484 3897 Balbus:
506 3833 638 3897 celatam
660 3854 730 3898 esse
755 3834 896 3898 Clodiam
918 3835 998 3899 dixit
1018 3843 1113 3919 atqua
1134 3835 1178 3897 ita
1193 3833 1333 3897 Caelium
1353 3831 1392 3894 ad
1407 3831 1491 3894 illam
1507 3836 1590 3892 altu·

270 3929 360 4003 lisse,
391 3946 425 3992 se
454 3928 493 3991 ad
525 3937 669 3992 ornatum
692 3928 838 3992 ludorum
860 3948 972 3993 aurum
994 3948 1156 4013 quaerere.
1199 3927 1234 3990 Si
1255 3935 1318 3989 tam
1339 3922 1501 3989 familiaris
1522 3928 1589 3984 erat

271 4020 415 4097 Clodiae,
437 4042 533 4105 quam
555 4029 588 4084 tu
611 4043 681 4087 esse
703 4023 768 4098 vis,
791 4043 862 4086 cum
885 4023 925 4086 de
947 4021 1079 4086 libidine
1102 4023 1170 4085 eius
1191 4028 1255 4085 tam
1275 4019 1375 4082 multa
1396 4017 1486 4090 dicis,
1508 4014 1589 4078 dixit

335 4339 556 4401 tsipaaeEG:
580 4339 678 4401 siq.·P;
700 4340 871 4402 44444440-
891 4339 1120 4388 4444444444444οε
1143 4337 1363 4387 huiusmodio-
1383 4329 1584 4396 accepsim—

269 4416 305 4464 lai
319 4414 406 4464 similis
422 4417 455 4474 G;
474 4415 502 4463 at
516 4427 542 4463 4.
561 4427 588 4477 p.
602 4413 675 4473 4044,
688 4416 728 4463 40.
742 4440 770 4450 -
789 4413 813 4464 l.
831 4428 882 4463 non
898 4414 941 4463 libi
958 4410 986 4464 4)ί
1004 4439 1032 4450 -
1050 4416 1075 4463 44.
1094 4414 1201 4463 abiciant
1217 4415 1266 4464 PG
1284 4437 1311 4449 -
1331 4412 1355 4460 0.
1373 4408 1524 4471 contempnis
1539 4408 1588 4456 PG

271 4517 298 4526 -
317 4490 341 4540 8.
359 4489 504 4552 inpaaertm
520 4489 578 4537 P-
598 4493 620 4537 et
636 4488 692 4536 444444
708 4489 884 4551 defendendam
901 4489 1052 4552 (defendendi
1065 4489 1129 4548 G²Sl
1146 4488 1291 4550 [4444444444
1303 4487 1336 4536 C:
1355 4489 1378 4536 et
1392 4485 1449 4534 44444
1465 4488 1488 4533 el
1503 4482 1604 4532 ceteris

268 4579 387 4630 mapnam
403 4565 438 4614 asl
453 4577 478 4612 se
488 4563 663 4625 defendendam
678 4563 823 4624 facultatem
834 4566 862 4624 0,
881 4562 915 4614 de
932 4576 985 4627 qua
1002 4562 1201 4628 interpolatione
1212 4577 1237 4612 r.
1250 4560 1360 4623 iladvig.
1373 4574 1399 4625 p.
1412 4558 1460 4609 399
1471 4570 1524 4621 sq,
1542 4557 1587 4619 qui

270 4643 381 4694 coniecit
391 4653 398 4688 t
417 4641 440 4690 ei
455 4639 494 4688 sui
508 4638 649 4700 defendendi
664 4639 725 4701 saca
744 4652 792 4702 cgo
805 4638 893 4689 malim
905 4653 911 4687 :
928 4640 988 4703 imp.
1001 4645 1047 4687 tua
1062 4640 1138 4689 eliam
1148 4639 1205 4687 44444
1215 4639 1249 4688 ad
1259 4635 1434 4700 defendendum
1443 4632 1588 4696 saesdtatnn

270 4717 350 4775 dabit,
368 4714 402 4766 de
420 4726 472 4777 qua
490 4716 621 4764 structura
639 4727 664 4763 v.
683 4716 791 4779 interpr.
809 4715 842 4765 ad
859 4728 898 4764 or.
917 4715 1105 4778 Pompeianam
1122 4714 1137 4778 5
1154 4713 1178 4764 l.
1199 4741 1226 4752 -
1251 4715 1291 4763 40.
1308 4712 1398 4762 suades
1417 4710 1458 4768 P¹;
1481 4709 1589 4758 eaodem
1691 4762 1701 4775 ,

269 4793 368 4848 P²EG;
385 4803 399 4839 e
414 4791 482 4838 uado
499 4790 516 4838 S
531 4816 565 4825 -
582 4790 622 4838 44.
640 4790 746 4839 relicuas
762 4792 781 4839 Ρ
800 4818 826 4826 -
847 4790 887 4839 44.
906 4791 1009 4838 anriram
1025 4793 1054 4840 P*
1073 4818 1100 4827 -
1120 4790 1158 4841 ll.
1177 4795 1204 4839 at
1221 4791 1291 4839 dictis
1308 4791 1326 4838 P
1345 4814 1372 4822 -
1391 4787 1430 4835 45.
1449 4785 1511 4834 lucei
1528 4783 1585 4842 PE,

268 4868 340 4916 luceii
356 4868 390 4924 G,
407 4866 504 4915 Lucceii
521 4865 540 4914 0
559 4891 586 4899 —
603 4879 650 4926 per
666 4867 732 4927 qnod
748 4866 797 4916 EG
816 4892 842 4901 -
864 4867 970 4916 luceium
987 4868 1062 4917 PEG
1083 4893 1109 4902 -
1129 4867 1167 4915 46.
1186 4864 1330 4915 naoaaaam
1345 4865 1493 4911 necarentur
1508 4858 1537 4909 1³¹
1553 4884 1586 4894 -

268 4940 414 4991 insidiandis
430 4940 462 4988 S:
480 4941 620 4990 4444044444
631 4943 666 5001 G,
684 4941 827 4992 insidiantes
844 4943 906 5002 PE;
925 4943 1048 4992 4444444444
1063 4940 1167 4998 Lamb.;
1188 4941 1246 4991 iort.
1265 4938 1406 4990 insidiando
1421 4962 1447 4971 -
1468 4935 1508 4983 47.
1521 4933 1588 4982 domi

268 5019 324 5067 P·
347 5016 387 5065 49.
405 5015 500 5066 44444444
512 5055 518 5066 .
530 5054 536 5066 .
550 5055 555 5065 .
568 5017 657 5072 dimin
673 5031 719 5066 cnr
735 5018 801 5066 dedit
818 5016 845 5068 l>¹
862 5018 948 5081 spatio
960 5031 1045 5068 vacuo
1062 5018 1140 5066 unius
1151 5029 1245 5066 versus
1261 5017 1288 5065 et
1300 5011 1399 5063 dimidii
1417 5016 1478 5076 post
1493 5009 1588 5058 44444444

268 5089 374 5150 relicto,
392 5090 464 5154 quod
480 5091 522 5143 his
539 5091 627 5142 uerbis
644 5105 724 5143 manu
742 5093 890 5142 recentiore
907 5090 1059 5156 suppletum
1077 5093 1132 5142 est:
1154 5103 1230 5152 qaam
1245 5090 1280 5139 ad
1295 5101 1349 5137 rem
1365 5099 1456 5137 amsrm
1472 5091 1525 5134 tam
1541 5084 1589 5134 iret

267 5179 302 5216 an
317 5165 498 5216 condiverit?
517 5167 538 5215 si
554 5181 615 5225 non,
635 5169 664 5216 ut
679 5167 743 5218 item
760 5171 802 5218 est
818 5169 845 5219 in
862 5169 919 5218 EG.
947 5169 1031 5218 Locus
1048 5167 1135 5217 medio
1153 5165 1262 5216 demum
1279 5176 1345 5214 aevo
1362 5159 1499 5225 suppletus
1514 5158 1589 5208 vide·

268 5244 322 5301 lur;
344 5242 430 5305 spatio
451 5241 523 5304 qaod
544 5242 570 5292 in
593 5245 612 5293 P
629 5254 742 5293 vacuum
764 5245 805 5294 est
827 5243 868 5304 (ci.
886 5244 953 5292 llus.
971 5241 1053 5292 Rhen.
1072 5241 1197 5300 nautii,
1215 5238 1271 5301 304)
1288 5238 1340 5287 hoc
1357 5235 1412 5287 iere
1429 5231 1586 5297 respondet:

267 5316 390 5365 (4444444044
411 5315 511 5366 Gladim
531 5315 649 5379 [Caelius,
673 5322 796 5378 quantam
818 5319 852 5367 arl
872 5317 971 5379 facinus
989 5330 1081 5366 aserere
1097 5319 1227 5378 qaaermt
1241 5327 1276 5364 an
1292 5326 1342 5362 non
1357 5310 1458 5361 sliuril.
1484 5309 1513 5358 Si
1528 5303 1587 5369 nan]

266 5392 333 5441 dixit
348 5394 399 5442 cel.
419 5418 446 5428 -
470 5398 523 5442 tarn
543 5397 649 5442 sumeret
665 5393 697 5441 S:
718 5398 771 5442 tum
790 5394 838 5442 iret
856 5389 942 5444 P²EG
960 5395 987 5442 et
1003 5391 1081 5442 codd.
1099 5390 1233 5455 plerique,
1255 5387 1327 5453 quod
1347 5400 1380 5437 ex
1395 5390 1520 5448 simplam
1537 5383 1588 5446 (vel

267 5467 411 5528 quaesitum)
429 5468 477 5516 iret
493 5469 646 5531 corruptum
663 5466 780 5524 videtum
800 5481 849 5517 nee
866 5470 955 5518 tamen
968 5469 1124 5518 Ciceronem
1142 5466 1228 5529 ipsum
1244 5465 1283 5514 sic
1294 5462 1431 5527 scripsisse
1448 5463 1585 5525 priamum

266 5547 380 5592 matrerm
395 5543 501 5591 temeret
517 5542 632 5593 Weiske.
652 5568 679 5577 -
702 5543 743 5592 44.
762 5543 871 5592 (4444444444
887 5541 915 5594 1³¹
933 5545 965 5604 (aa
981 5545 1007 5592 in
1024 5547 1086 5604 ras.)
1106 5568 1133 5578 -
1156 5542 1198 5590 24.
1215 5540 1323 5603 spatiare
1343 5551 1398 5588 arn.
1421 5535 1587 5598 spoliatricem

266 5616 313 5666 PE
323 5617 344 5666 G
354 5630 360 5664 ε
378 5615 546 5678 spoliatricem
557 5630 611 5666 arn.
623 5616 732 5678 spoliare
748 5618 778 5675 S;
796 5617 964 5679 spoliatricem
978 5618 1087 5679 spoliare
1100 5630 1154 5667 orn.
1169 5616 1189 5665 0
1204 5641 1230 5652 -
1248 5620 1386 5665 calaronam
1397 5610 1455 5663 cod.
1469 5611 1494 5659 S.
1508 5611 1585 5661 Vici:

265 5696 373 5742 4444444444
389 5690 468 5741 codd.
486 5690 542 5742 rell.
561 5694 589 5741 et
605 5693 625 5742 0
643 5692 821 5754 larnannntis?
838 5693 1005 5752 coerano).
1024 5693 1062 5742 Ci.
1080 5690 1165 5742 hiadv.
1184 5704 1210 5755 p.
1225 5689 1281 5741 400.
1295 5715 1323 5725 -
1341 5689 1383 5738 43.
1402 5685 1465 5740 a.l.
1478 5684 1587 5734 laarlan

266 5763 307 5824 1²¹;
326 5767 360 5816 ad
377 5766 394 5816 4.
412 5766 531 5817 merlam
546 5765 644 5827 WEG,
664 5766 712 5817 sed
730 5768 755 5816 in
773 5769 793 5818 G
809 5780 868 5832 sup.
881 5766 926 5817 lin.
939 5768 956 5816 l.
968 5768 1040 5817 laceii
1055 5794 1082 5803 -
1100 5766 1141 5818 sl.
1158 5764 1320 5831 inlspemmi
1335 5766 1354 5815 P
1372 5788 1394 5797 ·-
1413 5762 1588 5825 senpiternam

266 5841 456 5905 Pantagathus:
475 5842 615 5904 sempiterni
632 5843 667 5901 C;
687 5841 720 5893 ci.
738 5855 765 5907 p.
783 5840 853 5893 Sulla
870 5841 885 5907 S
902 5843 942 5894 88.
962 5868 989 5879 -
1008 5844 1049 5894 ii.
1066 5842 1120 5909 noc]
1137 5847 1222 5894 44444444
1238 5844 1297 5892 G-
1316 5840 1397 5890 celata
1413 5841 1433 5888 G
1452 5865 1480 5875 -
1498 5837 1587 5888 44444444

265 5916 583 5968 ilaliG-adtatlssei’
604 5943 628 5956 -
649 5916 857 5973 salaminae.
