3800 7350
316 1185 398 1254 titi
665 1188 816 1256 onanlo
838 1190 916 1257 PRO
938 1190 1044 1256 REGE
1065 1191 1271 1257 DEIOTARO

316 1360 470 1424 lissimum
497 1368 529 1423 et
556 1359 808 1442 probatissimum
829 1359 972 1424 omnihus
994 1359 1155 1443 delegisti,
1181 1361 1347 1444 pecuniam
1368 1362 1469 1437 misit;
1498 1362 1553 1427 ille
1574 1365 1637 1427 ite·

314 1473 398 1527 rum,
419 1452 474 1516 iiie
496 1453 588 1517 tertio
603 1453 797 1517 auctionibus
817 1452 906 1516 factis
920 1454 1085 1536 pecuniam
1101 1453 1204 1528 dedit,
1227 1454 1343 1539 quaed
1358 1454 1475 1521 bellum
1489 1465 1636 1533 uterere;

313 1544 368 1608 ille
399 1565 512 1629 corpus
544 1566 635 1610 suum
667 1545 807 1629 periculo
836 1546 951 1610 obiecit
977 1554 1144 1632 tecumque
1166 1548 1200 1611 in
1221 1548 1287 1610 acie
1308 1555 1418 1613 contra
1438 1550 1635 1614 Pharnacem

313 1637 373 1702 iuit
394 1645 546 1723 tuumque
574 1637 697 1703 hostem
719 1658 788 1702 esse
811 1639 902 1703 duxit
923 1660 1024 1703 suum.
1061 1640 1149 1717 Quae
1170 1640 1299 1726 quidem
1319 1660 1338 1704 a
1360 1650 1391 1706 te
1413 1644 1445 1706 in
1469 1665 1538 1710 eam
1561 1664 1637 1729 par·

290 1740 376 1797 ocem
397 1740 635 1817 acceptarunt,
667 1733 796 1808 Caesar,
825 1741 862 1797 ut
887 1753 960 1798 eum
988 1734 1180 1818 amplissimo
1202 1734 1285 1817 regis
1306 1735 1428 1800 honore
1450 1744 1482 1801 et
1502 1738 1637 1802 nomine

313 1826 466 1891 affeceris.
866 1882 869 1888 .

396 1918 447 1986 45.
467 1923 498 1987 14
524 1922 621 2006 igitur
648 1942 712 1986 non
741 1923 833 1986 modo
862 1942 881 1985 a
907 1929 939 1984 te
961 1921 1099 2005 periculo
1121 1922 1286 1995 liberatus,
1313 1922 1369 1986 sed
1392 1923 1486 1986 ctiam
1507 1924 1634 1988 honore

312 2014 505 2099 amplissimo
527 2025 671 2090 ornatus,
693 2017 833 2098 arguitur
854 2013 939 2078 domi
961 2022 992 2077 te
1014 2034 1089 2078 suae
1111 2011 1284 2079 interficere
1299 2016 1453 2080 voluisse:
1476 2016 1563 2101 quod
1588 2024 1636 2092 tu,

312 2108 372 2172 nisi
395 2128 467 2172 eum
489 2108 730 2172 furiosissimum
751 2109 888 2182 iudicas,
916 2106 1071 2189 suspicari
1099 2106 1238 2190 profecto
1261 2128 1324 2171 non
1346 2118 1448 2191 potes.
1484 2111 1525 2173 Ut
1546 2112 1635 2175 enim

275 2201 469 2276 soomittam,
497 2202 585 2267 cuius
612 2203 689 2266 tanti
717 2202 844 2266 sceleris
873 2200 968 2264 inerit
991 2201 1026 2263 in
1048 2208 1218 2285 conspectu
1240 2201 1370 2265 deorum
1391 2202 1553 2287 penatium
1577 2224 1635 2266 ne-

312 2315 381 2360 care
403 2296 576 2380 hospitem,
598 2296 687 2359 cuius
710 2304 815 2360 440404
837 2295 1082 2378 importunitatis
1103 2295 1243 2359 omnium
1263 2295 1404 2377 gentium
1418 2303 1513 2381 atque
1527 2298 1635 2361 omnis

312 2391 482 2456 memoriae
504 2389 710 2454 clarissimum
732 2390 839 2452 lumen
862 2388 1079 2471 exstinguere,
1101 2389 1190 2453 cuius
1215 2396 1319 2452 400400
1340 2387 1511 2454 ferocitatis
1532 2392 1636 2456 victo·

311 2503 378 2546 rem
410 2483 494 2547 orhis
527 2490 680 2547 terrarum
717 2502 781 2547 non
813 2482 1033 2556 extimescere,
1064 2482 1151 2545 cuius
1186 2490 1248 2546 tam
1278 2481 1441 2546 inhumani
1464 2492 1496 2549 et
1515 2485 1635 2569 ingrati

311 2576 423 2652 animi,
455 2596 474 2640 a
503 2597 568 2663 quo
597 2598 654 2641 rex
674 2577 850 2661 appellatus
872 2583 971 2650 esset,
1004 2576 1037 2637 in
1059 2595 1097 2639 eo
1120 2583 1287 2659 tyrannum
1308 2577 1460 2641 inveniri:
1488 2588 1524 2643 ut
1552 2579 1636 2645 haec

274 2682 302 2728 44
312 2670 471 2747 omittam,
494 2672 584 2736 euius
606 2672 685 2736 tanti
707 2671 820 2735 suroris
842 2668 902 2732 suit
923 2688 1032 2733 omnes
1053 2689 1159 2752 reges,
1181 2690 1316 2755 quorum
1339 2670 1429 2735 multi
1452 2682 1541 2739 erant
1561 2674 1636 2739 fini·

311 2762 394 2837 timi,
423 2784 532 2829 omnes
561 2765 676 2830 iiheros
703 2764 857 2848 populos,
886 2783 996 2826 omnes
1018 2763 1139 2838 socios,
1168 2783 1277 2827 omnes
1298 2765 1495 2847 provincias,
1525 2767 1636 2833 omnia

312 2854 449 2941 denique
472 2858 611 2924 omnium
633 2878 718 2924 arma
740 2865 849 2923 contra
871 2876 905 2920 se
926 2877 1023 2919 unum
1038 2856 1198 2920 excitaret
1221 2857 1365 2932 Quonam
1380 2858 1435 2922 ilie
1450 2861 1546 2925 modo
1559 2882 1636 2926 cum

310 2970 425 3033 regno,
452 2972 523 3016 cum
551 2953 661 3029 domo,
687 2973 756 3017 cum
786 2952 939 3034 coniuge,
970 2970 1041 3013 cum
1070 2951 1231 3015 carissimo
1259 2947 1324 3013 filio
1348 2950 1515 3017 distractus
1538 2962 1635 3030 esset,

312 3052 398 3108 tanto
421 3046 540 3110 sceiere
561 3067 626 3111 non
648 3048 742 3111 modo
764 3044 915 3129 perfecto,
937 3043 994 3108 sed
1016 3044 1111 3107 etiam
1134 3045 1297 3127 cogitato?
1328 3045 1381 3108 441.
1397 3040 1447 3108 16.
1461 3046 1511 3122 At,
1526 3046 1634 3122 credo,

270 3137 388 3203 sohacc
417 3140 511 3205 homo
540 3140 738 3205 inconsultus
766 3148 798 3204 et
818 3137 1003 3203 temerarius
1026 3158 1091 3200 non
1112 3138 1247 3201 videbat.
1293 3138 1372 3213 Quis
1403 3139 1635 3205 consideratior

310 3232 389 3295 illoi
423 3229 509 3318 [quis
538 3235 653 3299 tectior
662 3231 688 3318 i]
719 3235 790 3318 quis
816 3232 1027 3319 prudentiori
1060 3251 1250 3317 quamquam
1271 3230 1332 3294 hoc
1354 3230 1425 3296 1000
1446 3235 1632 3299 Deiotarum

311 3345 376 3388 non
397 3334 461 3390 tam
482 3329 610 3412 ingenio
633 3335 664 3392 et
684 3328 850 3413 prudentia
871 3344 966 3411 quam
987 3322 1049 3389 tide
1072 3333 1104 3390 et
1124 3325 1279 3408 reiigione
1299 3326 1382 3389 vitae
1396 3326 1632 3393 defendendum

311 3425 398 3501 puto.
429 3422 511 3485 Nota
532 3423 588 3486 tihi
610 3430 659 3487 est
679 3422 817 3486 hominis
840 3420 999 3504 probitas,
1022 3419 1055 3483 0.
1078 3420 1208 3494 Caesar,
1229 3419 1296 3483 noti
1317 3439 1437 3496 mores,
1459 3428 1533 3485 notu
1555 3442 1633 3485 con·

312 3514 436 3577 stantia.
477 3514 533 3579 Cui
564 3536 678 3601 porro,
709 3515 764 3600 qui
785 3514 880 3578 modo
900 3513 1013 3597 popuii
1036 3513 1166 3577 Romani
1188 3532 1305 3576 nomen
1326 3512 1460 3589 audivit,
1488 3516 1632 3580 Deiotari

271 3619 301 3668 to
311 3606 494 3690 integritas,
523 3611 676 3694 gravitas,
706 3610 823 3684 virtus,
852 3607 932 3670 fides
954 3626 1017 3670 non
1038 3614 1088 3671 est
1107 3605 1237 3671 andita?
1279 3606 1372 3684 Quod
1393 3606 1490 3691 igitur
1509 3607 1631 3673 facinus

310 3701 424 3767 necin
452 3702 613 3768 hominem
635 3704 866 3789 imprudentem
889 3700 1016 3765 caderet
1041 3709 1173 3785 propter
1194 3708 1311 3767 metum
1333 3702 1508 3785 praesentis
1529 3703 1631 3779 exitii,

374 4079 397 4128 4.
416 4081 439 4129 44
452 4077 552 4140 probet.
570 4088 624 4127 om.
643 4077 719 4128 4044
738 4103 765 4112 -
784 4076 896 4127 04044004
912 4089 964 4127 om.
985 4075 1045 4127 cod.
1059 4076 1088 4126 0.
1101 4076 1241 4141 Stephani,
1260 4073 1414 4126 Heimstadt.
1433 4078 1461 4126 et
1476 4077 1492 4126 4
1509 4078 1589 4138 οης
1608 4084 1633 4129 et

304 4152 403 4217 probet.
417 4153 529 4204 00404404
539 4152 683 4216 Madvigius
700 4154 726 4204 in
744 4151 815 4203 edi
832 4155 935 4204 uncinis
952 4151 1056 4204 inclusit
1073 4155 1134 4213 (non
1151 4152 1214 4203 item
1231 4153 1257 4201 in
1269 4152 1306 4213 3),
1325 4151 1396 4214 quod
1408 4152 1548 4203 Garatouio
1565 4166 1632 4217 quo-

308 4243 360 4295 que
377 4229 587 4281 additamentum
603 4228 751 4280 videbatur.
771 4255 799 4267 -
821 4229 913 4292 44494444
929 4228 949 4278 44
968 4253 995 4263 -
1013 4228 1038 4278 i.
1057 4227 1167 4277 4444οω.
1186 4227 1206 4276 44
1225 4252 1251 4262 -
1272 4222 1459 4288 40444400431
1478 4251 1505 4261 —
1524 4229 1551 4277 in
1567 4228 1631 4279 04440

308 4308 378 4358 R-
393 4309 490 4355 0444444
505 4305 542 4355 M:
559 4304 665 4355 04444444
681 4304 773 4362 1408;
793 4303 923 4354 0444404444
940 4302 1015 4354 0444
1034 4299 1088 4352 Coi.
1109 4326 1136 4336 -
1155 4301 1179 4350 3.
1197 4302 1225 4350 is
1241 4301 1320 4350 044444
1336 4302 1356 4351 44
1375 4327 1402 4336 -
1419 4301 1550 4364 lamecen
1566 4303 1628 4362 BS;

307 4383 434 4446 somonam
449 4381 513 4430 D-
532 4377 556 4430 4.
575 4377 648 4428 ducit
664 4391 714 4428 4444
730 4378 790 4438 414,
809 4391 859 4429 4444
874 4378 939 4427 dicit
955 4376 1042 4428 ECol.
1057 4402 1084 4412 -
1102 4378 1130 4426 iu
1146 4381 1264 4438 4000444
1279 4377 1355 4427 BDS
1371 4402 1399 4413 -
1416 4378 1441 4427 4.
1455 4376 1627 4429 Cooeormei:

308 4456 336 4507 0.
354 4453 484 4506 0044440
503 4479 530 4489 -
556 4465 612 4503 eum
637 4465 690 4504 om.
709 4453 761 4503 014
779 4477 806 4489 ·-
834 4454 858 4503 i.
876 4455 900 4503 44
918 4452 1158 4518 igitur-moluisse
1179 4450 1291 4501 aderunt
1312 4452 1455 4503 Martianus
1472 4449 1578 4516 Capella
1596 4453 1628 4513 v,

308 4545 335 4596 p.
354 4528 415 4591 404,
437 4527 553 4579 luidonis
569 4527 605 4587 44,
624 4526 670 4587 30,
690 4527 721 4577 40
742 4526 801 4591 (sed
817 4527 861 4577 hic
877 4526 1022 4578 admodum
1039 4527 1185 4591 corrupte),
1213 4526 1386 4578 Cassiodorus
1402 4522 1458 4575 vol.
1476 4526 1499 4574 11
1505 4563 1511 4586 ,
1536 4539 1561 4591 p.
1580 4526 1630 4578 ote

309 4606 352 4657 ed.
370 4606 457 4655 Garet.
476 4629 504 4639 -
523 4607 546 4652 44
562 4614 615 4653 om.
633 4603 695 4662 Ds;
720 4608 776 4653 044
793 4615 846 4653 om.
865 4602 921 4653 004.
941 4628 967 4640 -
987 4602 1063 4664 cmpt.
1081 4601 1208 4652 40404414
1227 4628 1255 4638 -
1280 4601 1305 4652 8.
1325 4601 1436 4663 04404444]
1453 4601 1546 4651 4440404
1562 4603 1631 4654 044-

309 4678 430 4732 siodorus
447 4680 474 4728 44
489 4676 614 4727 isidorus.
634 4701 661 4713 -
686 4677 753 4727 domi
769 4683 793 4727 44
807 4690 869 4727 auce
884 4676 948 4727 BE:
973 4682 997 4727 44
1016 4677 1082 4726 dorm
1102 4689 1163 4726 4004
1184 4677 1317 4728 Didiis
1335 4674 1390 4727 004.
1410 4676 1467 4740 (sed
1483 4679 1504 4729 44
1520 4677 1628 4740 domum

308 4754 375 4805 domi
390 4767 451 4804 4004
466 4758 489 4803 44
506 4750 678 4803 Cassiodorus
695 4753 723 4802 et
739 4749 858 4815 Capella;
885 4751 952 4801 domi
967 4754 991 4801 44
1006 4751 1067 4801 isid.
1087 4778 1114 4788 -
1134 4765 1199 4813 04404
1215 4757 1242 4801 tu
1258 4748 1314 4802 Col.
1336 4777 1363 4789 -
1381 4751 1405 4801 0.
1423 4752 1472 4801 nisi
1487 4766 1544 4802 44404
1559 4755 1580 4804 14
1600 4781 1627 4790 -

308 4828 512 4880 444444ωο1444
530 4826 622 4877 iudices
639 4827 658 4876 0
679 4854 706 4864 -
722 4826 833 4890 profecto
848 4827 971 4890 auspicari
988 4826 1063 4878 4014
1080 4824 1136 4878 001.
1151 4854 1179 4863 -
1197 4828 1238 4877 40.
1255 4826 1304 4890 suit
1320 4827 1369 4876 Gli
1388 4853 1416 4863 -
1430 4833 1551 4890 penatum
1567 4829 1585 4879 F
1600 4854 1625 4864 ·-

310 4908 350 4957 44.
369 4903 563 4967 importunitatis
573 4929 611 4940 --
621 4902 692 4952 40404
707 4907 793 4953 mutae
809 4915 862 4953 om.
876 4905 897 4952 G
914 4926 941 4936 —
961 4902 1148 4964 inportunitotis
1164 4900 1231 4963 Col..
1248 4902 1424 4964 oportunitatis
1439 4902 1501 4952 R-
1520 4902 1559 4952 44.
1573 4907 1630 4952 444-

309 4979 427 5032 404144ε
446 4990 499 5029 om.
518 4975 606 5029 0001.
622 5003 649 5014 -
669 4976 709 5029 tt.
727 4977 806 5042 40404]
822 4991 879 5028 mim
895 4977 964 5028 144-
983 4977 1132 5026 tomom.B
1149 5004 1177 5014 -
1197 4975 1393 5027 theotonium.
1407 4975 1461 5027 001.
1477 5003 1504 5014 -
1522 4979 1628 5039 noun

312 5055 423 5104 -ineo
441 5054 490 5104 014
508 5051 576 5103 Coh:
596 5053 800 5104 4444444404-
819 5050 1096 5115 sermocinent-
1114 5051 1626 5114 etergomitiomsnstomittomF-

310 5131 350 5181 44.
369 5129 481 5180 44440414
501 5154 528 5164 -
555 5128 595 5178 44.
614 5142 697 5180 omnes
711 5129 789 5180 404404
805 5141 888 5179 004444
903 5127 992 5177 liberos
1004 5127 1109 5189 populos
1125 5127 1203 5177 0444
1222 5152 1249 5163 -
1277 5127 1317 5176 47.
1335 5127 1445 5176 maican
1462 5138 1515 5176 om.
1534 5127 1580 5177 04
1599 5154 1627 5165 -

310 5217 418 5267 4404440
434 5204 582 5254 BDFGS:
601 5204 719 5267 04044004
735 5202 838 5263 14001.;
857 5203 978 5266 40004000
994 5203 1058 5253 Ε-
1075 5202 1115 5253 48.
1134 5215 1191 5251 cum
1206 5202 1471 5252 convomuer-
1490 5203 1629 5254 4404444040

309 5279 471 5329 14040448
491 5305 516 5316 -
537 5279 577 5330 ie.
595 5280 692 5344 aspicito
709 5280 756 5330 04
775 5306 802 5316 -
821 5280 863 5330 20.
876 5278 1073 5330 censeamur
1088 5289 1157 5328 unus
1175 5275 1234 5326 cod.
1252 5275 1345 5328 hamb.
1366 5302 1393 5313 -
1411 5278 1452 5327 st.
1471 5279 1527 5339 quic
1542 5279 1630 5328 tectior

308 5355 412 5406 44444.
431 5354 447 5404 i
463 5356 637 5407 Monacenses
659 5356 686 5405 et
702 5356 785 5406 Oxon.
803 5355 842 5406 H:
868 5355 923 5417 ouis
941 5354 1034 5404 rectior
1050 5352 1128 5403 040
1145 5350 1212 5413 004,
1237 5351 1314 5402 codd.
1333 5350 1467 5417 plerique3
1491 5366 1544 5405 om.
1564 5356 1583 5404 44
1601 5357 1628 5405 44

309 5427 369 5481 cod.
388 5429 447 5479 Car.
466 5429 557 5493 steph.
576 5430 659 5479 «Cum
675 5429 815 5481 antecedat
830 5429 901 5478 40040
917 5427 1067 5478 inconsultis
1083 5432 1106 5477 44
1121 5427 1280 5488 4404440νί04,
1299 5427 1362 5478 satis
1379 5429 1421 5478 444
1435 5427 1469 5478 ad
1486 5429 1629 5493 oppositio-

309 5516 372 5554 nem
388 5503 444 5564 quis
459 5502 656 5553 cmnidarotior?
673 5504 728 5566 quis
741 5501 907 5565 4044440044
927 5504 957 5553 04
973 5499 1102 5566 quidquid
1119 5499 1262 5562 adieceris,
1280 5499 1358 5564 piene
1375 5499 1515 5552 redundet.
1543 5500 1628 5552 400444

310 5578 387 5641 igitur
403 5578 514 5628 Patricio
531 5575 689 5642 adstipuior,
710 5578 755 5640 qui
772 5578 823 5628 hoc
841 5575 917 5628 colon
935 5589 996 5628 eum
1013 5576 1074 5628 cod.
1093 5575 1122 5626 0.
1141 5574 1230 5639 steph.
1249 5575 1424 5626 omittendum
1441 5577 1559 5626 censet.»
1577 5579 1629 5626 Ga·

309 5666 407 5704 444044.
426 5652 464 5704 04.
483 5655 572 5703 temen
590 5653 669 5701 etiam
686 5649 797 5715 Madvig.
815 5653 851 5711 44,
869 5665 896 5716 p.
915 5650 963 5703 348
980 5653 1034 5701 not.
1054 5675 1081 5685 —
1106 5663 1183 5711 quom
1195 5649 1365 5713 prudentissi
1384 5675 1411 5690 -
1432 5651 1473 5700 44.
1490 5651 1557 5700 uitae
1573 5662 1627 5700 om.

310 5731 366 5780 4-
387 5726 802 5788 desendcodmnomeputoit-
821 5727 1037 5788 440044044-
1057 5724 1522 5787 0.004404,40404044040444040-
1541 5725 1631 5774 thesi

310 5804 399 5853 audito
415 5802 575 5854 Lambinus:
598 5802 630 5850 444
650 5800 739 5850 audito
755 5799 792 5861 C;
814 5800 903 5850 audito
918 5805 954 5850 444
971 5799 1075 5850 01440
1095 5823 1123 5834 ·-
1146 5799 1188 5850 44.
1205 5798 1376 5863 inpium
1390 5800 1458 5860 1)ος
1482 5799 1631 5863 Mentem

312 5873 342 5929 13¹
362 5901 387 5913 -
407 5878 505 5930 coderet
521 5878 612 5928 ons:
631 5876 719 5928 404444
732 5880 813 5941 posset
829 5876 891 5937 co,
910 5874 943 5928 04.
961 5873 1047 5927 Madv.
1064 5875 1102 5939 11,
1119 5888 1148 5942 p.
1165 5874 1223 5927 040.
