3800 7350
363 1128 426 1194 754
797 1128 948 1194 ORATIO
971 1128 1050 1194 PRO
1071 1128 1106 1193 P.
1129 1128 1259 1194 sunni

449 1302 472 1364 l.
495 1294 526 1362 i.
547 1296 685 1364 Maxime
706 1296 837 1374 vellem,
866 1297 1007 1374 iudices,
1036 1305 1072 1362 ut
1092 1299 1125 1362 P.
1151 1298 1239 1363 Sulla
1260 1305 1293 1361 et
1312 1306 1406 1363 antea
1427 1299 1590 1382 dignitatis
1612 1320 1689 1365 suae

365 1395 565 1480 splendorem
598 1392 741 1455 obtinere
775 1400 807 1455 et
838 1399 910 1477 post
939 1392 1147 1456 calamitatem
1177 1399 1337 1474 acceptam
1359 1391 1533 1456 modestiae
1554 1392 1689 1456 fructum

365 1489 503 1573 aliquem
525 1486 688 1569 percipere
709 1485 884 1569 potuisset:
908 1486 966 1550 sed
989 1487 1139 1570 quoniam
1161 1485 1204 1547 ita
1227 1484 1299 1548 tulit
1320 1506 1411 1549 casus
1434 1485 1585 1561 infestus,
1607 1494 1690 1550 utet

365 1582 560 1665 amplissimo
582 1578 704 1642 bonore
726 1599 798 1642 cum
820 1581 977 1642 communi
999 1579 1180 1642 ambitionis
1202 1578 1339 1654 invidia,
1365 1585 1432 1643 tum
1454 1579 1604 1662 singulari
1624 1582 1690 1643 Au·

343 1676 459 1740 etronii
480 1674 553 1738 odio
576 1677 784 1747 everteretur,
814 1681 848 1736 et
874 1673 908 1735 in
936 1671 987 1736 bis
1008 1673 1160 1756 pristinae
1181 1671 1326 1736 fortunae
1347 1674 1491 1757 reliquiis
1512 1673 1636 1737 miseris
1658 1681 1690 1737 et

365 1769 488 1833 afflictis
516 1777 622 1831 tamen
652 1766 783 1830 baberet
813 1766 984 1851 quosdam,
1018 1786 1151 1849 quorum
1174 1766 1297 1829 animos
1319 1786 1359 1829 ne
1381 1768 1536 1852 supplicio
1558 1769 1689 1852 quidem

366 1883 424 1927 euo
446 1861 560 1924 satiare
581 1868 709 1944 posset,
732 1880 926 1945 quamquam
947 1882 988 1924 ex
1007 1859 1103 1922 huius
1117 1860 1327 1923 incommodis
1342 1880 1488 1943 magnam
1502 1862 1607 1926 animo
1622 1884 1690 1927 mo·

365 1955 489 2019 lestiam
511 1956 621 2037 capio,
644 1961 751 2018 tamen
775 1956 807 2017 in
830 1956 943 2018 ceteris
966 1954 1058 2017 malis
1080 1953 1173 2017 facile
1194 1953 1298 2039 patior
1312 1954 1452 2017 oblatum
1471 1956 1548 2019 mibi
1563 1964 1689 2039 tempus

366 2070 453 2123 esse,
475 2049 507 2111 in
529 2068 594 2132 quo
616 2048 693 2111 boni
715 2048 774 2111 riri
797 2048 959 2118 lenitatem
982 2067 1082 2111 meam
1104 2046 1435 2130 misericordiamque,
1456 2054 1564 2112 notam
1587 2070 1690 2135 quon·

225 2181 227 2185 -
329 2143 438 2206 rodam
460 2142 622 2217 omnibus,
644 2162 729 2205 nunc
751 2144 841 2225 quasi
863 2142 1090 2215 intermissam,
1113 2148 1338 2224 agnoscerent,
1360 2141 1494 2225 improbi
1517 2161 1555 2205 ac
1575 2142 1690 2226 perditi

365 2237 468 2311 cives,
500 2235 646 2300 redomiti
677 2242 771 2320 atque
801 2235 891 2307 victi,
925 2235 1151 2319 praecipitante
1180 2255 1215 2298 re
1244 2234 1373 2318 publica
1402 2234 1619 2298 vehementem
1640 2253 1690 2296 me

364 2332 462 2395 baisse
484 2338 580 2415 atque
600 2328 730 2403 fortem,
753 2336 937 2391 conservata
960 2327 1068 2391 mitem
1089 2348 1126 2391 ac
1140 2328 1375 2391 misericordem
1390 2327 1574 2391 faterentur.
1607 2324 1638 2390 2.
1652 2329 1693 2390 Et

365 2425 516 2509 quoniam
538 2424 574 2486 L.
595 2424 793 2506 Torquatus,
825 2442 914 2485 meus
936 2421 1099 2484 familiaris
1122 2442 1158 2485 ac
1180 2422 1396 2496 necessarius,
1421 2420 1559 2495 iudices,
1581 2421 1692 2484 existi-

365 2518 477 2592 mavit,
506 2519 532 2581 si
561 2523 699 2578 nostram
729 2516 761 2578 in
790 2516 992 2578 accusatione
1014 2535 1072 2577 sua
1093 2514 1358 2579 necessitudinem
1380 2514 1692 2597 familiaritatemque

328 2611 528 2685 inviolasset,
551 2608 672 2693 aliquid
695 2629 729 2673 se
749 2608 789 2671 de
804 2609 991 2671 auctoritate
1007 2628 1096 2670 meae
1112 2607 1306 2671 defensionis
1320 2629 1415 2691 posse
1430 2608 1603 2683 detrahere,
1618 2629 1691 2671 cum

363 2703 459 2766 huius
491 2702 622 2787 periculi
649 2701 889 2786 propulsatione
918 2701 1107 2783 coniungam
1136 2701 1355 2765 defensionem
1382 2698 1478 2765 officii
1507 2702 1579 2765 mei.
1616 2702 1690 2777 Quo

365 2796 495 2881 quidem
517 2815 632 2881 genere
654 2816 718 2859 non
735 2804 841 2859 uterer
856 2796 1023 2869 orationis,
1045 2794 1183 2869 iudices,
1205 2797 1265 2860 boc
1280 2805 1440 2879 tempore,
1462 2796 1489 2858 si
1503 2816 1573 2858 mea
1587 2796 1691 2859 solum

363 2891 550 2968 interesset3
577 2890 684 2954 multis
714 2890 800 2953 enim
822 2890 901 2952 locis
923 2888 1001 2953 mibi
1024 2895 1056 2951 et
1078 2887 1150 2952 data
1170 2889 1303 2953 facultas
1325 2896 1375 2952 est
1395 2897 1428 2953 ct
1448 2909 1543 2971 saepe
1565 2888 1692 2953 dabitur

364 2984 403 3047 de
425 3004 496 3047 mea
516 2984 611 3048 laude
635 2983 781 3048 dicendi:
809 2984 880 3057 sed,
910 2990 946 3046 ut
967 2982 1022 3045 ille
1044 2981 1140 3057 vidit,
1171 2991 1326 3067 quantum
1351 2983 1391 3046 de
1413 3002 1485 3046 mea
1505 2982 1690 3045 auctoritate

327 3078 572 3161 soderipuisset,
594 3083 715 3141 tantum
738 3098 772 3141 se
788 3077 829 3155 de
842 3076 937 3142 huius
951 3075 1120 3159 praesidiis
1136 3076 1386 3150 deminuturum,
1408 3076 1455 3139 sic
1468 3074 1531 3138 boc
1546 3094 1604 3158 ego
1619 3095 1692 3138 sen-

364 3170 426 3246 tio,
455 3173 483 3236 si
514 3172 576 3235 mei
606 3170 681 3233 iacti
704 3171 859 3235 rationem
883 3169 972 3233 vobis
995 3171 1266 3254 constantiamque
1287 3169 1382 3233 huius
1405 3169 1501 3232 oflicii
1523 3189 1561 3232 ac
1582 3167 1692 3231 defen-

363 3264 462 3327 sionis
484 3264 641 3347 probaro,
663 3282 788 3328 causam
805 3283 934 3346 quoque
956 3283 1007 3326 me
1028 3263 1062 3326 P.
1078 3263 1185 3327 Sullae
1200 3263 1415 3346 probaturum.
1449 3258 1480 3325 3.
1494 3264 1540 3325 Ac
1554 3264 1690 3345 primum

363 3357 420 3420 abs
436 3363 466 3420 te
481 3355 572 3431 illud,
587 3358 622 3419 L.
632 3358 805 3441 Torquate,
821 3375 951 3440 quaero,
966 3377 1022 3425 cur
1038 3376 1089 3420 me
1103 3377 1123 3420 a
1136 3357 1251 3421 ceteris
1266 3357 1450 3420 clarissimis
1465 3357 1539 3420 viris
1553 3376 1591 3421 ac
1604 3356 1691 3439 prin·

362 3450 488 3533 cipibus
510 3450 641 3514 civitatis
663 3451 697 3513 in
717 3449 780 3514 hoc
802 3447 906 3513 officio
928 3458 1024 3533 atque
1051 3450 1084 3512 in
1106 3449 1302 3515 detensionis
1323 3452 1392 3513 iure
1414 3470 1572 3514 secernas.
1606 3447 1690 3524 Quid

325 3545 446 3611 neuim
468 3550 531 3618 eet,
553 3563 648 3627 quam
671 3543 800 3606 obrem
822 3543 878 3606 abs
901 3551 932 3606 te
947 3543 987 3618 Q.
1002 3543 1164 3606 Hortensii
1183 3543 1316 3617 iactum,
1339 3543 1504 3606 clarissimi
1519 3544 1580 3607 viri
1594 3551 1691 3624 atque

363 3637 571 3714 ornatissimi,
593 3656 657 3701 non
676 3635 942 3730 reprebendatur,
965 3635 1214 3723 reprebendatur
1227 3639 1355 3702 meum‘i
1377 3637 1456 3700 Nam
1471 3636 1498 3701 si
1513 3643 1563 3700 est
1576 3636 1691 3699 initum

427 3938 574 3987 inscurrro.
600 3939 636 3988 Β.
657 3937 682 3987 Τ.
701 3937 826 3987 Ciceronis
838 3949 888 3999 pro
904 3937 930 3986 Ρ.
948 3937 1021 3998 Spita
1036 3936 1119 3986 oratio
1136 3937 1170 3986 od
1186 3936 1279 3985 iudices
1295 3936 1325 3996 S;
1344 3936 1370 3985 in
1387 3935 1407 3985 Τ
1424 3935 1559 4000 inscriptio
1577 3934 1662 3986 deest.

428 4022 452 4071 t.
470 4022 506 4087 ut]
524 4022 563 4071 cit
578 4021 597 4071 Β
616 4046 643 4056 -
668 4020 733 4070 Silta
748 4022 785 4079 V;
811 4020 883 4082 spira
898 4021 987 4081 TBS,
1012 4023 1039 4070 et
1055 4022 1094 4070 sic
1111 4020 1166 4070 iere
1184 4032 1301 4084 semper.
1323 4047 1350 4056 -
1371 4020 1396 4070 Β.
1415 4019 1524 4073 obtinere
1540 4020 1583 4074 ed.
1602 4022 1690 4072 Cret:

349 4096 481 4159 optinent
496 4096 530 4156 T;
558 4094 677 4146 obtineret
694 4094 772 4146 codd.
790 4096 893 4160 reliqui.
916 4123 940 4133 -
968 4096 991 4145 Β.
1008 4097 1137 4158 percipere
1155 4096 1275 4159 potuismt
1291 4095 1355 4146 TV:
1378 4099 1433 4158 pot.
1447 4093 1578 4161 percipere
1593 4099 1643 4150 ΒΟ
1661 4120 1690 4136 -

360 4174 389 4220 nt
404 4174 428 4221 et
443 4170 596 4235 carptimmo
612 4171 724 4236 scripsi:
742 4176 771 4221 ut
787 4176 810 4221 et
826 4172 853 4220 tn
870 4171 946 4233 ampl.
965 4171 1001 4230 V;
1020 4175 1042 4220 et
1059 4171 1136 4232 ompt.
1151 4173 1214 4232 (om.
1227 4170 1263 4231 iet)
1276 4167 1379 4218 Grillius
1396 4169 1423 4218 in
1435 4174 1579 4223 comment.
1593 4172 1692 4223 inedito

362 4245 397 4296 sd
413 4247 468 4296 Cic.
487 4244 521 4296 de
538 4247 650 4307 invent,
673 4248 718 4311 qui
736 4248 822 4298 exstat
843 4247 869 4296 in
887 4245 946 4296 cod.
965 4243 1105 4307 bamberg.
1126 4244 1211 4305 (affert
1227 4243 1269 4294 ille
1286 4242 1369 4293 verba
1386 4245 1428 4294 sed
1444 4247 1611 4308 questionsn
1622 4262 1694 4298 ener-

361 4324 477 4386 tereteer);
495 4329 527 4376 iet
539 4323 693 4385 amplissimo
710 4322 736 4372 iu
753 4323 801 4372 ΤΒ
811 4323 840 4372 Ο.
867 4318 1025 4372 Particniam
1042 4320 1192 4383 partitivum
1209 4324 1233 4368 et
1250 4320 1302 4369 iem
1319 4317 1481 4370 desideravit
1497 4321 1538 4372 Fr.
1557 4321 1608 4373 Sal.
1628 4321 1693 4373 ilui-

362 4395 452 4448 dricus
469 4398 496 4447 in
511 4398 599 4460 hope.
618 4395 708 4457 Gema.
728 4396 865 4446 Turicensis
881 4394 961 4453 4843;
979 4394 1006 4443 in
1022 4396 1112 4443 numm
1124 4391 1269 4443 delendum
1281 4405 1341 4443 esse
1354 4392 1419 4443 vidit
1429 4395 1542 4446 Ernesti.
1557 4424 1584 4434 —
1603 4397 1627 4449 l.
1640 4403 1694 4447 tum

361 4471 487 4520 coenmuni
503 4471 557 4521 Bs.
579 4497 606 4506 -
629 4471 730 4520 aaroni
747 4469 864 4530 Grillius;
890 4469 1006 4519 Autronii
1022 4469 1039 4517 S
1056 4469 1084 4517 et
1102 4469 1141 4518 sic
1158 4466 1326 4532 pierumque.
1351 4467 1381 4518 in
1399 4469 1417 4519 Β
1435 4472 1482 4521 aut
1496 4471 1633 4522 Autronius
1648 4475 1694 4522 eut

361 4545 482 4595 domnius
496 4543 597 4608 ubique
614 4545 743 4609 scripturn
760 4547 810 4594 est.
826 4571 853 4580 —
872 4544 896 4594 6.
915 4542 1007 4607 mmm]
1025 4547 1078 4590 tum
1094 4542 1113 4592 Β
1133 4567 1160 4576 -
1179 4542 1344 4591 testatiore
1358 4542 1378 4592 Β
1392 4567 1420 4579 -
1439 4557 1473 4595 ec
1487 4545 1627 4597 istamodi
1641 4547 1691 4596 tec.

362 4619 381 4668 Β
402 4646 429 4654 -
449 4619 528 4667 enimi
545 4619 562 4667 S
581 4644 608 4654 —
627 4619 652 4669 8.
667 4619 756 4682 patiar
771 4621 790 4669 Β
810 4645 837 4654 -
856 4619 931 4668 micbi
948 4619 977 4679 T,
996 4619 1025 4666 ut
1042 4616 1097 4666 tere
1115 4628 1233 4681 semper,
1252 4617 1333 4666 etsie
1351 4617 1432 4668 etiam
1449 4617 1607 4685 plerumque
1618 4620 1695 4670 eicbit

365 4717 392 4727 -
411 4697 506 4755 tempus
522 4705 572 4742 esse
587 4693 681 4743 TVB:
700 4706 751 4743 esse
761 4706 814 4743 orn.
828 4693 877 4742 ΒΟ
889 4718 916 4728 -
935 4692 960 4741 9.
978 4704 1060 4741 mecm
1075 4689 1193 4755 miserie]
1210 4703 1392 4754 medaeamque
1408 4693 1463 4756 (sic)
1474 4693 1509 4754 V;
1527 4697 1694 4746 misericordi-

363 4780 454 4828 amque
468 4781 552 4817 amam
568 4767 588 4817 B
605 4792 633 4803 -
652 4769 779 4830 quaedem
795 4765 907 4818 omnibus
917 4767 981 4816 TV:
1000 4764 1114 4814 omnibus
1129 4766 1255 4825 quondam
1267 4766 1288 4816 Β
1298 4767 1349 4816 Ο-
1369 4767 1409 4817 ΒΟ.
1428 4768 1528 4830 inprobi
1540 4770 1577 4831 T;
1596 4770 1694 4833 enprob

362 4856 421 4893 vero
438 4843 457 4892 Β
477 4870 504 4879 -
524 4844 563 4892 tt.
581 4842 696 4893 redomiti
713 4843 791 4893 codd.
810 4843 917 4907 praeter
933 4840 967 4901 Β,
986 4841 1012 4890 iu
1024 4852 1078 4904 quo
1096 4841 1137 4889 est
1152 4840 1248 4903 confusi
1260 4841 1301 4902 [cx
1312 4842 1444 4903 contudi),
1463 4844 1491 4892 et
1500 4843 1529 4904 T,
1548 4844 1595 4908 qui
1611 4843 1694 4894 babet

363 4931 392 4968 re
402 4917 489 4966 doinus·
505 4916 720 4978 comederat,
738 4916 811 4982 quod
828 4914 1008 4981 probaverunt
1019 4917 1141 4965 Garatoni
1158 4916 1184 4966 in
1197 4916 1259 4966 Cur.
1272 4929 1338 4979 sec,
1356 4915 1480 4977 Klotzins,
1498 4917 1533 4967 n.
1547 4918 1694 4982 Seyffertus

364 4993 452 5056 (Epist.
470 4992 525 5042 ess.
544 4993 579 5042 od
594 4992 622 5043 Ο.
639 4991 766 5042 liobnium
783 5005 810 5057 p.
826 4990 867 5041 39.
886 4988 971 5042 lierol.
985 4989 1067 5052 ists).
1088 5018 1115 5026 -
1136 4989 1175 5040 ti.
1194 4995 1367 5039 conservatam
1382 4990 1402 5039 Β
1416 5015 1445 5025 -
1464 4988 1504 5040 tl.
1522 4991 1550 5041 ie
1565 5005 1618 5043 om.
1631 4994 1651 5043 Β
1664 5018 1691 5027 -

364 5066 565 5117 necessitudinem
579 5065 643 5116 TV:
660 5068 827 5116 exasitatem
844 5065 934 5115 ΒΟ-
952 5064 1185 5126 [αωΒέανίωωηιΒ
1199 5090 1225 5099 -
1240 5065 1280 5115 ti.
1292 5078 1342 5114 eon
1353 5068 1437 5114 uterer
1447 5064 1569 5116 orationis
1579 5067 1693 5131 TBtilsz

365 5146 431 5190 orat.
443 5155 494 5191 eon
508 5147 594 5191 uterer
606 5141 629 5190 V
641 5141 817 5191 etParcensis
833 5167 860 5176 -
879 5138 919 5189 48.
933 5138 1240 5189 locirmibietdctoTB:
1259 5137 1541 5201 tociretdctomibiV;
1559 5141 1621 5192 mibi
1636 5141 1697 5190 tocie

365 5221 389 5266 et
400 5217 461 5264 doio
477 5215 526 5265 ΒΟ
540 5242 567 5253 ·-
586 5220 622 5266 est
636 5215 746 5278 scaettas
761 5217 780 5265 Β
794 5241 820 5250 -
841 5215 880 5264 49.
899 5217 927 5262 ut
942 5213 985 5262 itte
999 5214 1062 5262 uidit
1072 5214 1131 5274 TV,
1150 5215 1214 5263 item
1231 5214 1251 5264 Β
1264 5213 1321 5276 (sed
1337 5213 1420 5264 babet
1435 5213 1480 5265 hic
1495 5215 1559 5266 vidit
1573 5217 1636 5282 post
1651 5216 1696 5267 de-

366 5290 544 5356 minutumml:
562 5297 591 5341 iet
605 5291 647 5341 itte
662 5291 755 5341 iudices
770 5292 828 5341 ΒΟ.
842 5316 869 5325 -
888 5289 930 5339 ΒΟ.
945 5289 1089 5351 dempsisset
1099 5288 1158 5350 ΤΒ,
1175 5291 1206 5338 nt
1216 5289 1308 5340 bamb.
1322 5291 1423 5355 primus
1434 5289 1557 5353 scripsit:
1576 5291 1697 5354 diripuis-

366 5373 402 5418 set
418 5368 468 5418 VB
487 5393 514 5404 -
539 5367 724 5417 minume
740 5366 803 5426 TV,
826 5364 904 5414 codd.
923 5361 982 5413 alii:
1007 5365 1033 5413 in
1057 5362 1113 5414 aliis
1130 5361 1208 5413 codd.
1225 5365 1335 5426 speravit
1356 5366 1402 5415 aut
1415 5365 1515 5427 piitooit
1531 5365 1567 5429 (et
1583 5366 1623 5415 sic
1640 5365 1695 5428 SO)

368 5456 401 5492 ex
419 5441 618 5506 interpolatione
635 5440 754 5491 additum
772 5444 824 5500 est;
844 5441 878 5491 de
895 5440 914 5490 Β
932 5452 958 5489 ν.
976 5452 1065 5503 supra.
1080 5466 1107 5475 —
1126 5439 1171 5487 boc
1187 5451 1241 5489 om.
1254 5438 1277 5487 V
1289 5440 1316 5488 et
1333 5436 1566 5489 cod.010n.ll-
1584 5440 1626 5490 2⁴.
1638 5451 1697 5488 coe·

367 5517 565 5566 stceticmV—
583 5515 781 5579 depromere
797 5516 849 5565 ΒΒ
870 5540 896 5550 -
914 5527 955 5563 ene
971 5514 997 5563 P.
1014 5513 1165 5574 meseum
1181 5514 1199 5564 Β
1218 5538 1245 5548 -
1265 5514 1306 5564 23.
1323 5513 1455 5564 1..0m.V
1473 5538 1501 5550 -
1520 5525 1608 5563 corn.
1626 5513 1646 5563 Β
1665 5537 1693 5548 -

368 5589 410 5641 st.
428 5592 483 5640 iere
499 5604 553 5641 om.
571 5591 591 5641 Β
610 5616 638 5628 -
656 5595 768 5641 cetereos
783 5590 817 5650 V,
836 5590 970 5640 secemotis
985 5591 1004 5639 B
1024 5617 1051 5626 -
1069 5589 1112 5640 ΒΒ.
1129 5589 1243 5638 Hortensi
1259 5589 1279 5639 T
1298 5616 1326 5626 -
1344 5589 1477 5639 emaciari
1491 5587 1543 5638 etri
1560 5592 1636 5650 etqee
1651 5600 1696 5637 or-

368 5664 491 5714 natissimi
507 5664 567 5726 TV,
585 5664 645 5716 cod.
663 5664 839 5716 Pithoeanus:
863 5665 927 5715 cler.
945 5671 1021 5726 etque
1036 5669 1120 5714 emeat.
1138 5664 1188 5713 viri
1204 5664 1238 5724 Β;
1261 5664 1357 5713 nterim
1375 5663 1426 5713 ves
1442 5667 1517 5725 atqie
1532 5667 1617 5713 ornat
1634 5663 1697 5712 civis

371 5739 428 5789 ΒΟ.
450 5765 477 5775 -
495 5738 536 5787 ΒΟ.
553 5739 749 5800 reprebendatur
764 5737 848 5789 semel
865 5738 947 5789 hebet
962 5740 984 5789 V
998 5768 1025 5778 -
1044 5745 1079 5791 est
1094 5740 1184 5790 initum
1194 5753 1212 5789 c
1222 5739 1249 5790 P.
1262 5739 1289 5790 S.
1302 5737 1433 5790 coeettim
1447 5737 1540 5789 TVB:
1558 5737 1650 5788 irritem
1660 5742 1696 5789 eet

372 5826 439 5864 coru.
457 5827 475 5863 a
490 5813 518 5866 P.
535 5813 606 5864 sede
622 5814 681 5866 ΒΟ.
