<?xml version="1.0" encoding="UTF-8"?>
<!DOCTYPE html PUBLIC "-//W3C//DTD XHTML 1.0 Transitional//EN"
    "http://www.w3.org/TR/xhtml1/DTD/xhtml1-transitional.dtd">
<html xmlns="http://www.w3.org/1999/xhtml" xml:lang="en" lang="en">
 <head>
  <title>
</title>
<meta http-equiv="Content-Type" content="text/html;charset=utf-8" />
  <meta name='ocr-system' content='tesseract 3.04.00' />
  <meta name='ocr-capabilities' content='ocr_page ocr_carea ocr_par ocr_line ocrx_word'/>
</head>
<body>
  <div class='ocr_page' id='page_1' title='image "./operaquaesupers08halmgoog_0400.png"; bbox 0 0 3800 7350; ppageno 0'>
   <div class='ocr_carea' id='block_1_1' title="bbox 330 1163 1254 1243">
    <p class='ocr_par' dir='ltr' id='par_1_1' title="bbox 330 1163 1254 1243">
     <span class='ocr_line' id='line_1_1' title="bbox 330 1163 1254 1243; baseline 0.004 -10"><span class='ocrx_word' id='word_1_1' title='bbox 330 1163 413 1234; x_wconf 67' lang='lat' dir='ltr'>llas</span> <span class='ocrx_word' id='word_1_2' title='bbox 723 1170 876 1243; x_wconf 73' lang='lat' dir='ltr'>ORATIO</span> <span class='ocrx_word' id='word_1_3' title='bbox 896 1170 976 1235; x_wconf 85' lang='lat' dir='ltr'>PRO</span> <span class='ocrx_word' id='word_1_4' title='bbox 999 1170 1061 1235; x_wconf 85' lang='lat' dir='ltr'>GN.</span> <span class='ocrx_word' id='word_1_5' title='bbox 1082 1170 1254 1237; x_wconf 80' lang='lat' dir='ltr'>PLANCIO</span> 
     </span>
    </p>
   </div>
   <div class='ocr_carea' id='block_1_2' title="bbox 226 1337 1710 4513">
    <p class='ocr_par' dir='ltr' id='par_1_2' title="bbox 226 1337 1710 4513">
     <span class='ocr_line' id='line_1_2' title="bbox 328 1337 1710 1420; baseline 0.002 -19"><span class='ocrx_word' id='word_1_6' title='bbox 328 1338 491 1401; x_wconf 88' lang='lat' dir='ltr'>clariorem</span> <span class='ocrx_word' id='word_1_7' title='bbox 512 1346 567 1403; x_wconf 90' lang='lat' dir='ltr'>aut</span> <span class='ocrx_word' id='word_1_8' title='bbox 587 1337 754 1420; x_wconf 72' lang='lat' dir='ltr'>gratiorem</span> <span class='ocrx_word' id='word_1_9' title='bbox 775 1339 884 1403; x_wconf 86' lang='lat' dir='ltr'>fuisse.</span> <span class='ocrx_word' id='word_1_10' title='bbox 905 1341 986 1403; x_wconf 83' lang='lat' dir='ltr'><strong>Vere</strong></span> <span class='ocrx_word' id='word_1_11' title='bbox 1008 1361 1058 1402; x_wconf 91' lang='lat' dir='ltr'>me</span> <span class='ocrx_word' id='word_1_12' title='bbox 1075 1341 1203 1403; x_wconf 81' lang='lat' dir='ltr'>hercule</span> <span class='ocrx_word' id='word_1_13' title='bbox 1218 1341 1279 1402; x_wconf 88' lang='lat' dir='ltr'>hoc</span> <span class='ocrx_word' id='word_1_14' title='bbox 1294 1338 1411 1402; x_wconf 84' lang='lat' dir='ltr'>dicam:</span> <span class='ocrx_word' id='word_1_15' title='bbox 1435 1340 1479 1402; x_wconf 90' lang='lat' dir='ltr'>sic</span> <span class='ocrx_word' id='word_1_16' title='bbox 1495 1347 1561 1403; x_wconf 92' lang='lat' dir='ltr'>tum</span> <span class='ocrx_word' id='word_1_17' title='bbox 1577 1342 1645 1404; x_wconf 84' lang='lat' dir='ltr'>exi·</span> <span class='ocrx_word' id='word_1_18' title='bbox 1704 1408 1710 1420; x_wconf 65' lang='lat'>.</span> 
     </span>
     <span class='ocr_line' id='line_1_3' title="bbox 328 1432 1645 1517; baseline 0.001 -22"><span class='ocrx_word' id='word_1_19' title='bbox 328 1432 508 1509; x_wconf 70' lang='lat' dir='ltr'>sumebam,</span> <span class='ocrx_word' id='word_1_20' title='bbox 529 1432 608 1495; x_wconf 90' lang='lat' dir='ltr'>nihil</span> <span class='ocrx_word' id='word_1_21' title='bbox 628 1432 773 1495; x_wconf 88' lang='lat' dir='ltr'>homines</span> <span class='ocrx_word' id='word_1_22' title='bbox 794 1433 879 1496; x_wconf 91' lang='lat' dir='ltr'>aliud</span> <span class='ocrx_word' id='word_1_23' title='bbox 901 1438 1018 1498; x_wconf 87' lang='lat' dir='ltr'>llomae</span> <span class='ocrx_word' id='word_1_24' title='bbox 1040 1434 1101 1497; x_wconf 91' lang='lat' dir='ltr'>nisi</span> <span class='ocrx_word' id='word_1_25' title='bbox 1117 1433 1156 1495; x_wconf 91' lang='lat' dir='ltr'>de</span> <span class='ocrx_word' id='word_1_26' title='bbox 1171 1441 1342 1516; x_wconf 77' lang='lat' dir='ltr'>quaestura</span> <span class='ocrx_word' id='word_1_27' title='bbox 1358 1454 1426 1497; x_wconf 86' lang='lat' dir='ltr'>mea</span> <span class='ocrx_word' id='word_1_28' title='bbox 1441 1435 1538 1517; x_wconf 91' lang='lat' dir='ltr'>loqui.</span> <span class='ocrx_word' id='word_1_29' title='bbox 1567 1435 1645 1497; x_wconf 86' lang='lat' dir='ltr'>Fru-</span> 
     </span>
     <span class='ocr_line' id='line_1_4' title="bbox 327 1527 1643 1610; baseline 0.002 -23"><span class='ocrx_word' id='word_1_30' title='bbox 327 1527 426 1588; x_wconf 92' lang='lat' dir='ltr'>menti</span> <span class='ocrx_word' id='word_1_31' title='bbox 454 1528 488 1589; x_wconf 92' lang='lat' dir='ltr'>in</span> <span class='ocrx_word' id='word_1_32' title='bbox 516 1546 639 1588; x_wconf 92' lang='lat' dir='ltr'>summa</span> <span class='ocrx_word' id='word_1_33' title='bbox 666 1527 795 1589; x_wconf 87' lang='lat' dir='ltr'>caritate</span> <span class='ocrx_word' id='word_1_34' title='bbox 824 1529 995 1591; x_wconf 86' lang='lat' dir='ltr'>maximum</span> <span class='ocrx_word' id='word_1_35' title='bbox 1018 1546 1180 1591; x_wconf 90' lang='lat' dir='ltr'>numerum</span> <span class='ocrx_word' id='word_1_36' title='bbox 1202 1528 1366 1602; x_wconf 84' lang='lat' dir='ltr'>miseram;</span> <span class='ocrx_word' id='word_1_37' title='bbox 1395 1529 1643 1610; x_wconf 79' lang='lat' dir='ltr'>negotiatoribus</span> 
     </span>
     <span class='ocr_line' id='line_1_5' title="bbox 326 1619 1645 1704; baseline 0.002 -25"><span class='ocrx_word' id='word_1_38' title='bbox 326 1619 441 1692; x_wconf 89' lang='lat' dir='ltr'>comis,</span> <span class='ocrx_word' id='word_1_39' title='bbox 462 1619 688 1682; x_wconf 78' lang='lat' dir='ltr'>mercatoribus</span> <span class='ocrx_word' id='word_1_40' title='bbox 709 1620 824 1694; x_wconf 89' lang='lat' dir='ltr'>iustus,</span> <span class='ocrx_word' id='word_1_41' title='bbox 846 1622 1043 1704; x_wconf 87' lang='lat' dir='ltr'>mancipibus</span> <span class='ocrx_word' id='word_1_42' title='bbox 1064 1620 1217 1694; x_wconf 89' lang='lat' dir='ltr'>liberalis,</span> <span class='ocrx_word' id='word_1_43' title='bbox 1234 1620 1328 1683; x_wconf 90' lang='lat' dir='ltr'>sociis</span> <span class='ocrx_word' id='word_1_44' title='bbox 1343 1622 1520 1694; x_wconf 87' lang='lat' dir='ltr'>abstinens,</span> <span class='ocrx_word' id='word_1_45' title='bbox 1543 1621 1645 1683; x_wconf 91' lang='lat' dir='ltr'>omui·</span> 
     </span>
     <span class='ocr_line' id='line_1_6' title="bbox 300 1710 1645 1798; baseline 0.001 -24"><span class='ocrx_word' id='word_1_46' title='bbox 300 1712 383 1775; x_wconf 79' lang='lat' dir='ltr'>obus</span> <span class='ocrx_word' id='word_1_47' title='bbox 406 1734 490 1776; x_wconf 91' lang='lat' dir='ltr'>eram</span> <span class='ocrx_word' id='word_1_48' title='bbox 511 1712 599 1778; x_wconf 75' lang='lat' dir='ltr'>risam</span> <span class='ocrx_word' id='word_1_49' title='bbox 620 1713 653 1775; x_wconf 91' lang='lat' dir='ltr'>in</span> <span class='ocrx_word' id='word_1_50' title='bbox 676 1713 762 1775; x_wconf 91' lang='lat' dir='ltr'>omni</span> <span class='ocrx_word' id='word_1_51' title='bbox 784 1710 888 1777; x_wconf 87' lang='lat' dir='ltr'>officio</span> <span class='ocrx_word' id='word_1_52' title='bbox 911 1715 1187 1796; x_wconf 60' lang='lat' dir='ltr'>diligentissimum</span> <span class='ocrx_word' id='word_1_53' title='bbox 1212 1714 1381 1796; x_wconf 84' lang='lat' dir='ltr'>excogitati</span> <span class='ocrx_word' id='word_1_54' title='bbox 1404 1715 1532 1798; x_wconf 94' lang='lat' dir='ltr'>quidam</span> <span class='ocrx_word' id='word_1_55' title='bbox 1555 1721 1645 1777; x_wconf 92' lang='lat' dir='ltr'>erant</span> 
     </span>
     <span class='ocr_line' id='line_1_7' title="bbox 324 1807 1642 1890; baseline 0 -22"><span class='ocrx_word' id='word_1_56' title='bbox 324 1825 344 1868; x_wconf 91' lang='lat' dir='ltr'>a</span> <span class='ocrx_word' id='word_1_57' title='bbox 371 1808 482 1871; x_wconf 87' lang='lat' dir='ltr'>Siculis</span> <span class='ocrx_word' id='word_1_58' title='bbox 510 1807 646 1871; x_wconf 90' lang='lat' dir='ltr'>bonores</span> <span class='ocrx_word' id='word_1_59' title='bbox 668 1808 700 1869; x_wconf 94' lang='lat' dir='ltr'>in</span> <span class='ocrx_word' id='word_1_60' title='bbox 727 1828 777 1870; x_wconf 90' lang='lat' dir='ltr'>me</span> <span class='ocrx_word' id='word_1_61' title='bbox 799 1807 947 1872; x_wconf 84' lang='lat' dir='ltr'>inauditi:</span> <span class='ocrx_word' id='word_1_62' title='bbox 981 1810 1087 1890; x_wconf 89' lang='lat' dir='ltr'>itaque</span> <span class='ocrx_word' id='word_1_63' title='bbox 1109 1807 1168 1870; x_wconf 91' lang='lat' dir='ltr'>hac</span> <span class='ocrx_word' id='word_1_64' title='bbox 1191 1828 1248 1889; x_wconf 91' lang='lat' dir='ltr'>spe</span> <span class='ocrx_word' id='word_1_65' title='bbox 1272 1808 1479 1883; x_wconf 83' lang='lat' dir='ltr'>decedebam,</span> <span class='ocrx_word' id='word_1_66' title='bbox 1509 1816 1545 1870; x_wconf 89' lang='lat' dir='ltr'>ut</span> <span class='ocrx_word' id='word_1_67' title='bbox 1564 1807 1642 1870; x_wconf 93' lang='lat' dir='ltr'>mihi</span> 
     </span>
     <span class='ocr_line' id='line_1_8' title="bbox 322 1899 1642 1985; baseline -0.003 -20"><span class='ocrx_word' id='word_1_68' title='bbox 322 1903 474 1985; x_wconf 91' lang='lat' dir='ltr'>populum</span> <span class='ocrx_word' id='word_1_69' title='bbox 500 1904 675 1965; x_wconf 85' lang='lat' dir='ltr'>Romanum</span> <span class='ocrx_word' id='word_1_70' title='bbox 703 1903 786 1965; x_wconf 93' lang='lat' dir='ltr'>ultro</span> <span class='ocrx_word' id='word_1_71' title='bbox 815 1903 921 1966; x_wconf 91' lang='lat' dir='ltr'>omnia</span> <span class='ocrx_word' id='word_1_72' title='bbox 949 1902 1125 1964; x_wconf 91' lang='lat' dir='ltr'>delaturum</span> <span class='ocrx_word' id='word_1_73' title='bbox 1154 1909 1307 1983; x_wconf 89' lang='lat' dir='ltr'>putarem.</span> <span class='ocrx_word' id='word_1_74' title='bbox 1350 1899 1401 1964; x_wconf 79' lang='grc'><strong>66.</strong></span> <span class='ocrx_word' id='word_1_75' title='bbox 1424 1904 1463 1964; x_wconf 79' lang='lat' dir='ltr'>ht</span> <span class='ocrx_word' id='word_1_76' title='bbox 1491 1922 1549 1983; x_wconf 90' lang='lat' dir='ltr'>ego</span> <span class='ocrx_word' id='word_1_77' title='bbox 1571 1920 1642 1964; x_wconf 94' lang='lat' dir='ltr'>cum</span> 
     </span>
     <span class='ocr_line' id='line_1_9' title="bbox 322 1994 1642 2078; baseline -0.001 -20"><span class='ocrx_word' id='word_1_78' title='bbox 322 2016 397 2059; x_wconf 90' lang='lat' dir='ltr'>casu</span> <span class='ocrx_word' id='word_1_79' title='bbox 419 1997 530 2061; x_wconf 90' lang='lat' dir='ltr'>diebus</span> <span class='ocrx_word' id='word_1_80' title='bbox 551 1996 591 2059; x_wconf 93' lang='lat' dir='ltr'>iis</span> <span class='ocrx_word' id='word_1_81' title='bbox 613 1996 736 2059; x_wconf 91' lang='lat' dir='ltr'>itineris</span> <span class='ocrx_word' id='word_1_82' title='bbox 756 1995 892 2059; x_wconf 82' lang='lat' dir='ltr'>faciendi</span> <span class='ocrx_word' id='word_1_83' title='bbox 908 2016 1003 2058; x_wconf 85' lang='lat' dir='ltr'>causa</span> <span class='ocrx_word' id='word_1_84' title='bbox 1018 1995 1174 2057; x_wconf 89' lang='lat' dir='ltr'>decedens</span> <span class='ocrx_word' id='word_1_85' title='bbox 1189 2014 1207 2056; x_wconf 91' lang='lat' dir='ltr'>e</span> <span class='ocrx_word' id='word_1_86' title='bbox 1222 1996 1385 2078; x_wconf 87' lang='lat' dir='ltr'>provincia</span> <span class='ocrx_word' id='word_1_87' title='bbox 1400 1995 1547 2059; x_wconf 89' lang='lat' dir='ltr'>Puteolos</span> <span class='ocrx_word' id='word_1_88' title='bbox 1561 1994 1642 2057; x_wconf 82' lang='lat' dir='ltr'>forte</span> 
     </span>
     <span class='ocr_line' id='line_1_10' title="bbox 250 2083 1642 2172; baseline -0.001 -21"><span class='ocrx_word' id='word_1_89' title='bbox 250 2083 253 2087; x_wconf 73' lang='grc'><strong>’</strong></span> <span class='ocrx_word' id='word_1_90' title='bbox 321 2090 495 2165; x_wconf 86' lang='lat' dir='ltr'>venissem,</span> <span class='ocrx_word' id='word_1_91' title='bbox 528 2111 600 2154; x_wconf 94' lang='lat' dir='ltr'>cum</span> <span class='ocrx_word' id='word_1_92' title='bbox 629 2090 758 2172; x_wconf 87' lang='lat' dir='ltr'>plurimi</span> <span class='ocrx_word' id='word_1_93' title='bbox 785 2097 817 2152; x_wconf 92' lang='lat' dir='ltr'>et</span> <span class='ocrx_word' id='word_1_94' title='bbox 843 2090 1008 2152; x_wconf 86' lang='lat' dir='ltr'>lautissimi</span> <span class='ocrx_word' id='word_1_95' title='bbox 1034 2090 1067 2150; x_wconf 90' lang='lat' dir='ltr'>in</span> <span class='ocrx_word' id='word_1_96' title='bbox 1093 2089 1132 2151; x_wconf 90' lang='lat' dir='ltr'>iis</span> <span class='ocrx_word' id='word_1_97' title='bbox 1165 2087 1243 2151; x_wconf 91' lang='lat' dir='ltr'>locis</span> <span class='ocrx_word' id='word_1_98' title='bbox 1275 2089 1379 2151; x_wconf 88' lang='lat' dir='ltr'>solent</span> <span class='ocrx_word' id='word_1_99' title='bbox 1400 2109 1485 2163; x_wconf 86' lang='lat' dir='ltr'>esse,</span> <span class='ocrx_word' id='word_1_100' title='bbox 1518 2087 1642 2151; x_wconf 91' lang='lat' dir='ltr'>concidi</span> 
     </span>
     <span class='ocr_line' id='line_1_11' title="bbox 284 2180 1641 2266; baseline 0.001 -25"><span class='ocrx_word' id='word_1_101' title='bbox 284 2195 438 2265; x_wconf 83' lang='lat' dir='ltr'>topaene,</span> <span class='ocrx_word' id='word_1_102' title='bbox 465 2183 604 2258; x_wconf 88' lang='lat' dir='ltr'>iudices,</span> <span class='ocrx_word' id='word_1_103' title='bbox 625 2204 697 2246; x_wconf 90' lang='lat' dir='ltr'>cum</span> <span class='ocrx_word' id='word_1_104' title='bbox 719 2204 759 2246; x_wconf 83' lang='lat' dir='ltr'>ex</span> <span class='ocrx_word' id='word_1_105' title='bbox 780 2203 831 2247; x_wconf 89' lang='lat' dir='ltr'>me</span> <span class='ocrx_word' id='word_1_106' title='bbox 853 2181 981 2266; x_wconf 86' lang='lat' dir='ltr'>quidam</span> <span class='ocrx_word' id='word_1_107' title='bbox 1003 2182 1197 2265; x_wconf 88' lang='lat' dir='ltr'>quaesisset,</span> <span class='ocrx_word' id='word_1_108' title='bbox 1222 2202 1286 2264; x_wconf 94' lang='lat' dir='ltr'>quo</span> <span class='ocrx_word' id='word_1_109' title='bbox 1309 2182 1360 2244; x_wconf 91' lang='lat' dir='ltr'>die</span> <span class='ocrx_word' id='word_1_110' title='bbox 1383 2185 1483 2245; x_wconf 86' lang='lat' dir='ltr'>lloma</span> <span class='ocrx_word' id='word_1_111' title='bbox 1504 2180 1641 2245; x_wconf 82' lang='lat' dir='ltr'>exissem</span> 
     </span>
     <span class='ocr_line' id='line_1_12' title="bbox 321 2275 1643 2361; baseline -0.001 -22"><span class='ocrx_word' id='word_1_112' title='bbox 321 2286 352 2339; x_wconf 92' lang='lat' dir='ltr'>et</span> <span class='ocrx_word' id='word_1_113' title='bbox 371 2298 448 2341; x_wconf 92' lang='lat' dir='ltr'>num</span> <span class='ocrx_word' id='word_1_114' title='bbox 470 2278 621 2361; x_wconf 88' lang='lat' dir='ltr'>quidnam</span> <span class='ocrx_word' id='word_1_115' title='bbox 643 2285 727 2341; x_wconf 88' lang='lat' dir='ltr'>esset</span> <span class='ocrx_word' id='word_1_116' title='bbox 747 2276 830 2340; x_wconf 89' lang='lat' dir='ltr'>novi.</span> <span class='ocrx_word' id='word_1_117' title='bbox 865 2276 922 2339; x_wconf 87' lang='lat' dir='ltr'>Cui</span> <span class='ocrx_word' id='word_1_118' title='bbox 945 2295 1023 2338; x_wconf 20' lang='lat' dir='ltr'>cum.</span> <span class='ocrx_word' id='word_1_119' title='bbox 1036 2275 1270 2358; x_wconf 86' lang='lat' dir='ltr'>respondissem</span> <span class='ocrx_word' id='word_1_120' title='bbox 1292 2297 1342 2339; x_wconf 91' lang='lat' dir='ltr'>me</span> <span class='ocrx_word' id='word_1_121' title='bbox 1363 2298 1380 2340; x_wconf 90' lang='lat' dir='ltr'>e</span> <span class='ocrx_word' id='word_1_122' title='bbox 1402 2277 1567 2359; x_wconf 85' lang='lat' dir='ltr'>provincia</span> <span class='ocrx_word' id='word_1_123' title='bbox 1588 2276 1643 2338; x_wconf 90' lang='lat' dir='ltr'>de·</span> 
     </span>
     <span class='ocr_line' id='line_1_13' title="bbox 319 2370 1642 2453; baseline -0.004 -18"><span class='ocrx_word' id='word_1_124' title='bbox 319 2370 441 2447; x_wconf 86' lang='lat' dir='ltr'>cedere,</span> <span class='ocrx_word' id='word_1_125' title='bbox 465 2370 586 2435; x_wconf 71' lang='lat' dir='ltr'>«Etiam</span> <span class='ocrx_word' id='word_1_126' title='bbox 607 2392 658 2434; x_wconf 91' lang='lat' dir='ltr'>me</span> <span class='ocrx_word' id='word_1_127' title='bbox 672 2370 830 2445; x_wconf 68' lang='lat' dir='ltr'>hercule»</span> <span class='ocrx_word' id='word_1_128' title='bbox 855 2370 961 2453; x_wconf 90' lang='lat' dir='ltr'>inquit</span> <span class='ocrx_word' id='word_1_129' title='bbox 984 2377 1036 2433; x_wconf 82' lang='lat' dir='ltr'>«ut</span> <span class='ocrx_word' id='word_1_130' title='bbox 1050 2371 1173 2452; x_wconf 93' lang='lat' dir='ltr'>opinor,</span> <span class='ocrx_word' id='word_1_131' title='bbox 1191 2390 1232 2432; x_wconf 83' lang='lat' dir='ltr'>ex</span> <span class='ocrx_word' id='word_1_132' title='bbox 1245 2370 1379 2434; x_wconf 78' lang='lat' dir='ltr'>Africa.»</span> <span class='ocrx_word' id='word_1_133' title='bbox 1416 2371 1546 2434; x_wconf 83' lang='lat' dir='ltr'>xxvll.</span> <span class='ocrx_word' id='word_1_134' title='bbox 1561 2370 1642 2432; x_wconf 84' lang='lat' dir='ltr'>Huic</span> 
     </span>
     <span class='ocr_line' id='line_1_14' title="bbox 320 2462 1641 2548; baseline -0.002 -21"><span class='ocrx_word' id='word_1_135' title='bbox 320 2484 379 2548; x_wconf 89' lang='lat' dir='ltr'>ego</span> <span class='ocrx_word' id='word_1_136' title='bbox 401 2466 464 2529; x_wconf 92' lang='lat' dir='ltr'>iam</span> <span class='ocrx_word' id='word_1_137' title='bbox 485 2464 684 2528; x_wconf 90' lang='lat' dir='ltr'>stomachans</span> <span class='ocrx_word' id='word_1_138' title='bbox 705 2463 868 2526; x_wconf 82' lang='lat' dir='ltr'>fastidiose</span> <span class='ocrx_word' id='word_1_139' title='bbox 892 2464 1010 2524; x_wconf 76' lang='lat' dir='ltr'>olmmo</span> <span class='ocrx_word' id='word_1_140' title='bbox 1026 2483 1066 2525; x_wconf 85' lang='lat' dir='ltr'>ex</span> <span class='ocrx_word' id='word_1_141' title='bbox 1087 2462 1211 2525; x_wconf 77' lang='lat' dir='ltr'>Sicilia»</span> <span class='ocrx_word' id='word_1_142' title='bbox 1236 2463 1375 2547; x_wconf 92' lang='lat' dir='ltr'>inquam.</span> <span class='ocrx_word' id='word_1_143' title='bbox 1406 2466 1487 2526; x_wconf 87' lang='lat' dir='ltr'>Tum</span> <span class='ocrx_word' id='word_1_144' title='bbox 1503 2463 1641 2548; x_wconf 92' lang='lat' dir='ltr'>quidam,</span> 
     </span>
     <span class='ocr_line' id='line_1_15' title="bbox 319 2555 1641 2642; baseline -0.002 -20"><span class='ocrx_word' id='word_1_145' title='bbox 319 2560 409 2642; x_wconf 91' lang='lat' dir='ltr'>quasi</span> <span class='ocrx_word' id='word_1_146' title='bbox 432 2558 487 2641; x_wconf 93' lang='lat' dir='ltr'>qui</span> <span class='ocrx_word' id='word_1_147' title='bbox 508 2558 615 2621; x_wconf 89' lang='lat' dir='ltr'>omnia</span> <span class='ocrx_word' id='word_1_148' title='bbox 635 2559 745 2630; x_wconf 90' lang='lat' dir='ltr'>sciret,</span> <span class='ocrx_word' id='word_1_149' title='bbox 771 2555 897 2633; x_wconf 74' lang='lat' dir='ltr'>«Quid‘l</span> <span class='ocrx_word' id='word_1_150' title='bbox 920 2564 955 2618; x_wconf 93' lang='lat' dir='ltr'>tu</span> <span class='ocrx_word' id='word_1_151' title='bbox 977 2557 1099 2619; x_wconf 84' lang='lat' dir='ltr'>nescisu</span> <span class='ocrx_word' id='word_1_152' title='bbox 1123 2556 1227 2638; x_wconf 87' lang='lat' dir='ltr'>inquit</span> <span class='ocrx_word' id='word_1_153' title='bbox 1248 2556 1351 2620; x_wconf 85' lang='lat' dir='ltr'>uhunc</span> <span class='ocrx_word' id='word_1_154' title='bbox 1369 2568 1569 2640; x_wconf 86' lang='lat' dir='ltr'>quaestorem</span> <span class='ocrx_word' id='word_1_155' title='bbox 1584 2558 1641 2639; x_wconf 80' lang='lat' dir='ltr'>Sy·</span> 
     </span>
     <span class='ocr_line' id='line_1_16' title="bbox 282 2650 1641 2737; baseline 0 -25"><span class='ocrx_word' id='word_1_156' title='bbox 282 2653 437 2716; x_wconf 75' lang='lat' dir='ltr'>taracusis</span> <span class='ocrx_word' id='word_1_157' title='bbox 458 2652 604 2715; x_wconf 76' lang='lat' dir='ltr'>brissei»</span> <span class='ocrx_word' id='word_1_158' title='bbox 636 2651 722 2737; x_wconf 83' lang='lat' dir='ltr'>Quid</span> <span class='ocrx_word' id='word_1_159' title='bbox 744 2651 864 2714; x_wconf 81' lang='lat' dir='ltr'>multat</span> <span class='ocrx_word' id='word_1_160' title='bbox 886 2650 992 2713; x_wconf 84' lang='lat' dir='ltr'>destiti</span> <span class='ocrx_word' id='word_1_161' title='bbox 1015 2650 1203 2712; x_wconf 87' lang='lat' dir='ltr'>stomachari</span> <span class='ocrx_word' id='word_1_162' title='bbox 1227 2660 1259 2713; x_wconf 86' lang='lat' dir='ltr'>et</span> <span class='ocrx_word' id='word_1_163' title='bbox 1280 2671 1329 2713; x_wconf 92' lang='lat' dir='ltr'>me</span> <span class='ocrx_word' id='word_1_164' title='bbox 1347 2671 1445 2714; x_wconf 90' lang='lat' dir='ltr'>unum</span> <span class='ocrx_word' id='word_1_165' title='bbox 1461 2670 1502 2714; x_wconf 83' lang='lat' dir='ltr'>ex</span> <span class='ocrx_word' id='word_1_166' title='bbox 1516 2652 1555 2714; x_wconf 92' lang='lat' dir='ltr'>iis</span> <span class='ocrx_word' id='word_1_167' title='bbox 1569 2651 1641 2726; x_wconf 85' lang='lat' dir='ltr'>ieci,</span> 
     </span>
     <span class='ocr_line' id='line_1_17' title="bbox 318 2742 1641 2831; baseline -0.004 -21"><span class='ocrx_word' id='word_1_168' title='bbox 318 2748 373 2831; x_wconf 94' lang='lat' dir='ltr'>qui</span> <span class='ocrx_word' id='word_1_169' title='bbox 400 2746 440 2809; x_wconf 89' lang='lat' dir='ltr'>ad</span> <span class='ocrx_word' id='word_1_170' title='bbox 469 2765 568 2829; x_wconf 90' lang='lat' dir='ltr'>aquas</span> <span class='ocrx_word' id='word_1_171' title='bbox 598 2746 768 2808; x_wconf 87' lang='lat' dir='ltr'>venissent.</span> <span class='ocrx_word' id='word_1_172' title='bbox 811 2742 862 2805; x_wconf 90' lang='grc'><strong>66.</strong></span> <span class='ocrx_word' id='word_1_173' title='bbox 886 2742 947 2806; x_wconf 92' lang='lat' dir='ltr'>Sed</span> <span class='ocrx_word' id='word_1_174' title='bbox 978 2763 1015 2805; x_wconf 89' lang='lat' dir='ltr'>ea</span> <span class='ocrx_word' id='word_1_175' title='bbox 1043 2763 1109 2817; x_wconf 90' lang='lat' dir='ltr'>res,</span> <span class='ocrx_word' id='word_1_176' title='bbox 1142 2742 1279 2831; x_wconf 91' lang='lat' dir='ltr'>iudices,</span> <span class='ocrx_word' id='word_1_177' title='bbox 1312 2744 1397 2807; x_wconf 94' lang='lat' dir='ltr'>haud</span> <span class='ocrx_word' id='word_1_178' title='bbox 1419 2744 1485 2807; x_wconf 89' lang='lat' dir='ltr'>scio</span> <span class='ocrx_word' id='word_1_179' title='bbox 1507 2764 1548 2807; x_wconf 90' lang='lat' dir='ltr'>an</span> <span class='ocrx_word' id='word_1_180' title='bbox 1569 2744 1641 2826; x_wconf 90' lang='lat' dir='ltr'>plus</span> 
     </span>
     <span class='ocr_line' id='line_1_18' title="bbox 318 2837 1641 2922; baseline -0.002 -20"><span class='ocrx_word' id='word_1_181' title='bbox 318 2839 393 2904; x_wconf 90' lang='lat' dir='ltr'>mihi</span> <span class='ocrx_word' id='word_1_182' title='bbox 414 2838 586 2922; x_wconf 83' lang='lat' dir='ltr'>profuerit,</span> <span class='ocrx_word' id='word_1_183' title='bbox 615 2839 758 2921; x_wconf 88' lang='lat' dir='ltr'>quamsi</span> <span class='ocrx_word' id='word_1_184' title='bbox 780 2838 858 2901; x_wconf 91' lang='lat' dir='ltr'>mibi</span> <span class='ocrx_word' id='word_1_185' title='bbox 881 2844 945 2900; x_wconf 89' lang='lat' dir='ltr'>tum</span> <span class='ocrx_word' id='word_1_186' title='bbox 969 2844 1076 2899; x_wconf 88' lang='lat' dir='ltr'>essent</span> <span class='ocrx_word' id='word_1_187' title='bbox 1096 2856 1204 2899; x_wconf 89' lang='lat' dir='ltr'>omnes</span> <span class='ocrx_word' id='word_1_188' title='bbox 1227 2837 1384 2919; x_wconf 87' lang='lat' dir='ltr'>gratulati.</span> <span class='ocrx_word' id='word_1_189' title='bbox 1417 2840 1496 2901; x_wconf 90' lang='lat' dir='ltr'>Nam</span> <span class='ocrx_word' id='word_1_190' title='bbox 1516 2846 1641 2921; x_wconf 90' lang='lat' dir='ltr'>postea-</span> 
     </span>
     <span class='ocr_line' id='line_1_19' title="bbox 316 2930 1640 3017; baseline -0.002 -20"><span class='ocrx_word' id='word_1_191' title='bbox 316 2952 411 3017; x_wconf 87' lang='lat' dir='ltr'>quam</span> <span class='ocrx_word' id='word_1_192' title='bbox 439 2932 525 2997; x_wconf 89' lang='lat' dir='ltr'>sensi</span> <span class='ocrx_word' id='word_1_193' title='bbox 551 2932 661 3015; x_wconf 94' lang='lat' dir='ltr'>populi</span> <span class='ocrx_word' id='word_1_194' title='bbox 689 2931 821 2995; x_wconf 83' lang='lat' dir='ltr'>Romani</span> <span class='ocrx_word' id='word_1_195' title='bbox 851 2949 943 2994; x_wconf 88' lang='lat' dir='ltr'>aures</span> <span class='ocrx_word' id='word_1_196' title='bbox 971 2930 1169 3005; x_wconf 89' lang='lat' dir='ltr'>hebetiores,</span> <span class='ocrx_word' id='word_1_197' title='bbox 1197 2931 1306 2994; x_wconf 93' lang='lat' dir='ltr'>oculos</span> <span class='ocrx_word' id='word_1_198' title='bbox 1335 2938 1438 2995; x_wconf 89' lang='lat' dir='ltr'>autem</span> <span class='ocrx_word' id='word_1_199' title='bbox 1462 2952 1532 2995; x_wconf 90' lang='lat' dir='ltr'>esse</span> <span class='ocrx_word' id='word_1_200' title='bbox 1554 2951 1640 2994; x_wconf 90' lang='lat' dir='ltr'>acres</span> 
     </span>
     <span class='ocr_line' id='line_1_20' title="bbox 315 3023 1639 3111; baseline -0.002 -21"><span class='ocrx_word' id='word_1_201' title='bbox 315 3035 412 3111; x_wconf 86' lang='lat' dir='ltr'>atque</span> <span class='ocrx_word' id='word_1_202' title='bbox 441 3033 568 3099; x_wconf 88' lang='lat' dir='ltr'>acutos,</span> <span class='ocrx_word' id='word_1_203' title='bbox 596 3025 718 3098; x_wconf 91' lang='lat' dir='ltr'>destiti,</span> <span class='ocrx_word' id='word_1_204' title='bbox 748 3024 826 3108; x_wconf 90' lang='lat' dir='ltr'>quid</span> <span class='ocrx_word' id='word_1_205' title='bbox 858 3023 897 3086; x_wconf 90' lang='lat' dir='ltr'>de</span> <span class='ocrx_word' id='word_1_206' title='bbox 928 3043 977 3087; x_wconf 92' lang='lat' dir='ltr'>me</span> <span class='ocrx_word' id='word_1_207' title='bbox 1005 3023 1142 3087; x_wconf 87' lang='lat' dir='ltr'>audituri</span> <span class='ocrx_word' id='word_1_208' title='bbox 1166 3032 1274 3087; x_wconf 89' lang='lat' dir='ltr'>essent</span> <span class='ocrx_word' id='word_1_209' title='bbox 1292 3025 1454 3099; x_wconf 90' lang='lat' dir='ltr'>homines,</span> <span class='ocrx_word' id='word_1_210' title='bbox 1483 3024 1639 3107; x_wconf 86' lang='lat' dir='ltr'>cogitare;</span> 
     </span>
     <span class='ocr_line' id='line_1_21' title="bbox 278 3117 1639 3203; baseline -0.001 -21"><span class='ocrx_word' id='word_1_211' title='bbox 278 3119 376 3184; x_wconf 81' lang='lat' dir='ltr'>uloci</span> <span class='ocrx_word' id='word_1_212' title='bbox 397 3127 433 3183; x_wconf 85' lang='lat' dir='ltr'>ut</span> <span class='ocrx_word' id='word_1_213' title='bbox 452 3126 565 3203; x_wconf 88' lang='lat' dir='ltr'>postea</span> <span class='ocrx_word' id='word_1_214' title='bbox 586 3117 729 3201; x_wconf 90' lang='lat' dir='ltr'>quotidie</span> <span class='ocrx_word' id='word_1_215' title='bbox 751 3124 949 3200; x_wconf 89' lang='lat' dir='ltr'>praesentem</span> <span class='ocrx_word' id='word_1_216' title='bbox 965 3138 1015 3180; x_wconf 91' lang='lat' dir='ltr'>me</span> <span class='ocrx_word' id='word_1_217' title='bbox 1031 3117 1187 3191; x_wconf 85' lang='lat' dir='ltr'>viderent,</span> <span class='ocrx_word' id='word_1_218' title='bbox 1209 3118 1349 3182; x_wconf 84' lang='lat' dir='ltr'>habitavi</span> <span class='ocrx_word' id='word_1_219' title='bbox 1364 3119 1398 3182; x_wconf 93' lang='lat' dir='ltr'>in</span> <span class='ocrx_word' id='word_1_220' title='bbox 1413 3117 1523 3193; x_wconf 89' lang='lat' dir='ltr'>oculis,</span> <span class='ocrx_word' id='word_1_221' title='bbox 1538 3118 1639 3201; x_wconf 90' lang='lat' dir='ltr'>pressi</span> 
     </span>
     <span class='ocr_line' id='line_1_22' title="bbox 314 3210 1639 3295; baseline -0.002 -20"><span class='ocrx_word' id='word_1_222' title='bbox 314 3212 435 3290; x_wconf 78' lang='lat' dir='ltr'>forum3</span> <span class='ocrx_word' id='word_1_223' title='bbox 464 3213 623 3277; x_wconf 92' lang='lat' dir='ltr'>nemiuem</span> <span class='ocrx_word' id='word_1_224' title='bbox 652 3230 671 3273; x_wconf 92' lang='lat' dir='ltr'>a</span> <span class='ocrx_word' id='word_1_225' title='bbox 698 3231 870 3293; x_wconf 88' lang='lat' dir='ltr'>congressu</span> <span class='ocrx_word' id='word_1_226' title='bbox 900 3231 972 3275; x_wconf 92' lang='lat' dir='ltr'>mco</span> <span class='ocrx_word' id='word_1_227' title='bbox 999 3231 1104 3293; x_wconf 90' lang='lat' dir='ltr'>neque</span> <span class='ocrx_word' id='word_1_228' title='bbox 1134 3210 1249 3274; x_wconf 90' lang='lat' dir='ltr'>ianitor</span> <span class='ocrx_word' id='word_1_229' title='bbox 1270 3233 1360 3276; x_wconf 88' lang='lat' dir='ltr'>meus</span> <span class='ocrx_word' id='word_1_230' title='bbox 1381 3232 1487 3295; x_wconf 90' lang='lat' dir='ltr'>neque</span> <span class='ocrx_word' id='word_1_231' title='bbox 1510 3230 1639 3274; x_wconf 90' lang='lat' dir='ltr'>somnus</span> 
     </span>
     <span class='ocr_line' id='line_1_23' title="bbox 315 3303 1640 3389; baseline -0.004 -19"><span class='ocrx_word' id='word_1_232' title='bbox 315 3303 492 3370; x_wconf 86' lang='lat' dir='ltr'>absterruit.</span> <span class='ocrx_word' id='word_1_233' title='bbox 533 3303 656 3387; x_wconf 89' lang='lat' dir='ltr'>Ecquid</span> <span class='ocrx_word' id='word_1_234' title='bbox 678 3324 737 3386; x_wconf 89' lang='lat' dir='ltr'>ego</span> <span class='ocrx_word' id='word_1_235' title='bbox 760 3304 862 3367; x_wconf 90' lang='lat' dir='ltr'>dicam</span> <span class='ocrx_word' id='word_1_236' title='bbox 885 3305 924 3368; x_wconf 91' lang='lat' dir='ltr'>de</span> <span class='ocrx_word' id='word_1_237' title='bbox 947 3304 1107 3386; x_wconf 87' lang='lat' dir='ltr'>occupatis</span> <span class='ocrx_word' id='word_1_238' title='bbox 1130 3306 1207 3368; x_wconf 91' lang='lat' dir='ltr'>meis</span> <span class='ocrx_word' id='word_1_239' title='bbox 1230 3307 1443 3389; x_wconf 91' lang='lat' dir='ltr'>temporibus,</span> <span class='ocrx_word' id='word_1_240' title='bbox 1472 3306 1523 3368; x_wconf 92' lang='lat' dir='ltr'>cui</span> <span class='ocrx_word' id='word_1_241' title='bbox 1544 3305 1640 3369; x_wconf 87' lang='lat' dir='ltr'>luerit</span> 
     </span>
     <span class='ocr_line' id='line_1_24' title="bbox 315 3398 1639 3481; baseline -0.001 -19"><span class='ocrx_word' id='word_1_242' title='bbox 315 3420 355 3462; x_wconf 91' lang='lat' dir='ltr'>ne</span> <span class='ocrx_word' id='word_1_243' title='bbox 383 3400 482 3463; x_wconf 92' lang='lat' dir='ltr'>otium</span> <span class='ocrx_word' id='word_1_244' title='bbox 507 3399 637 3481; x_wconf 92' lang='lat' dir='ltr'>quidem</span> <span class='ocrx_word' id='word_1_245' title='bbox 663 3417 813 3481; x_wconf 90' lang='lat' dir='ltr'>umquam</span> <span class='ocrx_word' id='word_1_246' title='bbox 834 3398 993 3460; x_wconf 84' lang='lat' dir='ltr'>otiosum‘l</span> <span class='ocrx_word' id='word_1_247' title='bbox 1024 3416 1097 3459; x_wconf 89' lang='lat' dir='ltr'>nam</span> <span class='ocrx_word' id='word_1_248' title='bbox 1119 3418 1198 3480; x_wconf 87' lang='lat' dir='ltr'>quas</span> <span class='ocrx_word' id='word_1_249' title='bbox 1221 3406 1255 3462; x_wconf 92' lang='lat' dir='ltr'>tu</span> <span class='ocrx_word' id='word_1_250' title='bbox 1277 3419 1518 3473; x_wconf 89' lang='lat' dir='ltr'>commemoras,</span> <span class='ocrx_word' id='word_1_251' title='bbox 1542 3399 1639 3471; x_wconf 87' lang='lat' dir='ltr'>Cassi,</span> 
     </span>
     <span class='ocr_line' id='line_1_25' title="bbox 314 3491 1638 3575; baseline -0.002 -19"><span class='ocrx_word' id='word_1_252' title='bbox 314 3493 419 3575; x_wconf 88' lang='lat' dir='ltr'>legere</span> <span class='ocrx_word' id='word_1_253' title='bbox 441 3500 473 3555; x_wconf 90' lang='lat' dir='ltr'>te</span> <span class='ocrx_word' id='word_1_254' title='bbox 494 3491 596 3554; x_wconf 90' lang='lat' dir='ltr'>solere</span> <span class='ocrx_word' id='word_1_255' title='bbox 618 3492 795 3565; x_wconf 89' lang='lat' dir='ltr'>orationes,</span> <span class='ocrx_word' id='word_1_256' title='bbox 824 3511 895 3553; x_wconf 91' lang='lat' dir='ltr'>cum</span> <span class='ocrx_word' id='word_1_257' title='bbox 918 3491 1038 3554; x_wconf 90' lang='lat' dir='ltr'>otiosus</span> <span class='ocrx_word' id='word_1_258' title='bbox 1060 3492 1120 3565; x_wconf 90' lang='lat' dir='ltr'>sis,</span> <span class='ocrx_word' id='word_1_259' title='bbox 1142 3491 1200 3554; x_wconf 93' lang='lat' dir='ltr'>has</span> <span class='ocrx_word' id='word_1_260' title='bbox 1222 3512 1281 3574; x_wconf 89' lang='lat' dir='ltr'>ego</span> <span class='ocrx_word' id='word_1_261' title='bbox 1301 3492 1413 3575; x_wconf 87' lang='lat' dir='ltr'>scripsi</span> <span class='ocrx_word' id='word_1_262' title='bbox 1433 3492 1517 3556; x_wconf 94' lang='lat' dir='ltr'>ludis</span> <span class='ocrx_word' id='word_1_263' title='bbox 1540 3500 1572 3555; x_wconf 89' lang='lat' dir='ltr'>et</span> <span class='ocrx_word' id='word_1_264' title='bbox 1592 3492 1638 3554; x_wconf 85' lang='lat' dir='ltr'>ie·</span> 
     </span>
     <span class='ocr_line' id='line_1_26' title="bbox 276 3584 1636 3668; baseline -0.001 -22"><span class='ocrx_word' id='word_1_265' title='bbox 276 3586 388 3661; x_wconf 80' lang='lat' dir='ltr'>soriis,</span> <span class='ocrx_word' id='word_1_266' title='bbox 408 3606 450 3649; x_wconf 91' lang='lat' dir='ltr'>ne</span> <span class='ocrx_word' id='word_1_267' title='bbox 472 3586 601 3648; x_wconf 91' lang='lat' dir='ltr'>omnino</span> <span class='ocrx_word' id='word_1_268' title='bbox 623 3605 773 3668; x_wconf 90' lang='lat' dir='ltr'>umquam</span> <span class='ocrx_word' id='word_1_269' title='bbox 795 3604 898 3647; x_wconf 91' lang='lat' dir='ltr'>essem</span> <span class='ocrx_word' id='word_1_270' title='bbox 919 3584 1050 3647; x_wconf 91' lang='lat' dir='ltr'>otiosus.</span> <span class='ocrx_word' id='word_1_271' title='bbox 1087 3585 1213 3647; x_wconf 79' lang='lat' dir='ltr'>Etenim</span> <span class='ocrx_word' id='word_1_272' title='bbox 1234 3587 1276 3648; x_wconf 87' lang='grc' dir='ltr'>Μ.</span> <span class='ocrx_word' id='word_1_273' title='bbox 1293 3585 1419 3648; x_wconf 86' lang='lat' dir='ltr'>Catonis</span> <span class='ocrx_word' id='word_1_274' title='bbox 1436 3585 1527 3660; x_wconf 87' lang='lat' dir='ltr'>illud,</span> <span class='ocrx_word' id='word_1_275' title='bbox 1549 3584 1636 3668; x_wconf 89' lang='lat' dir='ltr'>quod</span> 
     </span>
     <span class='ocr_line' id='line_1_27' title="bbox 226 3679 1636 3764; baseline -0.001 -21"><span class='ocrx_word' id='word_1_276' title='bbox 226 3738 228 3743; x_wconf 88' lang='lat'>.</span> <span class='ocrx_word' id='word_1_277' title='bbox 313 3682 347 3743; x_wconf 93' lang='lat' dir='ltr'>in</span> <span class='ocrx_word' id='word_1_278' title='bbox 367 3679 525 3764; x_wconf 92' lang='lat' dir='ltr'>principio</span> <span class='ocrx_word' id='word_1_279' title='bbox 547 3680 674 3762; x_wconf 87' lang='lat' dir='ltr'>scripsit</span> <span class='ocrx_word' id='word_1_280' title='bbox 695 3679 859 3761; x_wconf 82' lang='lat' dir='ltr'>Originum</span> <span class='ocrx_word' id='word_1_281' title='bbox 875 3698 1018 3751; x_wconf 90' lang='lat' dir='ltr'>suarum,</span> <span class='ocrx_word' id='word_1_282' title='bbox 1042 3698 1166 3762; x_wconf 91' lang='lat' dir='ltr'>semper</span> <span class='ocrx_word' id='word_1_283' title='bbox 1180 3679 1380 3762; x_wconf 82' lang='lat' dir='ltr'>magnificum</span> <span class='ocrx_word' id='word_1_284' title='bbox 1396 3688 1429 3742; x_wconf 89' lang='lat' dir='ltr'>et</span> <span class='ocrx_word' id='word_1_285' title='bbox 1441 3679 1636 3763; x_wconf 86' lang='lat' dir='ltr'>praeclarum</span> 
     </span>
     <span class='ocr_line' id='line_1_28' title="bbox 314 3772 1635 3857; baseline -0.003 -19"><span class='ocrx_word' id='word_1_286' title='bbox 314 3773 437 3857; x_wconf 83' lang='lat' dir='ltr'>putavi,</span> <span class='ocrx_word' id='word_1_287' title='bbox 459 3773 660 3836; x_wconf 90' lang='lat' dir='ltr'>clarorum</span> <span class='ocrx_word' id='word_1_288' title='bbox 680 3772 883 3835; x_wconf 91' lang='lat' dir='ltr'>hominum</span> <span class='ocrx_word' id='word_1_289' title='bbox 905 3779 1032 3855; x_wconf 89' lang='lat' dir='ltr'>atque</span> <span class='ocrx_word' id='word_1_290' title='bbox 1053 3792 1284 3855; x_wconf 89' lang='lat' dir='ltr'>magnorum</span> <span class='ocrx_word' id='word_1_291' title='bbox 1305 3794 1385 3836; x_wconf 87' lang='lat' dir='ltr'>uon</span> <span class='ocrx_word' id='word_1_292' title='bbox 1406 3774 1537 3837; x_wconf 90' lang='lat' dir='ltr'>minus</span> <span class='ocrx_word' id='word_1_293' title='bbox 1560 3773 1635 3835; x_wconf 92' lang='lat' dir='ltr'>otii</span> 
     </span>
     <span class='ocr_line' id='line_1_29' title="bbox 316 3865 1635 3951; baseline -0.002 -19"><span class='ocrx_word' id='word_1_294' title='bbox 316 3887 430 3951; x_wconf 87' lang='lat' dir='ltr'>quam</span> <span class='ocrx_word' id='word_1_295' title='bbox 453 3865 610 3949; x_wconf 84' lang='lat' dir='ltr'>negotii</span> <span class='ocrx_word' id='word_1_296' title='bbox 631 3866 831 3929; x_wconf 90' lang='lat' dir='ltr'>rationem</span> <span class='ocrx_word' id='word_1_297' title='bbox 853 3873 1023 3928; x_wconf 85' lang='lat' dir='ltr'>exstare</span> <span class='ocrx_word' id='word_1_298' title='bbox 1045 3873 1249 3947; x_wconf 90' lang='lat' dir='ltr'>oportere.</span> <span class='ocrx_word' id='word_1_299' title='bbox 1285 3866 1397 3950; x_wconf 88' lang='lat' dir='ltr'>ltaque</span> <span class='ocrx_word' id='word_1_300' title='bbox 1420 3866 1447 3929; x_wconf 92' lang='lat' dir='ltr'>si</span> <span class='ocrx_word' id='word_1_301' title='bbox 1469 3885 1565 3949; x_wconf 90' lang='lat' dir='ltr'>quam</span> <span class='ocrx_word' id='word_1_302' title='bbox 1580 3867 1635 3930; x_wconf 87' lang='lat' dir='ltr'>ha-</span> 
     </span>
     <span class='ocr_line' id='line_1_30' title="bbox 314 3959 1637 4043; baseline -0.002 -19"><span class='ocrx_word' id='word_1_303' title='bbox 314 3962 375 4024; x_wconf 90' lang='lat' dir='ltr'>beo</span> <span class='ocrx_word' id='word_1_304' title='bbox 396 3962 536 4034; x_wconf 89' lang='lat' dir='ltr'>laudem,</span> <span class='ocrx_word' id='word_1_305' title='bbox 559 3979 642 4043; x_wconf 89' lang='lat' dir='ltr'>quae</span> <span class='ocrx_word' id='word_1_306' title='bbox 664 3967 781 4043; x_wconf 91' lang='lat' dir='ltr'>quanta</span> <span class='ocrx_word' id='word_1_307' title='bbox 801 3961 842 4023; x_wconf 88' lang='lat' dir='ltr'>sit</span> <span class='ocrx_word' id='word_1_308' title='bbox 863 3960 990 4033; x_wconf 90' lang='lat' dir='ltr'>nescio,</span> <span class='ocrx_word' id='word_1_309' title='bbox 1013 3968 1102 4042; x_wconf 88' lang='lat' dir='ltr'>parta</span> <span class='ocrx_word' id='word_1_310' title='bbox 1123 3961 1242 4022; x_wconf 87' lang='lat' dir='ltr'>Romae</span> <span class='ocrx_word' id='word_1_311' title='bbox 1264 3967 1327 4033; x_wconf 88' lang='lat' dir='ltr'>est,</span> <span class='ocrx_word' id='word_1_312' title='bbox 1351 3959 1490 4043; x_wconf 83' lang='lat' dir='ltr'>quaesita</span> <span class='ocrx_word' id='word_1_313' title='bbox 1503 3960 1537 4023; x_wconf 94' lang='lat' dir='ltr'>in</span> <span class='ocrx_word' id='word_1_314' title='bbox 1558 3959 1637 4031; x_wconf 87' lang='lat' dir='ltr'>loro,</span> 
     </span>
     <span class='ocr_line' id='line_1_31' title="bbox 277 4053 1637 4138; baseline -0.004 -18"><span class='ocrx_word' id='word_1_315' title='bbox 277 4072 449 4138; x_wconf 70' lang='lat' dir='ltr'>mmeaque</span> <span class='ocrx_word' id='word_1_316' title='bbox 470 4054 591 4138; x_wconf 89' lang='lat' dir='ltr'>privata</span> <span class='ocrx_word' id='word_1_317' title='bbox 612 4054 743 4117; x_wconf 91' lang='lat' dir='ltr'>consilia</span> <span class='ocrx_word' id='word_1_318' title='bbox 765 4053 883 4135; x_wconf 91' lang='lat' dir='ltr'>publici</span> <span class='ocrx_word' id='word_1_319' title='bbox 905 4073 1035 4137; x_wconf 87' lang='lat' dir='ltr'>quoque</span> <span class='ocrx_word' id='word_1_320' title='bbox 1056 4073 1148 4118; x_wconf 89' lang='lat' dir='ltr'>casus</span> <span class='ocrx_word' id='word_1_321' title='bbox 1167 4054 1467 4137; x_wconf 81' lang='lat' dir='ltr'>comprobaverunt,</span> <span class='ocrx_word' id='word_1_322' title='bbox 1489 4061 1524 4116; x_wconf 89' lang='lat' dir='ltr'>ut</span> <span class='ocrx_word' id='word_1_323' title='bbox 1542 4054 1637 4117; x_wconf 89' lang='lat' dir='ltr'>etiam</span> 
     </span>
     <span class='ocr_line' id='line_1_32' title="bbox 315 4145 1637 4231; baseline -0.003 -17"><span class='ocrx_word' id='word_1_324' title='bbox 315 4169 436 4214; x_wconf 88' lang='lat' dir='ltr'>summa</span> <span class='ocrx_word' id='word_1_325' title='bbox 464 4168 515 4212; x_wconf 89' lang='lat' dir='ltr'>res</span> <span class='ocrx_word' id='word_1_326' title='bbox 536 4147 664 4231; x_wconf 90' lang='lat' dir='ltr'>publica</span> <span class='ocrx_word' id='word_1_327' title='bbox 684 4147 761 4210; x_wconf 88' lang='lat' dir='ltr'>mihi</span> <span class='ocrx_word' id='word_1_328' title='bbox 784 4147 869 4210; x_wconf 90' lang='lat' dir='ltr'>domi</span> <span class='ocrx_word' id='word_1_329' title='bbox 891 4145 987 4210; x_wconf 85' lang='lat' dir='ltr'>luerit</span> <span class='ocrx_word' id='word_1_330' title='bbox 1008 4147 1146 4229; x_wconf 87' lang='lat' dir='ltr'>gerenda</span> <span class='ocrx_word' id='word_1_331' title='bbox 1167 4155 1200 4210; x_wconf 89' lang='lat' dir='ltr'>et</span> <span class='ocrx_word' id='word_1_332' title='bbox 1220 4148 1296 4210; x_wconf 94' lang='lat' dir='ltr'>urbs</span> <span class='ocrx_word' id='word_1_333' title='bbox 1319 4148 1354 4210; x_wconf 92' lang='lat' dir='ltr'>in</span> <span class='ocrx_word' id='word_1_334' title='bbox 1374 4147 1451 4211; x_wconf 89' lang='lat' dir='ltr'>urhe</span> <span class='ocrx_word' id='word_1_335' title='bbox 1474 4147 1637 4224; x_wconf 80' lang='lat' dir='ltr'>servanda.</span> 
     </span>
     <span class='ocr_line' id='line_1_33' title="bbox 315 4241 1637 4324; baseline -0.002 -18"><span class='ocrx_word' id='word_1_336' title='bbox 315 4241 366 4306; x_wconf 85' lang='grc'><strong>67.</strong></span> <span class='ocrx_word' id='word_1_337' title='bbox 387 4243 506 4307; x_wconf 89' lang='lat' dir='ltr'>Eadem</span> <span class='ocrx_word' id='word_1_338' title='bbox 527 4241 639 4324; x_wconf 90' lang='lat' dir='ltr'>igitur,</span> <span class='ocrx_word' id='word_1_339' title='bbox 662 4241 764 4314; x_wconf 81' lang='lat' dir='ltr'>Cassi,</span> <span class='ocrx_word' id='word_1_340' title='bbox 785 4242 837 4303; x_wconf 84' lang='lat' dir='ltr'>via</span> <span class='ocrx_word' id='word_1_341' title='bbox 858 4241 979 4303; x_wconf 89' lang='lat' dir='ltr'>munita</span> <span class='ocrx_word' id='word_1_342' title='bbox 999 4241 1162 4304; x_wconf 87' lang='lat' dir='ltr'>Laterensi</span> <span class='ocrx_word' id='word_1_343' title='bbox 1193 4248 1257 4316; x_wconf 89' lang='lat' dir='ltr'>est,</span> <span class='ocrx_word' id='word_1_344' title='bbox 1286 4242 1371 4304; x_wconf 91' lang='lat' dir='ltr'>idem</span> <span class='ocrx_word' id='word_1_345' title='bbox 1394 4242 1500 4305; x_wconf 84' lang='lat' dir='ltr'>virtuti</span> <span class='ocrx_word' id='word_1_346' title='bbox 1529 4262 1637 4305; x_wconf 90' lang='lat' dir='ltr'>cursus</span> 
     </span>
     <span class='ocr_line' id='line_1_34' title="bbox 316 4335 1637 4420; baseline -0.002 -19"><span class='ocrx_word' id='word_1_347' title='bbox 316 4338 356 4401; x_wconf 91' lang='lat' dir='ltr'>ad</span> <span class='ocrx_word' id='word_1_348' title='bbox 378 4338 525 4420; x_wconf 85' lang='lat' dir='ltr'>gloriam,</span> <span class='ocrx_word' id='word_1_349' title='bbox 553 4337 616 4399; x_wconf 88' lang='lat' dir='ltr'>hoc</span> <span class='ocrx_word' id='word_1_350' title='bbox 638 4336 760 4400; x_wconf 82' lang='lat' dir='ltr'>facilior</span> <span class='ocrx_word' id='word_1_351' title='bbox 780 4337 930 4410; x_wconf 82' lang='lat' dir='ltr'>fortasse,</span> <span class='ocrx_word' id='word_1_352' title='bbox 960 4335 1047 4419; x_wconf 93' lang='lat' dir='ltr'>quod</span> <span class='ocrx_word' id='word_1_353' title='bbox 1069 4355 1128 4417; x_wconf 85' lang='lat' dir='ltr'>ego</span> <span class='ocrx_word' id='word_1_354' title='bbox 1149 4335 1212 4398; x_wconf 93' lang='lat' dir='ltr'>huc</span> <span class='ocrx_word' id='word_1_355' title='bbox 1233 4356 1253 4399; x_wconf 91' lang='lat' dir='ltr'>a</span> <span class='ocrx_word' id='word_1_356' title='bbox 1274 4356 1324 4399; x_wconf 89' lang='lat' dir='ltr'>me</span> <span class='ocrx_word' id='word_1_357' title='bbox 1347 4344 1434 4400; x_wconf 90' lang='lat' dir='ltr'>ortus</span> <span class='ocrx_word' id='word_1_358' title='bbox 1456 4343 1488 4399; x_wconf 89' lang='lat' dir='ltr'>et</span> <span class='ocrx_word' id='word_1_359' title='bbox 1509 4357 1566 4420; x_wconf 87' lang='lat' dir='ltr'>per</span> <span class='ocrx_word' id='word_1_360' title='bbox 1587 4356 1637 4399; x_wconf 90' lang='lat' dir='ltr'>me</span> 
     </span>
     <span class='ocr_line' id='line_1_35' title="bbox 316 4428 1638 4513; baseline -0.002 -18"><span class='ocrx_word' id='word_1_361' title='bbox 316 4432 410 4495; x_wconf 85' lang='lat' dir='ltr'>nixus</span> <span class='ocrx_word' id='word_1_362' title='bbox 435 4430 601 4504; x_wconf 88' lang='lat' dir='ltr'>adscendi,</span> <span class='ocrx_word' id='word_1_363' title='bbox 628 4431 719 4494; x_wconf 84' lang='lat' dir='ltr'>istius</span> <span class='ocrx_word' id='word_1_364' title='bbox 746 4433 871 4513; x_wconf 89' lang='lat' dir='ltr'>egregia</span> <span class='ocrx_word' id='word_1_365' title='bbox 899 4431 999 4494; x_wconf 82' lang='lat' dir='ltr'>virtus</span> <span class='ocrx_word' id='word_1_366' title='bbox 1021 4428 1221 4493; x_wconf 88' lang='lat' dir='ltr'>adiuvabitur</span> <span class='ocrx_word' id='word_1_367' title='bbox 1243 4429 1517 4496; x_wconf 85' lang='lat' dir='ltr'>commendatione</span> <span class='ocrx_word' id='word_1_368' title='bbox 1539 4432 1638 4494; x_wconf 88' lang='lat' dir='ltr'>maio·</span> 
     </span>
    </p>
   </div>
   <div class='ocr_carea' id='block_1_3' title="bbox 315 4800 1638 5840">
    <p class='ocr_par' dir='ltr' id='par_1_3' title="bbox 315 4800 1638 5840">
     <span class='ocr_line' id='line_1_36' title="bbox 383 4800 1633 4863; baseline 0 -9"><span class='ocrx_word' id='word_1_369' title='bbox 383 4802 408 4854; x_wconf 82' lang='lat' dir='ltr'>l.</span> <span class='ocrx_word' id='word_1_370' title='bbox 424 4802 565 4852; x_wconf 68' lang='lat' dir='ltr'>tutor-</span> <span class='ocrx_word' id='word_1_371' title='bbox 583 4800 738 4862; x_wconf 59' lang='lat' dir='ltr'>masupia</span> <span class='ocrx_word' id='word_1_372' title='bbox 754 4802 816 4850; x_wconf 88' lang='lat' dir='ltr'>TE:</span> <span class='ocrx_word' id='word_1_373' title='bbox 835 4801 1069 4863; x_wconf 77' lang='lat' dir='ltr'>municipibuso-</span> <span class='ocrx_word' id='word_1_374' title='bbox 1084 4801 1449 4852; x_wconf 73' lang='lat' dir='ltr'>nbrtlueueabomolme—</span> <span class='ocrx_word' id='word_1_375' title='bbox 1467 4804 1633 4854; x_wconf 66' lang='lat' dir='ltr'>hermil—</span> 
     </span>
     <span class='ocr_line' id='line_1_37' title="bbox 336 4876 1634 4939; baseline 0.002 -12"><span class='ocrx_word' id='word_1_376' title='bbox 336 4877 498 4928; x_wconf 84' lang='lat' dir='ltr'>.decebomT</span> <span class='ocrx_word' id='word_1_377' title='bbox 512 4905 539 4912; x_wconf 79' lang='lat'><em>-</em></span> <span class='ocrx_word' id='word_1_378' title='bbox 557 4876 581 4926; x_wconf 80' lang='lat' dir='ltr'>T.</span> <span class='ocrx_word' id='word_1_379' title='bbox 597 4877 683 4938; x_wconf 81' lang='lat' dir='ltr'>populi</span> <span class='ocrx_word' id='word_1_380' title='bbox 701 4890 733 4925; x_wconf 82' lang='lat' dir='ltr'>.r.</span> <span class='ocrx_word' id='word_1_381' title='bbox 746 4877 803 4939; x_wconf 85' lang='lat' dir='ltr'>T‚-</span> <span class='ocrx_word' id='word_1_382' title='bbox 817 4877 840 4927; x_wconf 83' lang='lat'>9.</span> <span class='ocrx_word' id='word_1_383' title='bbox 854 4879 880 4925; x_wconf 86' lang='lat' dir='ltr'>lu</span> <span class='ocrx_word' id='word_1_384' title='bbox 896 4877 933 4924; x_wconf 79' lang='lat' dir='ltr'>tris</span> <span class='ocrx_word' id='word_1_385' title='bbox 948 4877 1008 4925; x_wconf 76' lang='lat' dir='ltr'>locis</span> <span class='ocrx_word' id='word_1_386' title='bbox 1023 4877 1099 4926; x_wconf 77' lang='lat' dir='ltr'>soleat</span> <span class='ocrx_word' id='word_1_387' title='bbox 1116 4889 1166 4926; x_wconf 79' lang='lat' dir='ltr'>osse</span> <span class='ocrx_word' id='word_1_388' title='bbox 1177 4877 1237 4934; x_wconf 87' lang='lat' dir='ltr'>TE;</span> <span class='ocrx_word' id='word_1_389' title='bbox 1256 4877 1332 4926; x_wconf 77' lang='lat' dir='ltr'>sotem</span> <span class='ocrx_word' id='word_1_390' title='bbox 1348 4889 1398 4926; x_wconf 79' lang='lat' dir='ltr'>cmc</span> <span class='ocrx_word' id='word_1_391' title='bbox 1413 4878 1440 4927; x_wconf 79' lang='lat' dir='ltr'>io</span> <span class='ocrx_word' id='word_1_392' title='bbox 1456 4879 1488 4928; x_wconf 77' lang='lat' dir='ltr'>ita</span> <span class='ocrx_word' id='word_1_393' title='bbox 1503 4880 1593 4930; x_wconf 72' lang='lat' dir='ltr'>botro</span> <span class='ocrx_word' id='word_1_394' title='bbox 1607 4908 1634 4916; x_wconf 94' lang='lat'><em>-</em></span> 
     </span>
     <span class='ocr_line' id='line_1_38' title="bbox 319 4949 1634 5014; baseline 0.004 -13"><span class='ocrx_word' id='word_1_395' title='bbox 319 4952 358 5001; x_wconf 78' lang='lat' dir='ltr'>to.</span> <span class='ocrx_word' id='word_1_396' title='bbox 367 4952 459 5013; x_wconf 70' lang='lat' dir='ltr'>perer</span> <span class='ocrx_word' id='word_1_397' title='bbox 473 4977 500 4986; x_wconf 95' lang='lat'>—</span> <span class='ocrx_word' id='word_1_398' title='bbox 520 4952 559 5000; x_wconf 89' lang='grc'><strong>44.</strong></span> <span class='ocrx_word' id='word_1_399' title='bbox 571 4963 691 5000; x_wconf 83' lang='lat' dir='ltr'>camom.</span> <span class='ocrx_word' id='word_1_400' title='bbox 705 4950 759 4998; x_wconf 83' lang='lat' dir='ltr'>T—</span> <span class='ocrx_word' id='word_1_401' title='bbox 778 4964 817 4999; x_wconf 83' lang='lat' dir='ltr'>ure</span> <span class='ocrx_word' id='word_1_402' title='bbox 833 4951 853 5014; x_wconf 88' lang='lat' dir='ltr'>e]</span> <span class='ocrx_word' id='word_1_403' title='bbox 871 4951 972 5010; x_wconf 73' lang='lat' dir='ltr'>rueaT;</span> <span class='ocrx_word' id='word_1_404' title='bbox 990 4952 1114 5010; x_wconf 83' lang='lat' dir='ltr'>meaeE;</span> <span class='ocrx_word' id='word_1_405' title='bbox 1133 4964 1189 5000; x_wconf 85' lang='lat' dir='ltr'>mec</span> <span class='ocrx_word' id='word_1_406' title='bbox 1202 4949 1366 5010; x_wconf 81' lang='lat' dir='ltr'>tl&#39;uuderus;</span> <span class='ocrx_word' id='word_1_407' title='bbox 1385 4964 1424 5001; x_wconf 81' lang='lat' dir='ltr'>ors</span> <span class='ocrx_word' id='word_1_408' title='bbox 1440 4953 1634 5005; x_wconf 85' lang='lat' dir='ltr'>deFreundlus.</span> 
     </span>
     <span class='ocr_line' id='line_1_39' title="bbox 318 5024 1638 5091; baseline 0.002 -15"><span class='ocrx_word' id='word_1_409' title='bbox 318 5025 356 5076; x_wconf 88' lang='lat' dir='ltr'>Cl.</span> <span class='ocrx_word' id='word_1_410' title='bbox 369 5039 394 5076; x_wconf 81' lang='lat' dir='ltr'>v.</span> <span class='ocrx_word' id='word_1_411' title='bbox 407 5027 423 5075; x_wconf 83' lang='lat'><strong>8</strong></span> <span class='ocrx_word' id='word_1_412' title='bbox 434 5028 461 5075; x_wconf 89' lang='lat' dir='ltr'>et</span> <span class='ocrx_word' id='word_1_413' title='bbox 472 5026 512 5075; x_wconf 75' lang='lat' dir='ltr'>la.</span> <span class='ocrx_word' id='word_1_414' title='bbox 526 5052 553 5061; x_wconf 96' lang='lat'>-</span> <span class='ocrx_word' id='word_1_415' title='bbox 567 5026 699 5086; x_wconf 72' lang='lat' dir='ltr'>provintia</span> <span class='ocrx_word' id='word_1_416' title='bbox 714 5026 827 5075; x_wconf 83' lang='lat' dir='ltr'>deoch</span> <span class='ocrx_word' id='word_1_417' title='bbox 842 5053 868 5060; x_wconf 91' lang='lat'>—</span> <span class='ocrx_word' id='word_1_418' title='bbox 888 5026 927 5075; x_wconf 77' lang='lat' dir='ltr'>ta.</span> <span class='ocrx_word' id='word_1_419' title='bbox 940 5027 1027 5088; x_wconf 76' lang='lat' dir='ltr'>inquld</span> <span class='ocrx_word' id='word_1_420' title='bbox 1038 5028 1071 5085; x_wconf 88' lang='lat' dir='ltr'>T;</span> <span class='ocrx_word' id='word_1_421' title='bbox 1090 5027 1154 5076; x_wconf 88' lang='lat' dir='ltr'>item</span> <span class='ocrx_word' id='word_1_422' title='bbox 1165 5040 1190 5075; x_wconf 87' lang='lat' dir='ltr'>v.</span> <span class='ocrx_word' id='word_1_423' title='bbox 1205 5024 1245 5075; x_wconf 80' lang='lat' dir='ltr'>tt.</span> <span class='ocrx_word' id='word_1_424' title='bbox 1261 5053 1286 5061; x_wconf 88' lang='lat'><strong>—</strong></span> <span class='ocrx_word' id='word_1_425' title='bbox 1306 5026 1346 5076; x_wconf 99' lang='grc'><strong>43.</strong></span> <span class='ocrx_word' id='word_1_426' title='bbox 1359 5026 1463 5077; x_wconf 64' lang='lat' dir='ltr'>micitia</span> <span class='ocrx_word' id='word_1_427' title='bbox 1476 5029 1638 5091; x_wconf 80' lang='lat' dir='ltr'>inquantum</span> 
     </span>
     <span class='ocr_line' id='line_1_40' title="bbox 317 5100 1638 5166; baseline 0.005 -17"><span class='ocrx_word' id='word_1_428' title='bbox 317 5102 419 5162; x_wconf 75' lang='lat' dir='ltr'>quidam</span> <span class='ocrx_word' id='word_1_429' title='bbox 435 5101 477 5162; x_wconf 80' lang='lat' dir='ltr'>qai</span> <span class='ocrx_word' id='word_1_430' title='bbox 495 5102 556 5162; x_wconf 79' lang='lat' dir='ltr'>lom.</span> <span class='ocrx_word' id='word_1_431' title='bbox 569 5101 650 5162; x_wconf 78' lang='lat' dir='ltr'>quast)</span> <span class='ocrx_word' id='word_1_432' title='bbox 666 5100 686 5149; x_wconf 92' lang='lat' dir='ltr'>T</span> <span class='ocrx_word' id='word_1_433' title='bbox 705 5127 733 5137; x_wconf 92' lang='lat'><em>-</em></span> <span class='ocrx_word' id='word_1_434' title='bbox 752 5100 791 5150; x_wconf 80' lang='lat' dir='ltr'>tt.</span> <span class='ocrx_word' id='word_1_435' title='bbox 810 5106 964 5163; x_wconf 80' lang='lat' dir='ltr'>quaestorem</span> <span class='ocrx_word' id='word_1_436' title='bbox 979 5102 1104 5163; x_wconf 68' lang='lat' dir='ltr'>syracus</span> <span class='ocrx_word' id='word_1_437' title='bbox 1119 5103 1153 5163; x_wconf 87' lang='lat' dir='ltr'>E,</span> <span class='ocrx_word' id='word_1_438' title='bbox 1172 5106 1309 5164; x_wconf 69' lang='lat' dir='ltr'>caesuram</span> <span class='ocrx_word' id='word_1_439' title='bbox 1324 5102 1487 5153; x_wconf 62' lang='lat' dir='ltr'>strumam</span> <span class='ocrx_word' id='word_1_440' title='bbox 1505 5105 1638 5166; x_wconf 67' lang='lat' dir='ltr'>sommas</span> 
     </span>
     <span class='ocr_line' id='line_1_41' title="bbox 317 5175 1636 5240; baseline 0.002 -14"><span class='ocrx_word' id='word_1_441' title='bbox 317 5176 505 5236; x_wconf 64' lang='lat' dir='ltr'>marono</span> <span class='ocrx_word' id='word_1_442' title='bbox 525 5202 551 5211; x_wconf 95' lang='lat'><em>-</em></span> <span class='ocrx_word' id='word_1_443' title='bbox 571 5177 610 5226; x_wconf 84' lang='grc'><strong>45.</strong></span> <span class='ocrx_word' id='word_1_444' title='bbox 629 5189 662 5226; x_wconf 79' lang='lat' dir='ltr'>ec</span> <span class='ocrx_word' id='word_1_445' title='bbox 677 5176 714 5225; x_wconf 78' lang='lat' dir='ltr'>his</span> <span class='ocrx_word' id='word_1_446' title='bbox 730 5177 749 5223; x_wconf 90' lang='lat' dir='ltr'><strong>T</strong></span> <span class='ocrx_word' id='word_1_447' title='bbox 767 5202 794 5210; x_wconf 95' lang='lat'><em>-</em></span> <span class='ocrx_word' id='word_1_448' title='bbox 814 5177 844 5225; x_wconf 83' lang='grc'>46</span> <span class='ocrx_word' id='word_1_449' title='bbox 872 5177 922 5226; x_wconf 84' lang='lat' dir='ltr'>Sed</span> <span class='ocrx_word' id='word_1_450' title='bbox 937 5191 968 5226; x_wconf 88' lang='lat' dir='ltr'>eo</span> <span class='ocrx_word' id='word_1_451' title='bbox 983 5177 1201 5240; x_wconf 77' lang='lat' dir='ltr'>res--grotututi</span> <span class='ocrx_word' id='word_1_452' title='bbox 1218 5175 1299 5226; x_wconf 88' lang='lat' dir='ltr'>habet</span> <span class='ocrx_word' id='word_1_453' title='bbox 1315 5179 1335 5226; x_wconf 85' lang='grc' dir='ltr'><strong>Α</strong></span> <span class='ocrx_word' id='word_1_454' title='bbox 1356 5202 1384 5212; x_wconf 92' lang='lat'><em>-</em></span> <span class='ocrx_word' id='word_1_455' title='bbox 1401 5177 1463 5227; x_wconf 80' lang='lat' dir='ltr'>baut</span> <span class='ocrx_word' id='word_1_456' title='bbox 1479 5179 1540 5239; x_wconf 89' lang='lat' dir='ltr'>TE;</span> <span class='ocrx_word' id='word_1_457' title='bbox 1560 5180 1636 5230; x_wconf 80' lang='lat' dir='ltr'>cath</span> 
     </span>
     <span class='ocr_line' id='line_1_42' title="bbox 319 5250 1635 5318; baseline 0.002 -19"><span class='ocrx_word' id='word_1_458' title='bbox 319 5276 346 5285; x_wconf 94' lang='lat'>—</span> <span class='ocrx_word' id='word_1_459' title='bbox 362 5251 443 5313; x_wconf 73' lang='lat' dir='ltr'>pluris</span> <span class='ocrx_word' id='word_1_460' title='bbox 461 5250 522 5299; x_wconf 81' lang='lat' dir='ltr'>mitri</span> <span class='ocrx_word' id='word_1_461' title='bbox 535 5250 612 5312; x_wconf 74' lang='lat' dir='ltr'>[uerit</span> <span class='ocrx_word' id='word_1_462' title='bbox 627 5253 649 5303; x_wconf 79' lang='lat' dir='ltr'>A</span> <span class='ocrx_word' id='word_1_463' title='bbox 667 5276 694 5286; x_wconf 93' lang='lat'><em>-</em></span> <span class='ocrx_word' id='word_1_464' title='bbox 720 5251 760 5300; x_wconf 79' lang='grc' dir='ltr'><strong>Π.</strong></span> <span class='ocrx_word' id='word_1_465' title='bbox 777 5251 900 5314; x_wconf 76' lang='lat' dir='ltr'>gratulati</span> <span class='ocrx_word' id='word_1_466' title='bbox 916 5253 966 5301; x_wconf 78' lang='grc' dir='ltr'>ΔΤ</span> <span class='ocrx_word' id='word_1_467' title='bbox 978 5253 1009 5302; x_wconf 88' lang='lat' dir='ltr'>E:</span> <span class='ocrx_word' id='word_1_468' title='bbox 1032 5252 1201 5315; x_wconf 77' lang='lat' dir='ltr'>congratulati</span> <span class='ocrx_word' id='word_1_469' title='bbox 1217 5253 1237 5300; x_wconf 94' lang='lat'>0</span> <span class='ocrx_word' id='word_1_470' title='bbox 1254 5278 1286 5286; x_wconf 98' lang='lat'>—</span> <span class='ocrx_word' id='word_1_471' title='bbox 1308 5252 1348 5302; x_wconf 91' lang='grc'><strong>48.</strong></span> <span class='ocrx_word' id='word_1_472' title='bbox 1364 5253 1451 5315; x_wconf 79' lang='lat' dir='ltr'>populi</span> <span class='ocrx_word' id='word_1_473' title='bbox 1468 5251 1507 5318; x_wconf 76' lang='lat' dir='ltr'>lt]</span> <span class='ocrx_word' id='word_1_474' title='bbox 1532 5265 1581 5316; x_wconf 70' lang='lat' dir='ltr'>pr.</span> <span class='ocrx_word' id='word_1_475' title='bbox 1600 5254 1635 5311; x_wconf 89' lang='lat' dir='ltr'>T;</span> 
     </span>
     <span class='ocr_line' id='line_1_43' title="bbox 319 5325 1634 5388; baseline 0.002 -14"><span class='ocrx_word' id='word_1_476' title='bbox 319 5339 353 5387; x_wconf 85' lang='lat' dir='ltr'>.p.</span> <span class='ocrx_word' id='word_1_477' title='bbox 371 5328 399 5375; x_wconf 85' lang='lat' dir='ltr'>ll.</span> <span class='ocrx_word' id='word_1_478' title='bbox 418 5326 451 5383; x_wconf 75' lang='lat' dir='ltr'>E,</span> <span class='ocrx_word' id='word_1_479' title='bbox 474 5326 565 5388; x_wconf 80' lang='lat' dir='ltr'>populo</span> <span class='ocrx_word' id='word_1_480' title='bbox 586 5326 696 5374; x_wconf 82' lang='lat' dir='ltr'>llomono</span> <span class='ocrx_word' id='word_1_481' title='bbox 713 5328 733 5373; x_wconf 83' lang='lat'>0</span> <span class='ocrx_word' id='word_1_482' title='bbox 752 5351 779 5360; x_wconf 90' lang='lat'><em>-</em></span> <span class='ocrx_word' id='word_1_483' title='bbox 803 5327 873 5374; x_wconf 65' lang='lat' dir='ltr'>auris</span> <span class='ocrx_word' id='word_1_484' title='bbox 892 5325 950 5375; x_wconf 79' lang='grc' dir='ltr'>ΤΕ1</span> <span class='ocrx_word' id='word_1_485' title='bbox 974 5353 1000 5363; x_wconf 96' lang='grc'>-</span> <span class='ocrx_word' id='word_1_486' title='bbox 1024 5327 1188 5378; x_wconf 74' lang='lat' dir='ltr'>labilioresT</span> <span class='ocrx_word' id='word_1_487' title='bbox 1208 5354 1235 5363; x_wconf 95' lang='lat'>-</span> <span class='ocrx_word' id='word_1_488' title='bbox 1260 5327 1362 5377; x_wconf 80' lang='lat' dir='ltr'>ocrtsT</span> <span class='ocrx_word' id='word_1_489' title='bbox 1385 5354 1412 5364; x_wconf 89' lang='lat'>·-</span> <span class='ocrx_word' id='word_1_490' title='bbox 1436 5328 1478 5379; x_wconf 74' lang='lat'>20.</span> <span class='ocrx_word' id='word_1_491' title='bbox 1496 5329 1585 5379; x_wconf 80' lang='lat' dir='ltr'>cotidie</span> <span class='ocrx_word' id='word_1_492' title='bbox 1602 5329 1634 5386; x_wconf 89' lang='lat' dir='ltr'>T;</span> 
     </span>
     <span class='ocr_line' id='line_1_44' title="bbox 315 5399 1636 5466; baseline 0.001 -16"><span class='ocrx_word' id='word_1_493' title='bbox 315 5401 413 5450; x_wconf 78' lang='lat' dir='ltr'>cottidie</span> <span class='ocrx_word' id='word_1_494' title='bbox 429 5400 448 5449; x_wconf 87' lang='lat' dir='ltr'>E</span> <span class='ocrx_word' id='word_1_495' title='bbox 467 5427 494 5436; x_wconf 94' lang='lat'><em>-</em></span> <span class='ocrx_word' id='word_1_496' title='bbox 509 5406 665 5462; x_wconf 74' lang='lat' dir='ltr'>promentem</span> <span class='ocrx_word' id='word_1_497' title='bbox 681 5401 753 5461; x_wconf 73' lang='lat' dir='ltr'>[pres.</span> <span class='ocrx_word' id='word_1_498' title='bbox 767 5399 794 5463; x_wconf 76' lang='grc' dir='ltr'>Τ)</span> <span class='ocrx_word' id='word_1_499' title='bbox 812 5413 851 5450; x_wconf 84' lang='lat' dir='ltr'>me</span> <span class='ocrx_word' id='word_1_500' title='bbox 867 5402 928 5450; x_wconf 87' lang='lat' dir='ltr'>TE:</span> <span class='ocrx_word' id='word_1_501' title='bbox 951 5414 991 5450; x_wconf 70' lang='lat' dir='ltr'>rire</span> <span class='ocrx_word' id='word_1_502' title='bbox 1003 5403 1194 5463; x_wconf 69' lang='lat' dir='ltr'>praesentabo</span> <span class='ocrx_word' id='word_1_503' title='bbox 1215 5430 1240 5438; x_wconf 95' lang='lat'><em>-</em></span> <span class='ocrx_word' id='word_1_504' title='bbox 1260 5404 1300 5452; x_wconf 76' lang='lat' dir='ltr'>al.</span> <span class='ocrx_word' id='word_1_505' title='bbox 1317 5402 1401 5464; x_wconf 73' lang='lat' dir='ltr'>[mauu</span> <span class='ocrx_word' id='word_1_506' title='bbox 1417 5403 1593 5466; x_wconf 82' lang='lat' dir='ltr'>Pantagathus</span> <span class='ocrx_word' id='word_1_507' title='bbox 1609 5404 1636 5451; x_wconf 90' lang='lat' dir='ltr'>et</span> 
     </span>
     <span class='ocr_line' id='line_1_45' title="bbox 317 5474 1636 5540; baseline 0.002 -16"><span class='ocrx_word' id='word_1_508' title='bbox 317 5475 370 5525; x_wconf 90' lang='lat' dir='ltr'>duo</span> <span class='ocrx_word' id='word_1_509' title='bbox 387 5474 465 5526; x_wconf 88' lang='lat' dir='ltr'>codd.</span> <span class='ocrx_word' id='word_1_510' title='bbox 484 5475 599 5525; x_wconf 81' lang='lat' dir='ltr'>omnm:</span> <span class='ocrx_word' id='word_1_511' title='bbox 621 5487 707 5524; x_wconf 73' lang='lat' dir='ltr'>sonan</span> <span class='ocrx_word' id='word_1_512' title='bbox 723 5474 784 5534; x_wconf 77' lang='lat' dir='ltr'>TE3</span> <span class='ocrx_word' id='word_1_513' title='bbox 809 5476 842 5526; x_wconf 86' lang='lat' dir='ltr'>el.</span> <span class='ocrx_word' id='word_1_514' title='bbox 861 5489 915 5525; x_wconf 86' lang='lat' dir='ltr'>var.</span> <span class='ocrx_word' id='word_1_515' title='bbox 935 5475 994 5525; x_wconf 88' lang='lat' dir='ltr'>lect.</span> <span class='ocrx_word' id='word_1_516' title='bbox 1013 5490 1038 5540; x_wconf 94' lang='lat' dir='ltr'>p.</span> <span class='ocrx_word' id='word_1_517' title='bbox 1058 5478 1131 5538; x_wconf 75' lang='lat' dir='ltr'>llll,</span> <span class='ocrx_word' id='word_1_518' title='bbox 1151 5477 1191 5527; x_wconf 86' lang='grc'><strong>49.</strong></span> <span class='ocrx_word' id='word_1_519' title='bbox 1211 5503 1237 5512; x_wconf 93' lang='grc'>-</span> <span class='ocrx_word' id='word_1_520' title='bbox 1263 5489 1421 5540; x_wconf 63' lang='lat' dir='ltr'>congressam</span> <span class='ocrx_word' id='word_1_521' title='bbox 1437 5477 1485 5526; x_wconf 85' lang='lat' dir='ltr'>TE</span> <span class='ocrx_word' id='word_1_522' title='bbox 1503 5503 1530 5512; x_wconf 93' lang='lat'><em>-</em></span> <span class='ocrx_word' id='word_1_523' title='bbox 1554 5477 1595 5526; x_wconf 74' lang='lat'>22.</span> <span class='ocrx_word' id='word_1_524' title='bbox 1613 5481 1636 5526; x_wconf 83' lang='lat' dir='ltr'>et</span> 
     </span>
     <span class='ocr_line' id='line_1_46' title="bbox 316 5549 1634 5615; baseline -0.002 -14"><span class='ocrx_word' id='word_1_525' title='bbox 316 5551 375 5611; x_wconf 75' lang='lat' dir='ltr'>quid</span> <span class='ocrx_word' id='word_1_526' title='bbox 391 5550 440 5601; x_wconf 89' lang='lat' dir='ltr'>TE</span> <span class='ocrx_word' id='word_1_527' title='bbox 458 5575 485 5585; x_wconf 96' lang='lat'><em>-</em></span> <span class='ocrx_word' id='word_1_528' title='bbox 509 5549 551 5600; x_wconf 73' lang='lat'>23.</span> <span class='ocrx_word' id='word_1_529' title='bbox 569 5549 677 5599; x_wconf 78' lang='lat' dir='ltr'>ociorrsm</span> <span class='ocrx_word' id='word_1_530' title='bbox 694 5549 722 5609; x_wconf 88' lang='lat' dir='ltr'>T,</span> <span class='ocrx_word' id='word_1_531' title='bbox 739 5551 803 5600; x_wconf 85' lang='lat' dir='ltr'>item</span> <span class='ocrx_word' id='word_1_532' title='bbox 822 5549 985 5601; x_wconf 65' lang='lat' dir='ltr'>utletbti.</span> <span class='ocrx_word' id='word_1_533' title='bbox 1006 5576 1032 5586; x_wconf 88' lang='lat'><em>-</em></span> <span class='ocrx_word' id='word_1_534' title='bbox 1058 5549 1099 5600; x_wconf 75' lang='lat' dir='ltr'>il.</span> <span class='ocrx_word' id='word_1_535' title='bbox 1117 5549 1169 5615; x_wconf 82' lang='lat' dir='ltr'>bos]</span> <span class='ocrx_word' id='word_1_536' title='bbox 1189 5551 1247 5600; x_wconf 91' lang='lat' dir='ltr'>lurt.</span> <span class='ocrx_word' id='word_1_537' title='bbox 1265 5563 1308 5601; x_wconf 78' lang='lat' dir='ltr'>eos</span> <span class='ocrx_word' id='word_1_538' title='bbox 1326 5578 1353 5586; x_wconf 92' lang='lat'><em>-</em></span> <span class='ocrx_word' id='word_1_539' title='bbox 1371 5550 1412 5600; x_wconf 74' lang='lat'>26.</span> <span class='ocrx_word' id='word_1_540' title='bbox 1430 5551 1551 5614; x_wconf 72' lang='lat' dir='ltr'>originem</span> <span class='ocrx_word' id='word_1_541' title='bbox 1568 5551 1587 5599; x_wconf 89' lang='grc' dir='ltr'>Τ</span> <span class='ocrx_word' id='word_1_542' title='bbox 1606 5575 1634 5586; x_wconf 91' lang='grc'>-</span> 
     </span>
     <span class='ocr_line' id='line_1_47' title="bbox 315 5624 1634 5688; baseline -0.002 -13"><span class='ocrx_word' id='word_1_543' title='bbox 315 5624 356 5675; x_wconf 70' lang='grc'><strong>33.</strong></span> <span class='ocrx_word' id='word_1_544' title='bbox 374 5625 504 5675; x_wconf 72' lang='lat' dir='ltr'>ctoriorT</span> <span class='ocrx_word' id='word_1_545' title='bbox 523 5649 551 5661; x_wconf 93' lang='lat'>-</span> <span class='ocrx_word' id='word_1_546' title='bbox 569 5624 696 5674; x_wconf 74' lang='lat' dir='ltr'>heminton</span> <span class='ocrx_word' id='word_1_547' title='bbox 712 5625 773 5674; x_wconf 88' lang='lat' dir='ltr'>TE:</span> <span class='ocrx_word' id='word_1_548' title='bbox 792 5626 906 5674; x_wconf 70' lang='lat' dir='ltr'>virosam</span> <span class='ocrx_word' id='word_1_549' title='bbox 922 5625 942 5673; x_wconf 93' lang='lat'>0</span> <span class='ocrx_word' id='word_1_550' title='bbox 962 5651 988 5660; x_wconf 94' lang='lat'>-</span> <span class='ocrx_word' id='word_1_551' title='bbox 1007 5625 1048 5675; x_wconf 74' lang='lat'>28.</span> <span class='ocrx_word' id='word_1_552' title='bbox 1066 5626 1162 5688; x_wconf 75' lang='lat' dir='ltr'>negocii</span> <span class='ocrx_word' id='word_1_553' title='bbox 1178 5626 1198 5674; x_wconf 89' lang='lat' dir='ltr'>T</span> <span class='ocrx_word' id='word_1_554' title='bbox 1218 5653 1244 5662; x_wconf 94' lang='lat'>-</span> <span class='ocrx_word' id='word_1_555' title='bbox 1262 5626 1349 5688; x_wconf 78' lang='lat' dir='ltr'>ltaque</span> <span class='ocrx_word' id='word_1_556' title='bbox 1365 5624 1428 5674; x_wconf 89' lang='lat' dir='ltr'>TE:</span> <span class='ocrx_word' id='word_1_557' title='bbox 1451 5625 1491 5674; x_wconf 82' lang='lat' dir='ltr'>lto</span> <span class='ocrx_word' id='word_1_558' title='bbox 1507 5626 1527 5674; x_wconf 95' lang='lat'>0</span> <span class='ocrx_word' id='word_1_559' title='bbox 1546 5651 1572 5659; x_wconf 94' lang='lat'>-</span> <span class='ocrx_word' id='word_1_560' title='bbox 1592 5625 1634 5674; x_wconf 86' lang='grc'><strong>36.</strong></span> 
     </span>
     <span class='ocr_line' id='line_1_48' title="bbox 315 5698 1635 5765; baseline -0.002 -15"><span class='ocrx_word' id='word_1_561' title='bbox 315 5710 372 5750; x_wconf 83' lang='lat' dir='ltr'>meo</span> <span class='ocrx_word' id='word_1_562' title='bbox 387 5713 452 5763; x_wconf 80' lang='lat' dir='ltr'>qaae</span> <span class='ocrx_word' id='word_1_563' title='bbox 467 5701 487 5749; x_wconf 97' lang='lat' dir='ltr'>T</span> <span class='ocrx_word' id='word_1_564' title='bbox 500 5725 527 5735; x_wconf 91' lang='lat'>-</span> <span class='ocrx_word' id='word_1_565' title='bbox 545 5698 650 5765; x_wconf 79' lang='lat' dir='ltr'>quoque]</span> <span class='ocrx_word' id='word_1_566' title='bbox 665 5712 726 5761; x_wconf 81' lang='lat' dir='ltr'>quos</span> <span class='ocrx_word' id='word_1_567' title='bbox 741 5700 761 5750; x_wconf 88' lang='grc' dir='ltr'>Τ</span> <span class='ocrx_word' id='word_1_568' title='bbox 776 5727 802 5737; x_wconf 95' lang='grc'>-</span> <span class='ocrx_word' id='word_1_569' title='bbox 821 5700 862 5751; x_wconf 75' lang='lat'>32.</span> <span class='ocrx_word' id='word_1_570' title='bbox 879 5701 1133 5750; x_wconf 72' lang='lat' dir='ltr'>amens--osoenot</span> <span class='ocrx_word' id='word_1_571' title='bbox 1150 5699 1231 5751; x_wconf 84' lang='lat' dir='ltr'>habet</span> <span class='ocrx_word' id='word_1_572' title='bbox 1247 5702 1308 5751; x_wconf 79' lang='lat' dir='ltr'>A·</span> <span class='ocrx_word' id='word_1_573' title='bbox 1327 5700 1455 5750; x_wconf 71' lang='lat' dir='ltr'>muretus</span> <span class='ocrx_word' id='word_1_574' title='bbox 1470 5701 1518 5753; x_wconf 88' lang='lat' dir='ltr'>TE</span> <span class='ocrx_word' id='word_1_575' title='bbox 1537 5726 1564 5738; x_wconf 91' lang='lat'>·-</span> <span class='ocrx_word' id='word_1_576' title='bbox 1582 5701 1635 5750; x_wconf 79' lang='lat' dir='ltr'>ulr-</span> 
     </span>
     <span class='ocr_line' id='line_1_49' title="bbox 315 5772 1401 5840; baseline 0 -16"><span class='ocrx_word' id='word_1_577' title='bbox 315 5775 362 5824; x_wconf 77' lang='lat' dir='ltr'>tutt</span> <span class='ocrx_word' id='word_1_578' title='bbox 378 5774 440 5826; x_wconf 82' lang='lat' dir='ltr'>TE:</span> <span class='ocrx_word' id='word_1_579' title='bbox 457 5775 593 5827; x_wconf 65' lang='lat' dir='ltr'>maltro</span> <span class='ocrx_word' id='word_1_580' title='bbox 610 5798 638 5812; x_wconf 90' lang='lat'>-</span> <span class='ocrx_word' id='word_1_581' title='bbox 657 5772 697 5827; x_wconf 82' lang='grc'><strong>33.</strong></span> <span class='ocrx_word' id='word_1_582' title='bbox 715 5773 741 5840; x_wconf 86' lang='lat' dir='ltr'>o]</span> <span class='ocrx_word' id='word_1_583' title='bbox 759 5776 830 5827; x_wconf 71' lang='lat' dir='ltr'>odd</span> <span class='ocrx_word' id='word_1_584' title='bbox 849 5799 876 5812; x_wconf 87' lang='lat'>-</span> <span class='ocrx_word' id='word_1_585' title='bbox 895 5774 935 5826; x_wconf 83' lang='grc'><strong>34.</strong></span> <span class='ocrx_word' id='word_1_586' title='bbox 954 5775 1054 5828; x_wconf 74' lang='lat' dir='ltr'>mccodl</span> <span class='ocrx_word' id='word_1_587' title='bbox 1070 5775 1149 5828; x_wconf 79' lang='lat' dir='ltr'>arn</span> <span class='ocrx_word' id='word_1_588' title='bbox 1169 5798 1195 5814; x_wconf 90' lang='lat'>-</span> <span class='ocrx_word' id='word_1_589' title='bbox 1214 5775 1285 5828; x_wconf 74' lang='lat' dir='ltr'>lutae</span> <span class='ocrx_word' id='word_1_590' title='bbox 1300 5786 1353 5828; x_wconf 93' lang='lat' dir='ltr'>om.</span> <span class='ocrx_word' id='word_1_591' title='bbox 1373 5774 1401 5824; x_wconf 86' lang='lat' dir='ltr'>T.</span> 
     </span>
    </p>
   </div>
   <div class='ocr_carea' id='block_1_4' title="bbox 0 0 1904 7350">
    <p class='ocr_par' dir='ltr' id='par_1_4' title="bbox 0 0 1904 7350">
     <span class='ocr_line' id='line_1_50' title="bbox 0 0 1904 7350; baseline 0 0"><span class='ocrx_word' id='word_1_592' title='bbox 0 0 1904 7350; x_wconf 95' lang='lat' dir='ltr'> </span> 
     </span>
    </p>
   </div>
  </div>
 </body>
</html>
