3800 7350
343 1095 406 1163 990
748 1104 900 1171 ORATIO
922 1108 965 1172 IN
986 1109 1020 1172 P.
1042 1108 1239 1175 VATINIUM

344 1295 384 1337 ex
406 1283 437 1342 te
459 1297 593 1363 quaero:
624 1271 783 1339 Tribunus
805 1276 847 1359 pl.
869 1275 957 1340 luisti
979 1310 1020 1323 ·-
1042 1278 1171 1361 seiunge
1194 1284 1224 1341 te
1246 1298 1264 1341 a
1287 1281 1438 1345 consule:
1461 1315 1502 1330 -
1524 1283 1662 1368 collegas

343 1371 478 1439 habuisti
507 1371 591 1433 viros
619 1366 716 1433 iortes
738 1390 862 1433 novem.
904 1372 953 1432 Ex
975 1371 1015 1434 iis
1037 1379 1100 1435 tres
1122 1381 1225 1447 erant,
1254 1394 1335 1456 quos
1356 1384 1391 1438 tu
1416 1377 1558 1458 quotidie
1581 1376 1663 1440 scie-

342 1472 398 1534 bas
427 1486 550 1532 servare
579 1465 618 1526 de
641 1464 745 1539 caelo,
775 1486 855 1547 quos
877 1464 1046 1540 irridebas,
1078 1486 1160 1549 quos
1187 1468 1325 1551 privatos
1354 1489 1423 1532 esse
1450 1469 1592 1545 dicebas;
1623 1469 1662 1534 de

343 1564 458 1648 quibus
485 1563 565 1624 duos
593 1566 807 1641 praetextatos
833 1558 979 1622 sedentes
1008 1561 1114 1634 vides,
1148 1569 1178 1624 te
1200 1561 1376 1625 aediliciam
1398 1570 1591 1645 praetextam
1614 1571 1662 1626 to·

319 1679 430 1743 mam,
459 1674 551 1739 quam
573 1652 688 1715 frustra
715 1652 910 1727 confeceras,
938 1653 1138 1730 vendidisse,
1161 1655 1287 1718 tertium
1308 1656 1368 1718 scis
1390 1676 1430 1719 ex
1451 1656 1508 1719 illo
1530 1658 1660 1720 obsesso

342 1761 437 1836 atque
466 1749 583 1813 afflicto
610 1746 771 1809 tribunatu
801 1746 996 1809 consularem
1025 1749 1243 1811 auctoritatem
1271 1748 1431 1813 hominem
1463 1769 1533 1812 esse
1554 1749 1662 1813 adole-

341 1854 479 1912 scentem
508 1849 722 1907 consecutum.
766 1841 890 1923 Reliqui
918 1861 976 1904 sex
1008 1841 1150 1918 luerunt,
1179 1862 1196 1904 e
1224 1843 1340 1925 quibus
1361 1845 1475 1926 partim
1497 1843 1591 1926 plane
1614 1851 1663 1907 te·

342 1963 413 2006 eum
435 1936 626 2010 sentiebant,
649 1935 763 2017 partim
785 1934 923 1997 medium
943 1936 1101 2018 quendam
1124 1957 1249 2000 cursum
1270 1937 1434 2000 tenebant:
1464 1959 1573 2002 omnes
1605 1939 1662 2005 ha·

340 2039 477 2101 buerunt
508 2033 594 2113 leges
624 2028 851 2111 promulgatas,
884 2028 917 2089 in
946 2029 992 2091 eis
1021 2030 1134 2092 multas
1166 2050 1255 2093 meus
1276 2032 1481 2107 necessarius,
1504 2034 1599 2097 etiam
1621 2035 1661 2099 de

303 2156 332 2205 to
343 2151 412 2195 mea
442 2125 613 2197 sententia,
647 2122 679 2185 C.
701 2123 889 2196 Cosconius,
922 2122 1020 2185 iudex
1049 2131 1172 2197 noster,
1200 2144 1294 2206 quem
1321 2132 1354 2187 tu
1381 2125 1569 2211 dirumperis
1591 2149 1661 2192 cum

341 2222 521 2289 aedilicium
542 2217 640 2281 rides.
684 2211 697 2277 i
704 2213 734 2279 7.
755 2216 837 2278 Volo
858 2217 903 2279 uti
927 2216 1003 2278 mihi
1026 2217 1235 2300 respondeas,
1256 2239 1333 2280 num
1356 2220 1427 2301 quis
1445 2240 1485 2282 ex
1507 2229 1573 2284 toto
1596 2223 1661 2286 col·

340 2319 423 2402 legio
451 2315 553 2397 legem
579 2311 621 2375 sit
648 2330 743 2374 ausus
768 2309 851 2373 ferre
879 2318 1004 2393 praeter
1031 2330 1131 2374 unum
1162 2314 1215 2374 tet
1244 2332 1326 2395 quae
1354 2315 1491 2376 tantain
1514 2315 1661 2379 tefuerit

340 2410 490 2483 audacia,
519 2425 599 2491 quae
628 2412 713 2468 tanta
741 2403 806 2478 vis,
835 2411 887 2478 ut,
918 2404 1004 2486 quod
1036 2423 1149 2469 novem
1172 2406 1216 2469 tui
1238 2406 1379 2488 collegae
1401 2406 1460 2470 sibi
1483 2408 1659 2473 timendum

341 2528 410 2571 esse
439 2501 602 2575 duxerint,
631 2499 663 2562 id
691 2518 772 2561 unus
800 2505 850 2571 tu,
880 2516 1021 2562 emersus
1042 2519 1060 2562 e
1082 2519 1197 2575 caeno,
1228 2500 1368 2562 omnium
1396 2499 1490 2564 facile
1513 2502 1658 2565 omnibus

303 2627 331 2675 tc
340 2602 434 2665 rebus
456 2593 597 2669 iniimus,
619 2590 903 2666 contemnendum,
926 2591 1180 2675 despiciendum,
1202 2593 1397 2657 irridendum
1411 2597 1560 2677 putares?
1582 2615 1657 2659 num

340 2715 433 2781 quem
462 2698 535 2775 post
561 2686 672 2750 urbem
698 2685 857 2748 conditam
878 2686 960 2749 scias
981 2686 1142 2749 tribunum
1162 2688 1205 2770 pl.
1228 2688 1329 2771 egisse
1352 2708 1422 2750 cum
1444 2688 1554 2772 plebe,
1587 2709 1658 2752 cnm

340 2794 497 2854 constaret
524 2788 682 2847 servatum
709 2800 779 2843 esse
808 2780 847 2841 de
874 2780 988 2842 caelet
1032 2775 1082 2842 l8.
1106 2781 1205 2843 Simul
1233 2781 1326 2844 etiam
1348 2781 1426 2844 illud
1448 2781 1522 2844 volo
1543 2782 1589 2843 uti
1610 2800 1659 2843 re·

339 2883 510 2970 spondeas,
532 2895 602 2940 eum
625 2881 655 2937 te
678 2872 804 2936 tribuno
825 2872 868 2956 pl.
885 2881 970 2937 esset
992 2875 1086 2937 etiam
1108 2882 1172 2936 tum
1197 2875 1231 2937 in
1252 2896 1286 2938 re
1308 2876 1434 2958 publica
1456 2875 1510 2938 lex
1522 2874 1613 2939 Aelia
1627 2882 1659 2939 et

339 2974 441 3051 Fufia,
464 2990 545 3057 quae
566 2969 652 3051 leges
674 2986 769 3048 saepe
790 2986 921 3030 numero
943 2968 1124 3031 tribunicios
1138 2968 1260 3032 furores
1275 2969 1478 3033 debilitarunt
1491 2978 1522 3032 et
1535 2989 1659 3053 repres-

302 3076 463 3147 soserunt,
488 3084 566 3153 quas
588 3068 698 3125 contra
719 3068 841 3144 praeter
862 3069 892 3124 te
915 3081 1008 3125 nemo
1030 3081 1180 3145 umquam
1196 3062 1359 3126 estfacere
1374 3072 1505 3126 conatus
1519 3095 1561 3109 -·
1575 3083 1658 3146 quae

340 3164 470 3250 quidem
491 3161 578 3242 leges
599 3176 682 3219 annu
703 3162 792 3237 post,
820 3155 1003 3218 sedentibus
1030 3155 1064 3218 in
1093 3156 1209 3239 templo
1232 3156 1355 3220 duobus
1377 3176 1443 3219 non
1465 3157 1658 3233 consulibus,

339 3259 395 3323 sed
426 3252 640 3340 proditoribus
669 3248 763 3311 huius
790 3248 925 3310 civitatis
956 3268 992 3310 ac
1021 3249 1180 3332 pestibus,
1211 3269 1366 3313 unacum
1389 3251 1555 3334 auspiciis,
1587 3271 1657 3315 cum

338 3348 634 3430 intercessionibus,
664 3364 732 3406 cum
763 3342 847 3405 omni
870 3341 938 3404 iure
965 3342 1091 3425 publico
1114 3340 1382 3427 conflagraverunt
1402 3365 1461 3406 -ε
1491 3344 1656 3428 ecquando

225 3500 228 3506 .
338 3446 490 3512 dubitaris
512 3448 620 3505 contra
643 3457 695 3501 eas
717 3437 803 3519 leges
825 3456 897 3499 cum
917 3435 1009 3518 plebe
1024 3455 1117 3517 agere
1132 3443 1163 3499 et
1181 3438 1346 3501 concilium
1363 3441 1558 3502 convocaret
1580 3459 1657 3502 num

301 3561 435 3626 25quem
457 3558 497 3600 ex
516 3533 661 3599 omnibus
676 3532 808 3595 tribunis
822 3530 876 3612 pl.,
898 3531 1090 3613 quicumque
1104 3530 1245 3594 seditiosi
1259 3531 1403 3605 fuerunt,
1425 3541 1489 3595 tam
1504 3532 1655 3596 audacem

338 3633 474 3701 audieris
495 3630 610 3703 fuisse,
640 3633 675 3689 ut
702 3644 850 3708 umquam
872 3631 981 3687 contra
1002 3624 1104 3706 legem
1126 3623 1247 3688 Aeliam
1269 3634 1322 3689 aut
1343 3622 1462 3689 Fufiam
1485 3626 1655 3690 concilium

338 3716 529 3826 aduocareti
571 3722 654 3787 Vlll.
677 3715 727 3782 49.
749 3719 875 3796 Quaero
905 3717 985 3780 illud
1007 3720 1100 3782 etiam
1122 3738 1162 3781 ex
1184 3725 1231 3794 te,
1262 3729 1434 3784 conatusne
1456 3721 1519 3796 sis,
1548 3720 1655 3785 volue-

402 4085 427 4135 4.
444 4081 517 4148 fortis
532 4079 581 4129 PG
599 4102 627 4113 -
645 4088 678 4126 cc
693 4074 850 4125 its--ccelo
865 4072 948 4125 hebet
963 4075 986 4126 A
1004 4102 1032 4112 —
1050 4079 1078 4126 tu
1094 4086 1147 4125 om.
1166 4076 1187 4125 A
1205 4099 1232 4110 -
1251 4075 1283 4126 tis
1298 4077 1391 4126 APG:
1409 4075 1447 4126 tls
1463 4076 1549 4126 SO-
1567 4077 1656 4127 cotidie

338 4163 415 4215 APG
434 4185 461 4195 —
479 4153 583 4205 codas
598 4153 631 4211 Ρ;
649 4151 736 4201 omG
752 4177 779 4187 -
797 4148 821 4200 3.
840 4150 870 4200 de
885 4150 936 4200 celo
953 4152 1013 4200 P-
1033 4163 1093 4213 quos
1105 4151 1220 4213 privator
1235 4163 1286 4201 esec
1302 4150 1466 4202 dicebasl’in
1477 4163 1561 4216 marg.
1573 4150 1655 4202 hebet

336 4237 424 4290 addito
442 4244 523 4285 mann
539 4225 670 4299 secunda,
688 4223 737 4275 sed
753 4226 852 4274 vetere.
876 4223 915 4275 Ct.
934 4222 995 4275 adn.
1014 4226 1040 4275 in
1057 4226 1122 4276 Nov.
1140 4226 1206 4275 blus.
1220 4225 1302 4275 auen.
1316 4225 1363 4285 lll,
1381 4239 1408 4289 p.
1421 4222 1477 4277 344.
1492 4252 1519 4262 -
1538 4240 1551 4277 e
1568 4226 1656 4290 quiete

335 4316 378 4365 ltus
391 4310 554 4374 praetextatos
566 4301 620 4366 (sic)
633 4326 648 4337 -
656 4326 671 4336 ·
681 4299 859 4349 &neumam
874 4304 1030 4349 consecutum
1046 4299 1127 4350 habet
1140 4302 1160 4350 A
1171 4326 1205 4337 -
1221 4300 1245 4351 4.
1264 4301 1368 4350 sedeatis
1378 4303 1400 4351 A
1409 4303 1458 4352 PG
1472 4329 1497 4339 -
1518 4303 1655 4353 oedildium

335 4393 368 4449 p,
386 4385 498 4437 amotae
515 4382 549 4438 G;
568 4388 621 4427 om.
635 4379 655 4426 A
673 4373 846 4439 probantibus
863 4374 991 4438 Madvigio
1009 4387 1036 4438 p.
1048 4376 1096 4424 tls
1109 4377 1135 4424 et
1151 4375 1230 4425 llario
1241 4375 1302 4425 Var.
1315 4376 1399 4427 Lectt.
1411 4376 1435 4436 l,
1454 4388 1480 4440 p.
1494 4374 1550 4427 494.
1570 4377 1653 4428 acum

335 4462 388 4514 duo
405 4459 452 4519 illi,
471 4457 519 4507 Gn.
537 4450 665 4503 Domitius
682 4451 710 4498 et
726 4449 756 4509 Q.
775 4448 933 4510 Ancharius,
958 4450 1054 4500 tuerint
1069 4453 1219 4514 praetores,
1238 4450 1411 4502 acerbissime
1427 4451 1479 4502 hcc
1495 4464 1554 4502 voc.
1572 4465 1653 4503 usur·

334 4540 427 4603 patum
443 4531 547 4582 videtur
563 4527 614 4576 hoe
630 4523 790 4586 significatu:
809 4522 862 4573 duo
879 4521 913 4572 illi
931 4537 992 4574 eum
1010 4525 1062 4573 iam
1079 4527 1215 4588 praetores
1232 4524 1292 4575 lacti
1309 4527 1373 4584 sint,
1392 4528 1420 4575 tu
1437 4539 1471 4576 ne
1489 4523 1580 4576 aedilis
1597 4527 1653 4589 qui-

334 4613 398 4662 dem
422 4607 480 4657 fleri
500 4601 616 4668 potuisti.
646 4599 787 4649 Praeterea
809 4597 836 4646 in
859 4593 992 4662 λήμμασι
1012 4597 1168 4648 scholiastae
1191 4611 1272 4661 saepe
1293 4599 1448 4648 omittuntur
1464 4612 1496 4649 ee
1511 4598 1651 4661 vocabule,

335 4700 403 4752 quae
420 4684 477 4734 sine
494 4689 589 4730 sensus
605 4674 764 4725 detrimento
781 4671 877 4723 obesse
894 4675 1018 4737 possunt,
1037 4673 1169 4723 interdum
1181 4674 1260 4723 etiam
1274 4674 1434 4724 necessario.
1453 4676 1495 4725 Sic
1510 4674 1569 4738 §36
1580 4675 1652 4739 apud

335 4758 420 4814 schol.
439 4758 494 4807 est:
516 4753 543 4801 io
559 4749 652 4800 duobus
665 4748 788 4811 prodiqiis
804 4747 915 4808 Clodius,
939 4761 993 4798 om.
1011 4749 1048 4798 rei
1067 4746 1137 4810 publ.
1155 4750 1216 4798 ante
1234 4748 1356 4799 Clodius.»
1374 4751 1466 4799 ossum
1483 4750 1526 4814 (il.
1554 4750 1650 4800 Contra

334 4836 448 4890 llanutio
464 4836 549 4892 mpcm
565 4826 719 4889 suspectum
736 4825 801 4872 erat.
821 4823 856 4885 (tu
871 4822 945 4872 eeu.
958 4848 973 4859 -
984 4848 998 4859 -
1008 4823 1137 4873 condidisti
1153 4822 1260 4884 Lcmb.;
1284 4828 1312 4874 at
1327 4837 1352 4874 v.
1372 4826 1458 4874 Garat.
1477 4822 1511 4872 ad
1528 4823 1555 4873 h.
1574 4822 1602 4888 l.)
1622 4851 1649 4861 -

334 4915 358 4965 a,
377 4910 473 4961 20qu
491 4901 615 4953 scicsPG
633 4925 660 4935 -
679 4897 797 4958 adqueA
816 4922 843 4932 -
862 4897 962 4959 adflicto
978 4899 1027 4946 ΑΡ
1043 4923 1076 4934 -
1095 4898 1119 4948 6.
1137 4898 1266 4964 bominem]
1283 4901 1404 4950 ominem
1421 4903 1441 4950 A
1461 4925 1486 4934 -
1506 4899 1652 4950 moueat-

333 4994 382 5039 tem
398 4985 447 5035 AP
462 5006 496 5017 -
512 4978 535 5027 7.
555 4972 671 5036 equiem
687 4973 750 5021 PG:
767 4983 801 5020 ex
816 4970 904 5030 qubus
920 4971 966 5020 SO
985 4995 1012 5005 -
1030 4971 1055 5020 8.
1072 4971 1210 5023 habueruut
1227 4974 1303 5025 edd:
1328 4975 1466 5024 babuerunt
1483 4972 1560 5024 codd.
1580 4976 1649 5035 noti;

333 5065 360 5114 at
370 5075 396 5110 v.
409 5056 519 5117 iladvig.
532 5065 559 5115 p.
571 5049 619 5100 ste
632 5048 686 5097 not.
701 5073 728 5083 -
747 5046 771 5096 9.
784 5046 810 5094 tu
826 5047 861 5095 eis
876 5045 983 5109 scripsi:
1001 5045 1073 5095 tneo
1090 5048 1152 5107 PG;
1170 5049 1272 5099 tubiro
1285 5076 1312 5085 -
1333 5050 1372 5100 40.
1385 5050 1534 5112 dinosceris
1545 5051 1649 5102 bamb:

332 5133 496 5196 dampere
511 5132 543 5185 Ρ;
564 5121 724 5184 (imperis
738 5121 786 5171 GO
799 5146 827 5155 -
846 5122 886 5171 44.
900 5120 1036 5170 aedilitium
1053 5123 1101 5170 PG
1115 5148 1142 5156 -
1160 5125 1268 5186 nunquit
1283 5127 1341 5175 P-
1361 5124 1401 5174 43.
1420 5126 1648 5187 qoodGoveanus:

332 5226 389 5264 mm
405 5206 482 5260 codd.
503 5230 530 5240 -
548 5199 664 5262 contoque
679 5199 698 5246 P
716 5195 761 5260 (tui
776 5195 884 5259 colloque
899 5207 987 5244 novun
1003 5194 1032 5255 L)
1053 5221 1076 5233 -
1098 5196 1137 5248 44.
1156 5199 1266 5250 ommni
1282 5202 1303 5249 G
1320 5225 1348 5234 -
1366 5212 1444 5249 cocao
1460 5201 1524 5249 PG:
1542 5200 1650 5250 coeooO

335 5313 362 5323 -
381 5286 421 5336 444.
438 5279 511 5332 cebro
527 5288 580 5326 om.
599 5275 620 5323 G
637 5297 665 5308 -
683 5271 840 5321 intimum
855 5272 874 5321 P
894 5295 921 5305 -
941 5270 1042 5332 putem
1057 5270 1264 5337 Wesenbergius
1280 5275 1306 5324 in
1324 5274 1439 5324 Obseroo.
1457 5275 1491 5323 od
1507 5275 1649 5325 Sestiacum

332 5376 359 5428 p.
377 5359 409 5413 46
426 5354 485 5408 coll.
504 5352 519 5417 5
537 5347 580 5400 ll:
599 5360 664 5411 quoe
680 5352 703 5397 te
718 5351 790 5396 tauto
807 5346 923 5407 praeitor
937 5345 1026 5394 meotis
1041 5347 1158 5409 uocem,
1180 5354 1208 5398 ut
1219 5374 1256 5386 --
1267 5350 1380 5411 auspicio
1395 5353 1569 5412 cocumprere's
1584 5353 1646 5410 eet,

333 5439 360 5489 at
375 5448 401 5487 v.
415 5430 490 5499 §git
507 5428 542 5477 in.
553 5423 596 5474 26.
608 5421 649 5471 32.
661 5419 702 5472 to.
716 5445 744 5457 -
763 5420 803 5471 48.
816 5421 962 5472 cuet--ia
978 5433 1006 5469 re
1019 5419 1088 5482 publ.
1101 5432 1154 5471 om.
1169 5424 1190 5471 G
1204 5449 1230 5460 -
1249 5423 1289 5473 44.
1308 5423 1447 5473 intonetur
1462 5425 1481 5473 P
1496 5449 1522 5458 -
1541 5424 1582 5475 2⁴.
1592 5430 1649 5486 poc

330 5507 465 5564 mous
481 5506 513 5555 P:
537 5496 688 5562 §mutiero
706 5500 726 5547 G
746 5496 936 5561 (edentibusn
944 5495 1113 5558 proditoribus
1133 5496 1215 5548 habet
1233 5499 1262 5561 A)
1284 5524 1312 5535 -
1338 5498 1431 5549 duobus
1450 5512 1501 5547 aec
1517 5501 1579 5551 AP:
1597 5513 1648 5550 noc

331 5584 507 5639 appetun-
532 5573 790 5635 tempusue·
814 5572 1000 5638 limitando
1019 5573 1053 5622 P:
1080 5572 1321 5635 boeeqteoadoG-
1348 5572 1644 5636 alamosenn-

331 5663 373 5712 25,
389 5660 491 5724 Μηηιι
507 5651 569 5703 PG:
590 5648 683 5712 luerint
699 5647 732 5706 0;
756 5646 790 5698 el.
808 5646 893 5698 Madv.
912 5660 939 5711 p.
958 5647 1014 5697 843.
1033 5672 1067 5683 —
1082 5646 1124 5698 26.
1141 5649 1216 5699 eliam
1232 5650 1253 5698 G
1271 5673 1299 5684 -
1317 5647 1358 5697 2⁷.
1376 5655 1523 5700 convocaret
1539 5650 1596 5707 sL;
1619 5652 1647 5701 at

331 5750 358 5786 v.
376 5734 391 5799 S
408 5734 448 5784 445.
467 5729 501 5781 de
518 5727 598 5777 domo
614 5737 662 5775 sua
679 5723 694 5787 Β
710 5723 751 5774 49.
769 5724 796 5773 in
813 5724 887 5774 verr.
905 5725 952 5786 lll,
970 5723 985 5787 s
1003 5723 1050 5774 too
1068 5726 1118 5776 eet.
1136 5750 1164 5760 -
1187 5724 1248 5775 illud
1267 5723 1344 5774 diem
1360 5726 1423 5774 PG:
1447 5726 1524 5775 etium
1539 5724 1601 5775 illud
1617 5726 1643 5774 S.

332 5808 371 5861 ct.
389 5807 449 5859 adn.
467 5815 557 5857 meum
572 5802 599 5853 in
615 5799 658 5852 ed.
676 5799 745 5864 lips.
764 5811 791 5864 p.
809 5800 850 5851 69.
