3800 7350
706 1189 779 1256 cn.
801 1190 941 1255 rx-x.
969 1186 1016 1274 §s
1038 1187 1188 1256 aa-ae.
1533 1186 1616 1254 rara

291 1365 450 1425 contracto
478 1359 534 1423 illa
558 1359 762 1444 perpetienda
788 1359 932 1436 fuerunt,
959 1369 995 1424 ut
1023 1381 1058 1424 ee
1080 1360 1251 1445 aliquando
1273 1360 1313 1424 ad
1335 1379 1411 1424 euos
1432 1358 1616 1425 vindicarat.

290 1455 401 1537 ltaque
424 1452 557 1518 obiicias
579 1456 653 1519 licet
675 1476 769 1538 quam
785 1456 873 1519 voles
896 1476 1009 1540 saepe,
1031 1454 1194 1539 palliatum
1207 1456 1324 1530 luisse,
1346 1455 1453 1539 aliqua
1466 1454 1616 1520 habuisse

289 1568 355 1612 non
376 1548 508 1612 Romani
528 1548 668 1613 hominis
690 1550 836 1632 insignia.
883 1548 1039 1625 Quotiens
1062 1570 1171 1613 eorum
1194 1551 1353 1635 quippiam
1375 1549 1478 1624 dices,
1499 1549 1616 1614 totiens

289 1663 388 1706 unum
409 1641 497 1705 dices
519 1641 613 1717 illud,
640 1650 757 1706 temere
779 1643 866 1706 hunc
889 1644 1057 1725 pecuniam
1080 1644 1146 1726 regi
1170 1643 1356 1719 credidisse,
1379 1662 1451 1706 suas
1473 1641 1616 1706 fortunas

288 1830 403 1894 mutari
424 1829 541 1893 factum
564 1830 627 1892 iam
650 1830 738 1894 nullo
760 1831 854 1894 modo
876 1838 1017 1914 poterat:
1039 1840 1106 1894 erat
1123 1837 1177 1894 aut
1198 1831 1327 1914 pallium
1341 1830 1529 1896 sumendum
1542 1831 1617 1895 Ale·

287 1924 458 1999 xandriac,
481 1931 516 1986 ut
537 1925 567 1988 ei
589 1925 705 1988 Romae
727 1931 834 2007 togato
857 1946 927 1989 esse
950 1926 1078 2000 liceret,
1100 1933 1277 1989 automnes
1297 1925 1444 1989 lortunae
1466 1925 1616 1991 abiicien-

288 2018 362 2094 dae,
384 2018 411 2083 si
435 2025 538 2100 togam
560 2017 752 2081 retinuisset.
797 2019 836 2081 X.
857 2019 1047 2082 Deliciarum
1070 2038 1165 2100 causa
1186 2027 1218 2082 et
1239 2019 1410 2102 voluptatis
1431 2039 1498 2082 non
1519 2017 1615 2082 modo

287 2111 413 2176 nobiles
435 2110 670 2186 adolescentes,
699 2112 755 2176 sed
778 2113 932 2196 qrrosdam
963 2115 1057 2177 etiam
1080 2120 1256 2188 senatores,
1278 2131 1401 2176 summo
1422 2112 1492 2177 loco
1514 2120 1616 2189 natos,

287 2225 353 2270 non
380 2207 414 2269 in
442 2204 541 2269 hortis
569 2212 625 2269 aut
645 2206 835 2270 suburbanis
858 2209 940 2281 suis,
971 2208 1027 2270 sed
1054 2207 1187 2288 Neapoli
1215 2208 1248 2270 in
1271 2206 1476 2271 celeberrimo
1498 2207 1653 2291 oppidote

287 2320 358 2364 cum
388 2300 638 2382 †maeciapella
667 2319 761 2384 saepe
788 2302 942 2364 videmus.
985 2298 1037 2363 27.
1060 2300 1299 2385 chlamydatum
1327 2300 1417 2363 illum
1438 2302 1474 2365 L.
1496 2301 1615 2365 Sullam

287 2396 527 2478 imperatorem,
549 2394 585 2455 L.
607 2414 681 2458 vero
697 2395 871 2477 Scipionis,
894 2397 948 2479 qui
972 2395 1090 2458 bellum
1112 2394 1147 2457 in
1161 2394 1236 2457 Asia
1251 2395 1348 2478 gessit
1361 2394 1615 2477 Antiochumque

287 2488 417 2562 devicit,
439 2506 503 2550 non
525 2487 629 2550 solum
652 2508 724 2551 cum
746 2487 929 2573 chlamyde,
955 2490 1012 2552 sed
1034 2490 1129 2551 etiam
1151 2508 1223 2551 cum
1245 2487 1381 2572 crepidis
1401 2490 1435 2552 in
1457 2487 1615 2571 Capitolio

288 2590 423 2646 statuam
444 2580 568 2644 videtis.
606 2582 749 2657 Quorum
771 2582 942 2664 impunitas
964 2582 1026 2645 luit
1048 2603 1111 2646 non
1133 2582 1228 2646 modo
1250 2602 1269 2645 a
1289 2582 1425 2657 iudicio,
1448 2582 1613 2646 sedetiam

285 2696 304 2741 a
328 2694 483 2739 sermone.
517 2675 653 2739 Facilius
676 2684 760 2739 certe
788 2677 821 2739 P.
842 2676 997 2739 Rutilium
1019 2674 1134 2739 Ruhrm
1156 2676 1353 2740 necessitatis
1375 2675 1538 2739 excusatio
1561 2674 1652 2740 (le-te

285 2770 408 2834 tendet:
442 2768 497 2852 qui
525 2788 597 2832 cum
625 2789 644 2832 a
672 2770 851 2833 Mithridate
878 2770 1039 2855 Mytilenis
1069 2788 1241 2853 oppressus
1263 2777 1364 2845 asset,
1395 2767 1615 2833 crudelitatem

285 2864 370 2946 regis
401 2862 435 2926 in
461 2868 587 2945 togatos
613 2861 744 2928 vestitam
776 2864 949 2928 mutatione
979 2866 1097 2928 vitarit.
1137 2864 1221 2947 Ergo
1248 2864 1303 2927 ille
1323 2865 1358 2927 P.
1380 2864 1530 2940 Rutilius,
1559 2862 1615 2946 qui

286 2958 508 3021 documentum
541 2957 602 3020 luit
633 2958 815 3022 hominibus
847 2959 962 3021 nostris
995 2957 1134 3032 virtutis,
1174 2957 1386 3042 antiquitatis,
1417 2956 1615 3042 prudentiae,

286 3050 462 3115 consularis
483 3051 580 3115 homo
601 3072 712 3117 soecos
734 3051 844 3115 habuit
866 3061 896 3117 et
917 3053 1067 3136 pallium3
1090 3086 1130 3097 —
1152 3070 1211 3115 nec
1232 3070 1309 3114 vero
1331 3050 1365 3113 id
1385 3051 1506 3116 homini
1528 3053 1616 3136 qnis-

287 3165 401 3230 quam,
434 3143 492 3208 sed
519 3147 654 3228 tempori
681 3148 904 3229 assignandum
933 3147 1057 3230 putavit
1076 3167 1134 3209 -:
1164 3147 1313 3209 Postumo
1344 3146 1462 3210 44444444
1483 3149 1651 3216 restituent

287 3241 397 3303 alferat
426 3239 471 3311 is,
499 3239 530 3301 in
555 3259 620 3321 quo
642 3260 715 3322 spes
736 3239 797 3303 luit
817 3260 910 3322 posse
934 3261 968 3303 se
990 3239 1161 3323 aliquando
1183 3239 1223 3302 ad
1244 3237 1389 3302 fortunas
1411 3261 1484 3304 suas
1505 3261 1616 3324 pervc-

290 3335 384 3397 niret
428 3330 479 3396 28.
501 3335 580 3396 Nam
603 3341 638 3396 ut
658 3340 788 3398 ventum
810 3341 860 3397 est
879 3333 1117 3408 Alexandriam,
1145 3334 1281 3407 iudices,
1309 3332 1388 3397 haec
1409 3353 1475 3397 una
1495 3335 1574 3399 ratio
1596 3355 1615 3400 a

289 3447 366 3510 rege
389 3428 552 3509 proposita
573 3428 721 3490 Postumo
745 3435 793 3490 est
814 3427 989 3491 servandae
1010 3427 1178 3511 pecuniae,
1204 3427 1230 3489 si
1253 3428 1447 3490 curationem
1470 3434 1502 3491 ct
1522 3429 1615 3512 quasi

289 3522 559 3603 dispensationem
589 3519 707 3602 regiam
738 3522 937 3604 suscepisset.
981 3522 1016 3584 ld
1045 3529 1151 3584 autem
1172 3520 1276 3585 facere
1298 3540 1363 3584 non
1384 3528 1524 3605 poterat,
1552 3522 1614 3587 nisi

288 3615 448 3680 dioecetes
469 3647 511 3661 -
532 3615 594 3678 hoc
616 3615 700 3678 enim
722 3615 851 3679 nomine
873 3616 987 3691 utitur,
1011 3615 1066 3698 qui
1089 3634 1127 3680 ca
1147 3614 1229 3698 regit
1249 3621 1391 3679 -esset
1412 3618 1652 3688 constitutuste

287 3711 441 3773 Odiosum
464 3711 625 3792 negotium
647 3711 797 3773 Postumo
820 3709 1004 3784 videbatur,
1026 3709 1081 3771 sed
1104 3715 1172 3773 erat
1189 3708 1277 3772 nulla
1293 3709 1422 3773 omnino
1437 3712 1613 3776 recusatio:

287 3804 456 3867 molestum
479 3804 575 3866 etiam
597 3823 713 3867 nomen
736 3804 857 3888 ipsum,
887 3805 943 3867 sed
966 3822 1016 3866 res
1042 3802 1179 3866 hahebat
1201 3821 1318 3866 nomcn
1338 3803 1401 3868 hoc
1422 3803 1508 3888 apud
1529 3804 1613 3882 illos,

351 4087 376 4136 4.
393 4084 440 4133 4444
456 4096 509 4133 om.
529 4081 623 4141 codd.;
646 4080 708 4133 edd.
726 4081 827 4133 babent
842 4085 902 4146 post
915 4083 1090 4145 perpetienda,
1112 4081 1159 4133 ubi
1176 4083 1288 4133 inseruit
1304 4083 1464 4146 Naugerius:
1486 4083 1533 4133 hoc
1548 4097 1572 4147 9.
1590 4097 1611 4135 4.

283 4165 422 4223 ammplam
437 4172 464 4209 a.
482 4163 639 4208 cananeum
656 4155 706 4220 [uhi
723 4163 770 4218 est,
793 4158 901 4207 eundum
920 4157 1104 4208 Alamannam
1125 4163 1149 4209 nt
1164 4157 1271 4222 44449444]
1285 4159 1446 4221 medenda
1460 4159 1481 4223 4.
1499 4161 1613 4212 444444444-

284 4237 376 4289 senius
393 4260 420 4271 -
445 4245 476 4282 ec
496 4246 553 4283 44444
576 4230 761 4283 ballemandos
780 4259 807 4269 -
832 4232 856 4283 3.
875 4233 987 4294 quotiens
1003 4244 1025 4282 e.
1044 4233 1174 4296 9444944444
1189 4233 1213 4282 d.
1232 4233 1320 4283 4444444
1335 4234 1367 4284 S:
1390 4235 1484 4296 94444444
1498 4247 1521 4285 4.
1539 4235 1614 4298 94444-

280 4317 353 4379 ptam
369 4312 446 4372 444444,
470 4309 540 4359 telier
556 4307 576 4358 0
596 4334 623 4345 -
645 4306 671 4358 i.
689 4321 767 4357 renam
783 4307 849 4358 dices
864 4308 926 4357 4444444
941 4307 1084 4359 Patricius:
1102 4321 1181 4358 44444444
1196 4309 1261 4358 dher
1276 4313 1352 4372 449444
1366 4308 1429 4359 iliud
1445 4308 1523 4360 codd.
1537 4310 1565 4360 et
1576 4309 1611 4371 03

283 4402 363 4441 44444444
378 4388 404 4437 d.
422 4389 498 4447 44944
514 4384 580 4433 idern
596 4380 688 4432 bamb.
703 4408 730 4419 -
749 4383 773 4433 6.
791 4387 848 4433 erat
865 4396 913 4433 nos
930 4382 1081 4434 addidimus
1093 4408 1120 4419 -
1140 4383 1199 4433 'lei
1216 4382 1275 4433 cod.
1287 4384 1316 4447 (t)
1329 4385 1413 4436 Ursini
1430 4386 1609 4437 etPatricins:

284 4472 307 4517 et
329 4466 380 4516 CG
402 4489 430 4499 -
455 4461 479 4511 8.
497 4471 547 4507 non
570 4456 644 4506 modo
664 4455 721 4505 nob.
743 4457 809 4506 adol.
832 4461 867 4507 set
886 4458 1007 4519 quosdam
1023 4459 1133 4522 scripsi:
1161 4471 1212 4508 non
1227 4459 1301 4508 modo
1316 4460 1379 4508 444444
1394 4461 1575 4511 liomanoseed
1590 4466 1614 4512 et

282 4539 372 4590 nobilis
388 4533 546 4587 adolescentie
562 4532 721 4594 mumadam
739 4532 788 4582 CO
807 4534 835 4584 et
850 4533 928 4584 codd.
946 4531 1005 4583 rell.
1025 4558 1053 4569 -
1076 4534 1117 4582 44.
1135 4533 1299 4595 moeciapello
1315 4532 1501 4596 (menapum,
1517 4536 1613 4586 444444-

280 4612 358 4679 pelle)
376 4610 497 4681 codices:
516 4606 611 4658 mitella
628 4607 648 4657 0
665 4619 726 4657 cum
744 4608 874 4671 Hervagio
893 4635 919 4644 -
938 4609 1050 4658 videmur
1065 4606 1098 4658 b:
1116 4607 1251 4665 videret:
1268 4607 1348 4657 uideri
1364 4607 1443 4658 codd.
1456 4606 1528 4668 rell:
1545 4611 1613 4660 44444-

283 4701 338 4739 44444
354 4685 481 4737 Patricius
498 4683 562 4734 eto
585 4708 612 4719 -
635 4682 820 4744 chlamydatam
840 4684 910 4733 444444
928 4683 1060 4734 1..Saltae
1082 4681 1240 4744 incentori:
1261 4681 1322 4731 ced.
1344 4683 1403 4732 Hot.
1422 4683 1612 4736 Mommsenius

283 4764 344 4829 post
359 4766 431 4811 natos
442 4761 476 4823 (v.
489 4759 512 4821 9)
531 4757 664 4822 quaedam
681 4757 847 4808 intercidisse
864 4761 983 4809 statuens
1001 4758 1040 4809 sic
1052 4756 1148 4806 deinde
1163 4755 1312 4807 secundom
1323 4753 1456 4809 Valerium
1468 4760 1611 4813 Maximum

283 4839 330 4897 ΙΙΙ,
348 4838 377 4897 6,
396 4835 411 4885 3
428 4834 529 4899 pergit:
547 4835 605 4883 Non
620 4834 647 4881 in
663 4833 687 4882 h.
706 4837 750 4882 4444
766 4846 786 4882 a.
805 4846 837 4895 4.,
855 4835 896 4882 scd
911 4834 944 4883 N.
963 4834 990 4882 in
1006 4846 1028 4882 c.
1043 4832 1133 4893 oppido
1148 4831 1249 4879 marrini
1265 4828 1433 4882 anhelantem
1448 4835 1612 4896 eaepeuideri

282 4911 468 4972 chlamydatum
482 4909 553 4959 illum
569 4909 598 4957 l..
609 4907 707 4958 Sullam
722 4909 907 4971 imperatorem.
920 4910 1050 4972 (vidimus,
1067 4906 1299 4968 rhamnorum--
1309 4906 1492 4970 444494444444444.
1511 4910 1539 4958 1..
1552 4922 1611 4961 veru

283 4991 335 5038 cet.
348 4987 376 5048 0)
397 5012 424 5022 -
443 4983 646 5034 tannetarium
662 4985 682 5032 G
696 5008 723 5018 -
743 4983 784 5035 44.
802 4985 926 5046 impunita
942 4984 1043 5033 44444444
1059 4982 1127 5031 coni.
1142 4980 1189 5030 Ed.
1203 4981 1350 5031 wormius.
1367 4982 1454 5033 boens
1465 4983 1612 5036 mendosus

281 5064 336 5113 iam
352 5060 466 5113 Patricio
482 5056 630 5108 videbatur.
643 5083 671 5093 -
691 5058 731 5108 40.
750 5059 874 5120 Mytilenis
885 5060 920 5107 V:
939 5059 1055 5108 mitilenis
1065 5057 1085 5106 E
1094 5057 1124 5114 S:
1142 5056 1268 5116 4444944444
1284 5056 1332 5107 UO
1346 5083 1374 5094 -
1391 5058 1564 5108 crudelitatem
1574 5083 1612 5096 -·

281 5137 369 5188 44444444
386 5147 439 5184 onr.
459 5133 518 5182 E·
538 5133 580 5182 48.
601 5133 740 5182 sanctitatis
756 5134 823 5183 coni.
837 5133 946 5190 hamb:
965 5135 991 5183 at
1007 5147 1033 5182 v.
1051 5145 1078 5196 p.
1097 5132 1164 5181 sest.
1183 5129 1215 5194 §s
1227 5131 1252 5180 6.
1266 5130 1322 5180 430.
1340 5143 1367 5195 p.
1379 5132 1456 5183 liesc.
1469 5134 1528 5183 Am.
1541 5133 1557 5198 5
1568 5133 1610 5185 46.

282 5215 342 5264 Tac.
361 5213 428 5261 hon.
447 5209 479 5268 V,
499 5208 522 5258 4.
543 5233 571 5243 -
590 5208 631 5257 49.
649 5208 743 5257 homini
759 5208 852 5258 codd:
870 5208 963 5258 homini
979 5214 1032 5256 tom
1048 5206 1096 5256 bt)
1110 5230 1137 5242 -
1156 5206 1197 5255 20.
1215 5205 1258 5255 sed
1273 5206 1378 5268 tenrpcri
1394 5207 1527 5268 9444944444
1543 5209 1611 5257 G—

282 5288 325 5337 il.
344 5287 446 5348 afferret
462 5284 479 5333 S
493 5308 520 5319 -
540 5283 567 5332 id
581 5283 609 5332 44
625 5294 675 5343 ouo
687 5285 720 5342 ῦς
739 5285 761 5333 ie
776 5285 804 5333 tn
815 5297 864 5345 qao
874 5297 925 5332 ano
937 5283 1063 5332 Patricius
1076 5306 1103 5317 -
1122 5294 1148 5331 44
1164 5281 1306 5331 Patricius:
1324 5293 1374 5332 4444
1385 5281 1431 5332 CO
1444 5309 1472 5318 -
1490 5282 1532 5332 22.
1544 5283 1612 5334 Nam

283 5360 470 5422 --suseepisset
486 5358 562 5409 alleri
574 5358 746 5419 Quintilianus
757 5360 799 5419 IV,
813 5362 837 5421 i,
852 5361 892 5410 48.
906 5385 933 5395 -
952 5363 1052 5407 eentum
1064 5357 1135 5407 Alea.
1149 5362 1183 5406 444
1195 5355 1300 5416 Quintil.
1314 5382 1341 5393 -
1360 5355 1545 5408 Alexandream
1560 5358 1611 5408 El}

282 5437 334 5486 boc
350 5434 424 5493 loco,
441 5435 471 5482 ul
487 5436 595 5498 saepius
612 5434 672 5484 cod.
686 5435 743 5484 Vat.
758 5435 784 5484 in
797 5448 849 5485 err.
863 5433 1014 5498 Philippicis
1031 5431 1124 5491 babet3
1143 5432 1181 5482 sic
1198 5432 1263 5482 item
1278 5430 1412 5482 Antiochea
1427 5432 1454 5482 in
1466 5432 1525 5482 cod.
1539 5432 1609 5484 Med.

282 5524 325 5575 ep.
343 5509 378 5559 ad
394 5509 466 5559 Fam.
485 5510 521 5570 11,
541 5510 584 5570 40,
603 5510 627 5559 l.
649 5537 676 5546 -
694 5509 787 5559 44444444
803 5508 907 5570 Quintil.
917 5523 923 5557 :
942 5508 1029 5558 44444444
1046 5507 1141 5567 codd.;
1160 5507 1195 5556 ad
1204 5507 1315 5558 naham
1329 5506 1453 5558 44444440
1464 5519 1526 5557 cum
1540 5508 1609 5558 lunt.

283 5610 310 5621 -
329 5583 371 5634 el.
389 5584 593 5646 dispensationem
608 5585 695 5648 449444
711 5585 854 5642 Patricius:
878 5587 905 5633 at
927 5585 969 5635 est
985 5584 1047 5644 disp.
1065 5583 1137 5646 44944
1153 5581 1225 5632 idem
1242 5582 1315 5644 quod
1333 5582 1358 5631 d.
1376 5582 1461 5646 449444
1474 5582 1608 5644 perreriam

183 5649 187 5660 '
281 5660 314 5710 cr.
333 5672 375 5723 ep.
388 5659 423 5710 aa
439 5660 511 5710 ram.
523 5658 572 5720 ru,
589 5660 631 5720 rr,
644 5660 676 5708 e:
696 5660 806 5722 4944444
821 5659 928 5708 msere.
946 5682 973 5693 -
994 5658 1020 5706 44
1036 5662 1120 5707 aaran
1134 5661 1299 5719 4449444444
1314 5657 1481 5708 ramerus-
1499 5657 1540 5706 aa.
1554 5656 1611 5707 444-

280 5740 342 5785 44444
359 5735 379 5785 C
399 5760 426 5771 -
445 5734 488 5795 9444·
504 5747 536 5784 44
550 5735 615 5797 44944
631 5733 790 5796 Madvigius:
808 5734 930 5796 9444444444
946 5733 994 5783 ES
1012 5736 1039 5783 et
1055 5736 1071 5784 e
1089 5735 1167 5793 orn:
1186 5735 1230 5795 9444
1245 5734 1339 5785 anitiae
1350 5734 1386 5793 V,
1406 5733 1448 5795 9444
1465 5744 1483 5781 4
1497 5743 1556 5796 4494
1572 5732 1606 5792 u:

280 5809 341 5860 lert.
360 5810 404 5872 9444
419 5821 501 5874 pesae
516 5810 603 5873 449444
616 5811 776 5871 praepositas
791 5814 839 5868 ert;
858 5809 935 5874 ÷nisl
952 5808 1084 5858 auxen:
1101 5808 1146 5858 hoe
1161 5809 1228 5859 enim
1242 5823 1269 5859 n.
1281 5809 1370 5870 4444444,
1389 5808 1432 5871 qui
1448 5819 1466 5856 a
1481 5817 1540 5870 4494
1549 5810 1611 5856 esset

200 5909 211 5927 a
280 5890 358 5937 44444.
377 5886 412 5948 0:
431 5885 483 5936 44444
498 5885 615 5937 dioecetes
630 5898 648 5935 a
663 5897 722 5950 4494
737 5888 796 5936 esset
811 5889 888 5935 const.
906 5884 1004 5936 ceteris
1020 5896 1074 5935 om.
1091 5884 1219 5937 Petrinus
1237 5910 1265 5922 -·
1282 5883 1325 5934 id.
1342 5883 1443 5935 omnino
1458 5881 1529 5934 nulla
1544 5881 1573 5934 E.
