3800 7350
692 1175 765 1248 cr».
787 1174 952 1240 n-vrr.
980 1172 1026 1258 §a
1049 1170 1196 1238 u-ss.
1520 1170 1597 1238 sora

280 1353 349 1416 scat
374 1352 406 1409 et
435 1365 505 1409 enm
527 1344 636 1428 aliquo
658 1343 770 1408 dolore
793 1344 982 1427 flagitiorum
1004 1364 1134 1408 suorum
1155 1344 1378 1410 recordabitur.
1422 1341 1473 1408 ta.
1495 1346 1606 1411 hiemi·

280 1440 412 1518 aistine,
439 1459 588 1514 caenum,
616 1460 687 1503 cum
716 1436 756 1502 ad
781 1445 813 1502 te
834 1440 944 1521 quinta
964 1437 1030 1502 fere
1051 1438 1132 1504 hora
1153 1460 1222 1502 cnm
1245 1439 1278 1502 C.
1300 1439 1414 1503 Pisone
1436 1440 1606 1512 venissem,

280 1534 390 1619 nescio
414 1554 479 1617 qno
501 1554 519 1596 e
539 1535 702 1616 gurgustia
726 1541 757 1595 te
778 1532 921 1615 prodire,
950 1532 1095 1596 involuto
1118 1534 1238 1616 eapite,
1261 1532 1437 1600 soleatumi
1464 1542 1512 1609 et,
1535 1554 1607 1598 eum

280 1629 342 1692 isto
370 1647 424 1692 ore
449 1626 566 1692 foetido
596 1627 807 1689 taeterrimam
835 1626 927 1688 nobis
956 1626 1106 1709 popinam
1127 1625 1321 1701 inhalasses,
1350 1629 1554 1692 excusatione
1575 1635 1607 1689 te

281 1724 328 1785 nti
348 1721 557 1794 valetudinis,
580 1721 668 1804 quod
690 1720 810 1784 diceres
832 1719 1000 1783 vinolentis
1022 1726 1053 1783 le
1076 1719 1266 1803 quibusdam
1283 1721 1542 1790 medicaminibus
1557 1736 1633 1784 so-rt

281 1814 347 1878 lere
375 1815 498 1879 curari?
529 1834 625 1897 quam
651 1833 711 1877 nos
739 1832 866 1876 causam
888 1833 959 1876 cnm
982 1815 1212 1897 accepissemus
1234 1847 1276 1861 -
1298 1814 1375 1897 quid
1398 1817 1483 1880 enim
1503 1816 1608 1880 facere

282 1911 484 1992 poteramus?
507 1941 546 1953 —
568 1906 732 1990 paulisper
753 1908 897 1970 stetimus
920 1908 954 1970 ia
974 1907 1030 1970 illo
1053 1926 1224 1989 ganearum
1246 1917 1370 1972 tuarum
1386 1910 1497 1976 nidore
1512 1920 1608 1995 atque

282 2003 386 2070 fumo:
408 2003 493 2067 unde
515 2011 548 2065 tu
571 2021 629 2064 nos
652 2021 723 2064 cum
745 2001 977 2083 improbissime
1000 2002 1239 2086 respondendo,
1269 2010 1334 2068 tum
1355 2004 1536 2086 turpissime
1557 2026 1610 2070 ru-

283 2097 399 2161 ctando
421 2097 553 2160 eiecisti.
597 2091 650 2158 ll.
672 2095 759 2157 idem
782 2096 837 2157 illo
860 2094 926 2158 fere
948 2095 1047 2159 hiduo
1068 2096 1241 2179 productus
1263 2098 1296 2160 ia
1311 2099 1491 2163 contionem
1506 2101 1547 2163 ab
1562 2121 1610 2174 eo,

284 2192 336 2256 cui
357 2192 381 2272 ’ς
402 2191 448 2254 sic
471 2196 642 2273 aequatum
663 2189 836 2272 praebebas
859 2190 1058 2252 consulatum
1082 2199 1180 2264 tuum,
1202 2211 1273 2253 cum
1287 2209 1375 2254 esses
1389 2193 1649 2275 interrogatam,so

285 2284 362 2369 qnid
391 2286 526 2348 sentires
547 2284 587 2346 de
610 2283 775 2346 consulatu
801 2302 887 2355 meo,
916 2284 1019 2364 gravis
1041 2291 1167 2357 auctor,
1197 2283 1358 2347 Calatinus
1379 2286 1474 2350 eredo
1495 2288 1610 2371 aliquis

286 2387 342 2442 aut
360 2376 526 2441 Africanus
547 2384 602 2441 aut
622 2377 796 2450 Maximus,
819 2386 851 2439 et
872 2397 936 2438 non
959 2376 1155 2439 Caesoninus
1177 2376 1462 2459 Semiplacentinus
1481 2380 1612 2443 Calven-

286 2471 366 2544 tius,
394 2470 582 2554 respondes,
608 2471 707 2536 altero
729 2471 768 2533 ad
791 2470 927 2532 frontem
949 2471 1090 2544 sublato,
1116 2470 1215 2533 altero
1236 2469 1277 2534 ad
1298 2479 1439 2536 mentum
1462 2473 1612 2557 depresso

287 2564 474 2649 supercilia,
497 2565 716 2628 crudelitatem
738 2565 795 2628 tihi
818 2585 882 2626 non
905 2563 1042 2646 placere.
1078 2566 1146 2627 Vll.
1168 2565 1228 2628 llic
1250 2574 1280 2630 te
1302 2565 1355 2630 ille
1371 2565 1478 2641 homo,
1493 2567 1613 2651 dignis·

287 2659 384 2722 simus
405 2658 469 2721 tuis
490 2656 647 2732 laudibus,
669 2657 869 2721 collaudavit.
899 2658 1101 2721 Crudelitatis
1115 2667 1158 2732 tu,
1179 2658 1320 2734 furcifer,
1342 2668 1485 2725 senatum
1501 2663 1651 2725 consulta

287 2752 491 2820 incautione
513 2752 727 2816 condemnasi
759 2771 824 2814 non
847 2751 931 2816 enim
953 2771 1021 2826 me,
1043 2753 1100 2834 qui
1123 2754 1246 2816 senatui
1268 2755 1376 2836 parui:
1406 2774 1479 2818 nam
1502 2756 1612 2820 relatio

288 2846 344 2910 illa
363 2845 507 2912 salutaris
528 2854 561 2910 et
575 2844 711 2927 diligens
729 2844 833 2908 fuerat
846 2847 997 2919 consulis,
1011 2845 1243 2910 animadversio
1259 2849 1389 2931 quidem
1409 2858 1441 2911 et
1461 2851 1613 2914 indicium

287 2938 426 3008 senatui.
464 2942 557 3018 Quae
577 2960 648 3003 cum
670 2939 894 3021 reprehendis,
923 2939 1080 3016 ostendis,
1109 2941 1212 3023 qualis
1234 2950 1285 3014 tu,
1313 2942 1341 3005 si
1367 2944 1409 3006 ita
1429 2943 1512 3008 farte
1534 2946 1615 3009 acci·

288 3038 404 3113 disset,
435 3035 534 3101 fueris
561 3034 618 3097 illo
646 3039 787 3117 tempore
815 3034 925 3096 consul
953 3033 1089 3097 futurus.
1137 3036 1302 3117 Stipendia
1339 3055 1389 3100 me
1417 3037 1547 3102 hercule
1583 3045 1616 3101 ot

288 3132 444 3198 frumento
473 3128 638 3192 Catilinam
667 3148 736 3191 esse
764 3135 909 3209 putasses
940 3128 1124 3191 iuvandam.
1168 3125 1218 3191 fii.
1248 3129 1331 3205 Quid
1362 3132 1446 3196 enim
1474 3133 1654 3196 interfuitso

289 3226 371 3290 inter
393 3223 558 3288 Catilinam
580 3229 720 3294 etcum,
750 3222 800 3284 cui
829 3229 863 3285 tu
893 3230 1024 3285 senatus
1050 3224 1285 3297 auctoritatem,
1314 3223 1448 3287 salntem
1470 3227 1616 3300 civitatis,

290 3327 389 3384 totam
410 3338 476 3382 rem
498 3315 657 3399 publicam
679 3315 861 3399 provinciae
883 3316 1025 3398 praemio
1047 3317 1242 3381 vendidisti?
1265 3316 1355 3392 Quae
1377 3319 1462 3382 enim
1482 3321 1517 3384 L.
1533 3319 1617 3384 Cati·

290 3415 388 3478 liaam
409 3416 574 3477 conantem
597 3408 707 3472 consul
728 3408 894 3491 prohibui,
922 3430 960 3472 aa
981 3410 1014 3473 P.
1038 3410 1182 3473 Clodium
1203 3410 1371 3475 facientem
1393 3413 1541 3475 consulas
1562 3412 1618 3476 ad-

291 3508 445 3572 iuverunt.
466 3503 576 3567 Voluit
596 3504 650 3566 ille
666 3512 812 3566 senatum
827 3499 1021 3577 interficeres
1043 3523 1100 3570 vos
1115 3503 1306 3568 sustulistis:
1327 3506 1416 3588 leges
1430 3505 1617 3582 incendere;

292 3622 347 3665 vos
367 3598 561 3682 abrogastis:
593 3598 773 3660 interimere
794 3598 944 3680 patriam;
967 3617 1023 3660 vos
1044 3598 1218 3661 adiuvistis.
1253 3597 1339 3674 Quid
1362 3608 1410 3662 est
1430 3600 1521 3665 vohis
1543 3611 1657 3665 con-ss

291 3696 412 3767 salibus
440 3701 564 3777 gestum
592 3695 660 3757 sine
690 3694 809 3756 armis?
847 3691 1021 3755 incendere
1050 3692 1105 3758 illa
1126 3693 1360 3759 coniuratorum
1382 3714 1496 3760 manus
1517 3697 1620 3760 voluit

291 3790 416 3853 urbem:
438 3807 495 3853 vos
517 3788 587 3850 eius
608 3788 755 3860 domum,
777 3808 872 3869 qnam
895 3795 1027 3869 propter
1047 3787 1123 3851 urbs
1146 3788 1276 3851 incensa
1294 3797 1434 3853 nonest.
1456 3790 1501 3851 Ac
1516 3810 1556 3853 na
1572 3790 1619 3853 illi

291 3884 439 3967 quidem,
462 3882 489 3944 si
510 3881 696 3944 habuissent
716 3882 812 3944 vestri
834 3880 970 3946 similem
992 3880 1172 3955 consulem,
1194 3882 1234 3944 de
1256 3882 1343 3946 urbis
1364 3883 1515 3947 incendio
1534 3885 1620 3966 cogi·

191 3966 197 3981 '
291 3984 430 4053 lassent;
451 3995 518 4040 non
540 3977 623 4038 enim
645 3996 679 4039 se
702 3976 794 4038 tactis
816 3976 941 4055 privare
965 3975 1151 4048 voluerunt,
1173 3974 1299 4039 sedhic
1321 3977 1477 4040 stantibus
1496 3976 1617 4040 nullum

292 4070 485 4135 domicilium
514 4068 626 4133 sceleri
648 4087 706 4130 suo
728 4067 797 4130 fora
818 4076 1019 4150 pataverunt.
1053 4067 1190 4132 Caedem
1212 4069 1259 4132 illi
1282 4071 1413 4144 civium,
1441 4091 1499 4134 vos
1521 4073 1657 4134 servi-ao

293 4174 391 4229 tutem
413 4163 587 4247 expetistis.
624 4163 683 4225 llic
705 4182 761 4226 vos
784 4162 879 4225 etiam
901 4162 1109 4225 crudeliores:
1131 4162 1205 4226 hnic
1226 4164 1309 4226 enim
1324 4165 1444 4246 populo
1459 4166 1504 4229 itu
1517 4165 1620 4230 fuerat

293 4269 365 4324 ante
380 4278 439 4323 vos
454 4257 602 4321 consules
616 4256 745 4321 libertas
761 4257 865 4330 insita,
881 4263 917 4318 nt
931 4257 961 4318 ei
976 4256 1056 4319 mori
1070 4256 1177 4339 potius
1192 4276 1289 4340 quam
1302 4257 1420 4321 servire
1434 4266 1618 4341 praestaret.

295 4349 344 4416 to.
367 4351 449 4415 lllnd
476 4371 551 4415 vero
579 4350 737 4431 geminum
766 4349 908 4411 consiliis
932 4349 1086 4411 Catilinae
1110 4358 1143 4412 et
1163 4351 1305 4424 Lentuli,
1334 4353 1420 4434 quod
1450 4373 1501 4415 ma
1524 4353 1619 4416 domo

295 4468 364 4512 mea
393 4446 578 4530 expulistis,
607 4444 663 4506 Cn.
686 4443 870 4525 Pompeium
894 4440 1022 4505 domum
1052 4463 1141 4507 snam
1163 4445 1370 4527 compulistis.
1401 4448 1512 4529 Neque
1534 4447 1619 4510 enim

296 4561 344 4603 me
378 4547 480 4604 stante
513 4547 546 4601 et
574 4544 720 4602 manente
748 4537 781 4599 ia
810 4536 896 4599 urhis
925 4536 1035 4618 vigilia
1065 4557 1169 4621 neque
1190 4539 1357 4603 resistente
1380 4538 1436 4602 Cn.
1458 4540 1659 4624 Pompeiam

360 4821 385 4871 t.
403 4813 567 4870 daumasiae
577 4843 614 4855 --
624 4817 746 4867 saeuam
762 4816 838 4866 alieri
855 4817 1001 4868 Arusianus
1017 4817 1130 4869 hiesslus
1147 4829 1173 4882 p.
1189 4817 1237 4869 ito
1254 4817 1329 4869 Lind.
1350 4843 1377 4854 —
1396 4817 1421 4869 ἶ.
1439 4832 1543 4869 comm
1558 4820 1579 4868 0
1593 4847 1619 4857 -

295 4895 359 4946 Aera
377 4895 417 4945 .l'.
429 4907 483 4945 om.
501 4894 553 4956 sere
569 4894 723 4944 Arusianus.
738 4918 765 4929 -
782 4892 807 4942 3.
826 4906 874 4953 aaa
891 4898 914 4943 ts
929 4905 943 4942 s
959 4893 1088 4956 waratto
1106 4892 1186 4943 idem.
1201 4920 1229 4930 -
1247 4893 1272 4944 t.
1289 4894 1409 4944 massas
1424 4893 1442 4943 S
1455 4920 1483 4930 -
1501 4893 1527 4945 o,
1546 4909 1623 4958 aaran

297 4972 389 5021 &ceras
410 4968 490 5018 aare.
511 4995 538 5004 -
562 4968 692 5019 isidoro
713 4968 801 5017 FGS:
823 4968 904 5016 maore
924 4968 990 5017 E-
1016 4968 1040 5018 8.
1058 4969 1216 5030 responderes
1238 4969 1255 5015 S
1274 4995 1302 5004 -
1324 4969 1448 5018 sactusado
1464 4969 1622 5022 Lambinus:

296 5043 431 5095 masao
449 5043 498 5095 CO
514 5071 540 5079 -
560 5045 600 5093 to.
613 5045 649 5093 stc
665 5044 835 5104 aquuotam
852 5042 932 5092 homa
943 5041 1038 5091 doctus
1056 5042 1126 5106 apud
1138 5041 1240 5102 Lamb.;
1259 5042 1295 5090 sic
1305 5055 1413 5104 asparem
1424 5042 1622 5103 Lallemandas;

297 5122 331 5170 stc
347 5119 474 5169 addictam
491 5116 568 5169 Orelli
586 5117 645 5169 coll.
664 5119 679 5180 g
697 5119 741 5178 56,
764 5116 835 5181 qaod
854 5119 888 5169 ita
906 5116 1006 5181 placet,
1030 5120 1060 5167 ut
1076 5117 1179 5167 scribas
1195 5117 1268 5178 quasi
1284 5117 1426 5177 addam
1450 5132 1512 5170 nam
1529 5122 1564 5170 stc
1580 5122 1623 5171 hic

299 5197 417 5259 ineptum
434 5195 483 5243 est.
499 5221 526 5230 -
545 5194 586 5245 tl.
604 5195 706 5245 sentires
722 5194 756 5242 sis
773 5193 803 5242 ds
818 5193 865 5242 EF
879 5218 906 5227 —
925 5192 966 5242 ts.
985 5192 1096 5242 caestus
1111 5192 1198 5251 EFS,
1216 5192 1397 5243 canonicarii
1412 5220 1438 5228 -
1458 5193 1499 5244 tl.
1517 5195 1622 5247 susam

299 5272 316 5321 S
332 5296 360 5306 -
380 5270 420 5320 ⁴7.
439 5268 545 5319 comatis
561 5269 591 5317 S:
611 5269 676 5318 horsa
692 5267 798 5317 consulis
813 5267 901 5317 EF-
922 5266 962 5317 ⁴8.
980 5267 1001 5315 ss'
1017 5267 1055 5314 ita
1072 5266 1129 5315 FS:
1147 5266 1247 5315 leuticia
1262 5265 1323 5315 E-
1343 5265 1481 5317 laconas
1496 5270 1621 5319 amf-

299 5343 339 5396 23.
357 5349 488 5395 condatem
505 5355 558 5393 om.
577 5343 595 5393 F
614 5371 641 5380 -
659 5345 701 5393 25.
719 5343 860 5393 summere
876 5342 992 5391 lantino:
1011 5341 1113 5390 tumre
1129 5340 1246 5400 EFs03
1264 5340 1290 5389 cs·
1306 5345 1400 5391 terren
1413 5342 1449 5403 G,
1467 5344 1497 5392 ut
1512 5343 1625 5393 coniecit

300 5419 435 5484 Zumptius
457 5416 492 5467 ed
512 5417 582 5467 Verr.
601 5431 627 5482 p.
646 5418 692 5477 383
715 5417 856 5467 ismarae
877 5413 1032 5480 requirebat
1047 5415 1127 5465 eham
1146 5413 1253 5466 Ursinus
1270 5415 1411 5466 etiterum
1428 5416 1626 5468 commendavit

301 5491 458 5544 Doederlein
477 5491 623 5543 Vermimistc
638 5492 760 5555 saarim
778 5492 811 5553 ll,
830 5504 856 5555 p.
876 5490 932 5540 305.
960 5490 1015 5540 Hac
1035 5487 1146 5540 lectione
1168 5492 1275 5555 recepta
1296 5490 1349 5540 iam
1372 5503 1425 5542 non
1452 5491 1625 5543 offensionem

302 5567 420 5621 movebit
435 5568 576 5629 adiaubtis,
595 5568 666 5631 quod
683 5568 803 5618 Ernestia
820 5569 848 5616 et
859 5566 998 5616 Garatonio
1015 5567 1169 5630 suspectum
1179 5565 1334 5617 Schuetzius
1344 5567 1372 5616 in
1382 5567 1512 5632 amictus
1521 5570 1625 5618 mutare

302 5640 391 5695 voluit.
412 5669 440 5681 —-
458 5642 603 5694 consuere
622 5670 649 5678 -
668 5642 708 5692 27.
724 5645 829 5704 propter
844 5653 918 5703 qoem
934 5642 956 5690 G
973 5641 1000 5689 et
1016 5638 1059 5690 ed.
1077 5639 1151 5691 liis.
1170 5666 1197 5676 -
1224 5641 1267 5692 28.
1284 5641 1394 5692 cosmas
1409 5641 1430 5692 E
1449 5668 1477 5679 -
1500 5642 1541 5694 33.
1557 5641 1627 5691 cobis

302 5718 443 5771 assultatores
458 5716 608 5781 mostissctts
624 5717 642 5767 F
662 5743 689 5752 -
708 5715 749 5766 31.
766 5716 806 5765 tte
823 5715 857 5765 C:
875 5715 912 5764 Ais
927 5714 1073 5773 Munatium
1090 5715 1136 5765 Aac
1151 5728 1224 5781 susp.
1243 5714 1334 5778 Orelli;
1352 5716 1412 5768 tort
1429 5718 1479 5778 sic,
1497 5715 1546 5768 sed
1561 5713 1625 5767 illud

304 5805 410 5857 quoqm
427 5793 454 5844 ln
470 5791 528 5843 loco
545 5793 714 5856 suspectum,
733 5788 806 5854 quod
822 5788 936 5841 verbum
953 5802 1007 5841 non
1024 5787 1107 5843 adest.
1123 5818 1150 5829 -
1169 5791 1211 5844 32.
1227 5792 1251 5845 ci
1266 5792 1334 5844 mors·
1348 5804 1414 5845 nos:
1432 5793 1511 5844 sacri
1526 5790 1576 5843 CO
1595 5816 1622 5828 -

305 5866 345 5920 33.
362 5866 613 5933 murovallatis
629 5867 706 5921 affert
721 5865 865 5922 Arusianus
881 5879 909 5932 p.
927 5864 976 5919 233
992 5867 1021 5917 l..
