3800 7350
285 1369 381 1455 plnum
402 1367 622 1458 Pogglsnum,
642 1385 685 1436 ex
699 1367 921 1435 comuntur
941 1368 1111 1452 utriusque
1132 1364 1274 1432 familiae
1293 1359 1586 1445 lacuulssppsret.

286 1489 379 1572 Quae
400 1493 510 1558 tucn
530 1490 714 1574 scripturae
735 1490 770 1552 lu
790 1487 842 1554 luis
858 1487 1028 1556 codicibus
1041 1487 1236 1576 vulgaribus
1255 1484 1407 1571 proditae
1420 1483 1502 1568 siut,
1521 1478 1586 1548 use

282 1609 410 1698 quiden
441 1614 479 1678 ut
510 1611 608 1697 plene
636 1610 795 1700 cognosci
827 1613 942 1695 posset
973 1611 1057 1678 sutis
1083 1625 1164 1675 curs
1189 1610 1305 1678 nostra
1327 1604 1493 1691 prouisum
1513 1605 1586 1687 sst3

281 1750 342 1799 sex
369 1731 454 1796 euin
483 1728 617 1802 codices
645 1730 687 1798 ad
716 1748 832 1796 manus
851 1733 964 1813 mont,
994 1731 1083 1798 luter
1109 1748 1192 1814 quos
1211 1730 1291 1795 sunt
1311 1730 1467 1813 quattuor
1485 1728 1588 1798 snus

282 1851 423 1922 nundum
450 1852 586 1942 uognlti
627 1850 714 1920 illud
743 1856 854 1920 sutem
877 1870 997 1941 magno
1019 1870 1122 1937 opere
1142 1849 1316 1920 dolendum
1338 1852 1390 1916 est
1410 1847 1498 1936 quud
1517 1866 1586 1913 non

281 1975 465 2046 invenimus
493 1974 548 2059 qul
577 1974 693 2041 lterum
722 1973 917 2042 Vaticanum
944 1977 980 2040 ln
1009 1976 1156 2042 cosmum
1183 1990 1275 2041 usum
1302 1972 1489 2057 conterret3
1518 1988 1585 2038 noa

283 2096 367 2164 enlm
401 2098 553 2179 putamus
580 2094 677 2162 huius
703 2094 847 2182 codicis,
877 2098 932 2181 qui
960 2097 994 2166 in
1019 2095 1082 2164 hau
1107 2096 1159 2162 sul
1188 2098 1283 2180 parte
1310 2093 1445 2166 saeculo
1466 2095 1588 2158 octavu

282 2218 428 2303 scriptus
448 2220 500 2286 est
519 2216 569 2289 tu.
590 2214 643 2283 ed.
663 2220 767 2282 nostr.
789 2235 821 2301 p.
844 2213 964 2290 1223)
991 2218 1053 2283 issa
1082 2233 1195 2282 omnes
1217 2215 1380 2281 lectlcnes
1403 2212 1590 2295 essmtptas

282 2355 366 2403 esse.
408 2338 502 2404 llaec
527 2339 630 2427 igitur
658 2338 830 2422 provincis
860 2337 950 2419 allis,
980 2338 1097 2424 qulbus
1123 2336 1267 2404 facultas
1287 2337 1350 2402 erit
1371 2331 1590 2406 truilotuaose

282 2460 464 2527 tabulariae
485 2459 669 2526 vaticanae
690 2457 878 2546 adeundae,
900 2460 1017 2527 relicta
1040 2464 1101 2526 est.

363 2705 404 2776 ln
433 2703 628 2772 oratione
655 2702 890 2777 Planciano
916 2703 1001 2771 satis
1020 2702 1192 2772 habuimus
1212 2701 1389 2786 leotlosm,
1417 2716 1501 2785 quae
1523 2716 1588 2765 ex-

279 2830 371 2898 stant
400 2827 434 2894 ia
467 2826 626 2894 lemmatis
646 2824 897 2891 scholiastarun
918 2828 955 2893 et
981 2825 1015 2892 ln
1043 2821 1138 2890 codd
1168 2820 1419 2893 Erfurtansl
1446 2824 1481 2885 et
1511 2817 1587 2891 Το-

280 2947 549 3037 gcrnseensi‚
574 2948 805 3035 corgassuse5
833 2946 887 3031 qul
915 2945 1000 3012 euin
1026 2942 1189 3014 Wunder!
1216 2946 1411 3027 sppsrstun
1440 2941 1588 3014 criticam

280 3069 329 3141 (tn
350 3066 428 3138 odit
449 3087 479 3135 a.
497 3063 613 3151 teau,
635 3064 685 3140 4.)
706 3067 904 3152 inspexerit,
924 3067 1051 3151 reliquo
1075 3067 1239 3150 uppusun
1256 3060 1466 3149 supersederi
1488 3078 1589 3149 posse

175 3216 179 3222 ·
283 3188 382 3256 lsctlc
403 3188 576 3278 intelliget.

364 3434 402 3499 ln
433 3431 583 3497 oratione
611 3449 706 3517 quam
733 3426 851 3500 Cicero
881 3449 941 3516 pro
971 3431 1007 3498 C.
1027 3429 1206 3498 Rabirio
1234 3430 1431 3497 Postumo
1458 3427 1587 3509 habult,

280 3556 374 3622 eum
393 3573 462 3624 aon
482 3557 618 3624 exstare
638 3552 795 3621 videntur
815 3552 949 3622 codues
970 3554 1032 3619 nlsl
1054 3572 1098 3620 ex
1115 3551 1311 3644 apographo
1330 3550 1506 3641 Poggium
1524 3548 1587 3614 de-

282 3677 399 3762 rivati,
420 3673 484 3747 hoe
505 3677 641 3762 priscum
664 3678 792 3767 egimus
812 3680 849 3743 ut
870 3693 966 3762 quem
987 3695 1117 3763 quoquo
1143 3678 1218 3745 luco
1239 3677 1435 3760 scripturam
1456 3670 1590 3743 codices

281 3802 314 3867 ln
344 3798 409 3871 inc
431 3800 581 3865 oratione
611 3798 711 3866 foede
738 3803 886 3886 corrupti
913 3799 1055 3886 habant,
1082 3818 1125 3867 ex
1146 3800 1289 3886 quidque
1308 3816 1393 3884 quos
1417 3793 1588 3863 habuimus

280 3923 437 3989 accurate
458 3919 675 4012 referremus3
696 3919 816 3988 delude
837 3921 944 3988 oratic
964 3925 1098 3988 avenis
1110 3922 1303 3989 commentis
1316 3918 1511 4004 Hotomanl,
1531 3916 1585 4001 qul

282 4045 395 4110 nescio
419 4060 513 4128 quem
534 4040 681 4109 codicem
702 4045 930 4127 pervetustum
951 4044 1142 4128 repperisse
1163 4042 1224 4110 sliri
1239 4043 1332 4109 visun
1345 4041 1469 4107 estsut
1483 4039 1587 4104 sinu-
1723 4066 1727 4070 ·

281 4164 375 4245 iavit,
405 4161 618 4252 repurganda
640 4165 729 4247 crat,
756 4182 820 4248 qua
841 4162 883 4231 de
904 4182 942 4229 re
972 4167 1105 4251 proprie
1125 4167 1233 4232 sctum
1254 4168 1307 4235 est
1327 4164 1362 4228 in
1383 4164 1587 4229 commenta-

282 4286 371 4350 tione
390 4281 580 4353 academica
600 4285 650 4355 dc
670 4285 848 4369 inscripta:
873 4282 983 4352 veter
1002 4281 1151 4356 ttoero’s
1171 4284 1267 4355 neae
1281 4282 1344 4371 [atr
1363 4278 1402 4351 0.
1420 4281 1586 4351 Μίνωι

282 4404 477 4475 Postumum.
521 4404 614 4473 llllne
640 4403 806 4475 lertttscloe
834 4403 1068 4494 Adtoradtuup
1095 4426 1162 4476 coar
1194 4404 1238 4477 K.
1262 4404 1372 4474 Haisa
1400 4401 1586 4479 (Muriciuea

284 4526 403 4610 ludo,
424 4527 485 4601 4.).
519 4527 670 4613 Denique
699 4526 732 4593 ld
753 4530 996 4616 spectavimus,
1019 4533 1173 4615 quantum
1195 4528 1323 4617 quidem
1349 4545 1411 4616 per
1431 4525 1589 4612 temporis

282 4650 476 4718 brevitatem
508 4648 620 4736 licuit,
649 4652 686 4714 ut
714 4651 969 4735 scripturarum,
1000 4669 1085 4738 quaa
1114 4650 1286 4723 codicibus
1317 4654 1462 4719 testatus
1492 4651 1588 4732 sunt,

281 4773 424 4858 vestigia
451 4772 559 4838 secuti
591 4772 718 4858 aliquot
747 4773 864 4839 saltem
894 4772 1021 4840 mendis
1050 4776 1231 4840 orationem
1255 4776 1408 4862 graviter
1435 4772 1585 4839 vitiatum

280 4895 511 4978 liberaremus3
532 4891 620 4979 quod
642 4897 752 4959 tamen
773 4910 844 4959 eam
867 4897 961 4979 quasi
982 4914 1101 4962 novam
1122 4896 1156 4962 ln
1177 4872 1322 4963 odilione
1343 4899 1458 4963 nostra
1472 4895 1585 4963 orest-

281 5035 365 5100 nus,
387 5033 428 5082 ea
447 5033 514 5081 non
536 5018 587 5080 est
611 5016 725 5080 nostra
744 5014 835 5099 laus,
859 5014 920 5082 sad
941 5018 1122 5103 praecipua
1142 5007 1284 5083 lullus.
1304 5015 1493 5099 Μωνιιιι,
1514 5015 1585 5100 qul,

281 5156 351 5203 cun
374 5137 482 5206 oratio
502 5139 564 5202 tan
587 5137 678 5223 typis
698 5153 861 5219 expressa
882 5140 974 5220 erat,
1002 5156 1075 5205 cun
1096 5137 1138 5204 ad
1159 5139 1245 5205 alias
1266 5139 1434 5205 orationes
1454 5142 1521 5207 tum
1542 5137 1586 5207 sd

280 5258 491 5325 Rabirianam
513 5259 639 5344 aliquot
660 5276 740 5324 suas
761 5257 1009 5329 emendationes
1028 5261 1196 5329 nobiscum
1215 5261 1473 5330 communicavit.
1500 5258 1585 5341 Qui-

281 5382 341 5446 bus
369 5381 527 5465 perlectis
554 5398 626 5446 cum
656 5379 934 5447 intellexissemus
964 5400 1058 5468 quam
1089 5382 1170 5448 felix
1197 5383 1316 5448 suisset
1343 5380 1440 5446 homo
1467 5383 1585 5447 mentis

280 5502 427 5570 scumlne
449 5501 656 5587 praecellens
668 5501 703 5565 iu
719 5504 869 5570 oratione
883 5503 1064 5571 ltublrlsna
1078 5502 1292 5588 emendanda,
1308 5504 1418 5572 ststln
1433 5504 1583 5588 exemplo

280 5640 388 5690 novae
409 5620 564 5688 editionis
584 5624 682 5689 misso
704 5641 776 5689 eun
804 5626 994 5715 rogavimus
1016 5629 1054 5692 ut
1075 5628 1256 5694 cretionem
1276 5626 1382 5692 nostrl
1402 5628 1585 5711 apparatus

279 5746 385 5814 criticl
412 5762 475 5830 ope
504 5747 567 5812 lam
595 5747 680 5814 satis
700 5744 904 5820 emendatam
930 5749 1083 5843 relegere
1104 5754 1138 5818 et
1159 5750 1191 5816 sl
1211 5747 1288 5834 pald
1310 5750 1485 5834 praetores
1505 5749 1583 5817 novi
