3800 7350
669 1215 982 1281 cmxx-xxc
1006 1212 1221 1299 ssia-sc.
1542 1204 1600 1273 aas

290 1355 377 1449 xxi.
397 1380 448 1447 lt.
470 1385 542 1448 Fuit
563 1384 596 1448 in
617 1385 667 1448 bis
690 1385 852 1459 omnihus,
875 1385 932 1448 etsi
955 1405 1019 1448 non
1041 1385 1124 1449 iusta
1146 1418 1188 1430 —
1201 1384 1288 1449 nulla
1309 1384 1393 1447 enim
1414 1389 1518 1467 potest
1539 1377 1606 1443 cui·

291 1497 384 1563 quam
412 1477 495 1542 male
524 1477 563 1541 de
591 1498 625 1541 re
654 1477 778 1560 publica
804 1477 943 1542 merendi
965 1480 1047 1542 iusta
1069 1498 1139 1542 esse
1165 1497 1260 1543 causa
1280 1510 1339 1553 -,
1367 1476 1471 1561 gravis
1500 1482 1606 1539 umen

289 1578 321 1635 et
346 1590 417 1635 cum
446 1570 555 1654 aliquo
582 1571 678 1633 animi
708 1571 808 1635 virilis
830 1572 939 1636 dolore
962 1573 1138 1636 coniuncta.
1177 1574 1210 1635 P.
1234 1571 1362 1636 Clodius
1384 1590 1402 1633 a
1424 1574 1608 1642 crocota,a

288 1665 396 1738 mitra,
420 1683 439 1726 a
468 1664 673 1728 muliebribus
695 1666 791 1729 soleis
819 1668 1050 1751 purpureisque
1071 1664 1235 1740 fasceolis,
1263 1685 1283 1728 a
1301 1663 1462 1747 strophio,
1484 1683 1503 1727 a
1522 1660 1608 1747 psal·

287 1758 384 1833 terio,
405 1777 424 1821 a
445 1753 573 1840 flagitio,
595 1778 614 1820 a
636 1766 744 1843 stupro
766 1766 815 1824 est
835 1759 936 1823 iactus
957 1768 1086 1843 repente
1108 1759 1281 1844 popularis.
1310 1759 1375 1822 llisi
1402 1776 1471 1821 eum
1494 1754 1634 1818 mulie-o

287 1871 338 1915 res
359 1859 545 1915 exornatum
566 1853 609 1916 ita
630 1852 927 1936 deprehendissent,
954 1855 1015 1917 nisi
1036 1874 1076 1917 ex
1099 1874 1138 1918 eo
1159 1853 1248 1928 loco,
1270 1873 1335 1935 quo
1357 1871 1429 1914 eum
1450 1850 1537 1913 adira
1558 1846 1609 1910 ias

286 1963 352 2007 non
373 1942 491 2019 iuerat,
513 1945 696 2010 ancillamm
717 1947 873 2010 beneficio
896 1949 1028 2010 emissus
1044 1955 1143 2022 esset,
1166 1946 1311 2030 populari
1325 1944 1452 2008 bomine
1467 1940 1607 2025 populus

285 2039 455 2113 Romanus,
477 2040 674 2124 respublica
695 2041 764 2104 cive
786 2042 840 2105 tali
863 2049 992 2105 careret
1025 2042 1113 2105 lianc
1136 2041 1177 2104 ob
1199 2040 1368 2103 amentiam
1389 2039 1423 2101 in
1438 2032 1607 2100 discordiis

286 2132 414 2208 nostris,
435 2132 475 2196 de
498 2134 611 2216 quibus
633 2134 712 2216 ipsis
726 2135 777 2198 bis
795 2133 948 2219 prodigiis
963 2134 1140 2196 recentibus
1154 2153 1174 2196 a
1189 2133 1238 2196 dis
1253 2132 1482 2196 immortalibus
1497 2131 1607 2194 admo·

287 2245 414 2300 nemur,
439 2234 583 2309 arreptus
604 2237 654 2290 est
673 2249 757 2292 unus
778 2249 818 2292 er
840 2228 995 2312 patriciis,
1025 2228 1075 2292 cui
1097 2228 1223 2290 tribuno
1246 2227 1289 2310 pl.
1310 2225 1379 2289 fieri
1401 2247 1465 2290 non
1487 2225 1608 2288 liceret.
1616 2235 1647 2283 to

286 2316 339 2383 l5.
355 2319 447 2395 Quod
469 2340 552 2384 anno
575 2329 647 2384 ante
669 2320 765 2385 irater
777 2322 924 2386 Metellus
940 2331 972 2387 et
985 2343 1118 2388 concors
1133 2323 1229 2386 etiam
1244 2330 1311 2386 tum
1326 2328 1463 2394 senatus,
1478 2326 1607 2383 senatus

287 2412 430 2498 principe
448 2413 503 2477 Cn.
517 2416 666 2497 Pompeio
681 2417 868 2479 sententiam
884 2416 1018 2492 dicente,
1031 2418 1209 2481 excluserat
1222 2416 1437 2497 acerrimeque
1452 2432 1514 2477 una
1529 2431 1608 2475 voce

287 2527 325 2569 ac
345 2515 449 2570 mente
469 2509 642 2582 restiterat,
671 2508 704 2570 id
733 2518 804 2590 post
831 2508 997 2574 discidium
1027 2511 1245 2594 optimatium,
1276 2509 1315 2572 de
1344 2529 1408 2592 quo
1431 2508 1501 2590 ipso
1522 2525 1609 2569 nunc

287 2620 459 2674 monemur,
480 2601 523 2664 ita
545 2601 759 2685 perturbatum
781 2603 885 2686 itaque
907 2612 1119 2687 permutatum
1138 2611 1195 2678 est,
1217 2612 1262 2679 ut,
1283 2603 1369 2688 quod
1383 2602 1481 2668 irater
1495 2598 1607 2665 consul

286 2713 327 2757 ns
354 2690 443 2757 lieret
470 2694 648 2768 obstiterat,
677 2694 764 2778 quod
786 2693 889 2759 affinis
912 2705 944 2761 et
965 2698 1100 2773 sodalis,
1132 2697 1325 2761 clarissimus
1346 2697 1411 2771 vir,
1441 2695 1496 2779 qui
1519 2692 1647 2757 illumso

286 2804 373 2849 reum
394 2807 459 2850 non
479 2787 636 2862 laudaret,
659 2788 851 2864 excluserat,
881 2790 915 2852 id
935 2793 963 2854 is
986 2793 1097 2855 consul
1120 2788 1260 2855 efficeret
1279 2790 1313 2853 in
1335 2789 1502 2854 discordiis
1523 2787 1611 2872 prin·

286 2880 407 2964 cipum,
436 2882 491 2966 qui
519 2881 565 2945 illi
592 2902 676 2945 unus
704 2883 938 2948 inimicissimus
970 2905 1040 2949 esse
1070 2886 1237 2959 debuerat,
1270 2905 1309 2948 eo
1338 2883 1452 2948 iecisse
1481 2889 1608 2946 auctore

286 2995 320 3038 se
341 2973 476 3050 diceret,
498 2975 587 3039 cuius
609 2976 803 3040 auctoritatis
825 2978 983 3040 neminem
1007 2988 1116 3061 posset
1136 2980 1306 3061 paenitere.
1350 2979 1468 3041 Iniecta
1488 2976 1543 3040 fax
1560 2982 1609 3036 est

284 3068 378 3132 foeda
399 3089 436 3132 ac
456 3068 600 3134 luctuosa
620 3070 667 3132 rei
689 3068 852 3152 publicae:
873 3071 972 3153 petita
995 3079 1044 3135 est
1065 3073 1235 3136 auotoritas
1254 3078 1371 3145 vestra,
1394 3070 1528 3154 gravitas
1543 3087 1608 3136 am·

285 3160 499 3244 plissimorum
521 3163 685 3238 ordinum,
714 3163 880 3226 consensio
903 3164 1058 3228 boncmm
1080 3167 1236 3240 omnium,
1267 3172 1353 3228 totus
1375 3165 1512 3248 denique
1534 3164 1646 3227 civi-ao

285 3254 357 3318 tatis
379 3262 490 3319 status.
526 3258 611 3320 llaec
632 3257 717 3320 enirn
739 3264 824 3319 certa
846 3256 1043 3339 petebantur,
1066 3279 1136 3322 cum
1157 3262 1265 3334 inme,
1288 3259 1480 3341 cognitorem
1495 3258 1606 3320 barum

286 3348 425 3413 omnium
447 3370 570 3425 rerum,
592 3351 647 3414 illa
669 3352 792 3415 damma
814 3351 940 3414 illorum
963 3360 1141 3436 temporum
1163 3353 1397 3416 coniiciebatur.
1433 3350 1553 3434 Excepi
1576 3357 1608 3412 et

284 3462 341 3526 pro
368 3444 468 3527 patria
497 3444 584 3508 solus
607 3444 727 3518 exarsi,
754 3445 800 3507 sic
828 3451 949 3520 tamen,
981 3454 1016 3509 ut
1036 3466 1094 3509 vos
1115 3446 1217 3510 isdem
1238 3445 1364 3529 ignibus
1387 3446 1609 3527 circumsaepti

284 3555 334 3599 me
362 3537 500 3619 primum
527 3538 623 3601 ictum
652 3558 709 3621 pro
739 3537 830 3601 vobis
860 3546 892 3602 et
919 3540 1092 3603 fumantem
1122 3539 1281 3605 videretis.
1330 3539 1434 3601 xxii.
1458 3535 1509 3599 lo.
1536 3540 1608 3600 Non

284 3628 476 3695 sedabantur
497 3631 689 3707 discordiae,
712 3630 767 3695 sed
791 3633 883 3697 etiam
904 3633 1066 3698 crescebat
1087 3634 1119 3698 in
1142 3654 1198 3698 eos
1221 3632 1347 3708 odium,
1369 3652 1388 3697 a
1410 3632 1526 3716 quibus
1549 3644 1645 3695 nosao

284 3723 411 3789 defendi
433 3726 630 3809 putabamur.
662 3727 744 3789 Ecce
766 3725 867 3790 isdem
890 3727 1088 3804 auctoribus,
1110 3729 1260 3813 Pompeio
1283 3728 1444 3811 principe,
1476 3727 1531 3810 qui
1554 3747 1609 3789 cu·
1730 3736 1738 3753 ·

283 3821 423 3904 piantem
449 3817 589 3894 ltaliam,
618 3819 796 3901 flagitantes
819 3841 892 3895 vos,
914 3821 1067 3904 populum
1090 3823 1264 3886 Romanum
1289 3822 1520 3885 desiderantem
1543 3840 1607 3882 non

282 3913 471 3977 auctoritate
500 3932 557 3976 sua
584 3913 703 3987 solum,
734 3913 791 3977 sed
814 3915 908 3978 etiam
935 3916 1082 3998 precibus
1103 3916 1143 3979 ad
1166 3936 1268 3980 meam
1291 3917 1424 3980 salutem
1447 3914 1606 3987 excitavit,

283 4009 418 4071 restituti
440 4027 559 4070 sumus.
604 4007 652 4070 Sit
673 4006 900 4072 discordiamm
923 4006 993 4072 finis
1015 4008 1203 4093 aliquando:
1226 4009 1418 4074 adiuturnis
1434 4007 1607 4071 dissensio·

282 4101 376 4164 nibus
398 4101 670 4184 conquiescamus.
706 4103 776 4163 Non
799 4102 874 4165 sinit
896 4102 1006 4166 eadem
1029 4103 1090 4165 ista
1111 4103 1219 4166 labes:
1240 4123 1294 4167 aas
1315 4102 1412 4165 babet
1433 4101 1645 4174 contionando

283 4214 321 4258 aa
342 4193 453 4258 miscet
474 4214 511 4258 ac
533 4195 652 4269 turbat,
676 4201 711 4257 ut
732 4193 826 4257 modo
849 4215 883 4259 se
904 4196 973 4270 bis,
996 4195 1091 4258 modo
1112 4196 1230 4260 vendat
1249 4197 1331 4270 illis,
1353 4214 1411 4257 nec
1433 4202 1538 4257 umen
1552 4194 1607 4278 ita,

283 4296 319 4352 ut
339 4307 374 4352 se
396 4290 580 4372 qnisquam,
603 4289 630 4352 si
652 4288 691 4352 ab
713 4289 774 4351 isto
795 4288 941 4352 laudatus
963 4289 1022 4363 sit,
1054 4289 1260 4353 laudatiorem
1282 4296 1384 4372 putet,
1407 4290 1462 4376 sed
1484 4296 1520 4351 ut
1541 4308 1607 4364 eos,

348 4486 372 4535 4.
391 4483 502 4534 comibus
517 4487 553 4535 P:
572 4483 684 4534 omnm
699 4498 777 4535 cocao
792 4485 906 4535 GEMO
921 4511 947 4521 -
966 4483 1607 4548 nulb1NocGE-2.mereotidll;mereodce

282 4564 315 4622 P;
333 4559 415 4610 meriti
431 4560 451 4610 Ε
470 4587 498 4596 -
520 4563 602 4610 tomco
618 4572 699 4624 supra
716 4573 824 4612 versum
841 4560 869 4611 P¹
889 4586 916 4594 -
940 4556 965 4608 3.
983 4559 1063 4608 ocimi
1080 4558 1259 4608 Camerarius:
1278 4558 1357 4607 ommi
1373 4562 1397 4607 at
1413 4557 1448 4615 (ἔς
1469 4558 1549 4607 ocimi
1566 4558 1607 4622 [st]

282 4636 303 4685 0
317 4662 344 4671 -
362 4634 444 4685 olatiis
454 4635 488 4684 G:
506 4635 591 4684 sirius
606 4632 648 4693 P¹;
666 4635 717 4683 oiri
729 4635 786 4684 P²E
795 4636 820 4684 44
829 4635 863 4690 ὓς
881 4633 1018 4703 cosmed
1035 4630 1163 4684 Halmius.
1177 4658 1204 4667 -
1223 4647 1241 4682 c
1251 4638 1360 4692 crocoto,
1379 4630 1491 4695 ambro]
1503 4645 1607 4682 manso

282 4715 387 4762 amour
402 4711 492 4761 GE-
511 4708 536 4761 4.
553 4709 631 4774 sono]
649 4708 749 4760 litteras
765 4711 801 4759 sis
816 4709 912 4773 partim
928 4709 955 4758 in
973 4720 1064 4758 rasura
1081 4707 1192 4758 habetP
1207 4734 1233 4744 -
1249 4707 1362 4770 [accolis
1372 4719 1438 4756 nos:
1455 4707 1557 4768 faceolis
1573 4710 1605 4762 P;

280 4786 365 4851 saeba
381 4786 445 4844 GE,
462 4784 570 4847 {noblis
586 4785 615 4834 0.
645 4783 683 4834 Cl.
702 4785 769 4835 Non.
789 4785 867 4835 blare.
887 4795 912 4846 p.
931 4783 988 4842 537,
1007 4783 1031 4832 b.
1052 4810 1079 4819 -
1107 4797 1124 4832 o
1136 4782 1264 4846 psalterio]
1282 4782 1414 4832 obtelmo
1430 4786 1462 4839 P;
1487 4782 1607 4833 4443444440
1724 4785 1726 4788 ’

282 4863 332 4913 GE
346 4888 373 4899 -
391 4862 416 4911 5.
435 4874 452 4910 a
468 4862 529 4909 ante
546 4859 707 4923 molchom.
721 4859 741 4910 C
756 4885 782 4895 -
802 4859 826 4908 6.
845 4858 1042 4920 depraeodlsseot
1056 4861 1085 4919 P,
1103 4857 1316 4918 deprendissentli
1330 4883 1356 4894 -
1376 4857 1497 4922 isserat
1513 4860 1605 4910 PGE:

281 4940 338 4985 arnt
353 4935 407 4986 blo
426 4961 453 4970 -
472 4934 497 4984 9.
512 4934 625 4998 prodicit
640 4933 669 4985 P¹
689 4958 715 4970 -
735 4934 773 4983 dis
789 4936 821 4984 P:
839 4933 886 4983 diis
903 4932 967 4982 0-
984 4933 1023 4981 40.
1039 4945 1067 4994 ρ.
1085 4932 1102 4980 4.
1120 4931 1327 4993 1³;ptsots0-
1342 4945 1392 4981 oon
1409 4932 1507 4984 delexit
1523 4935 1607 4984 Erne-

282 5011 360 5069 stios;
382 5008 451 5060 coni.
470 5008 504 5060 de
521 5010 599 5072 Legg.
618 5009 651 5058 Ill
668 5007 682 5071 5
699 5009 740 5058 at.
762 5035 789 5044 -
813 5008 853 5056 44,
870 5012 971 5059 senuas
986 5013 1086 5057 motas
1102 5006 1180 5057 codd.
1199 5005 1336 5057 Lambini:
1354 5011 1442 5057 senato
1458 5013 1557 5058 asamar
1572 5010 1605 5065 P;

281 5083 505 5136 matusGEllO
518 5111 546 5120 -
561 5083 983 5146 modae--diccntellanutium
1000 5082 1284 5146 principiudiccotic
1303 5080 1440 5145 (paindPl
1454 5107 1481 5117 -
1501 5082 1541 5131 44.
1554 5095 1608 5131 ren-

282 5161 389 5210 tencicot
405 5161 424 5210 P
442 5184 469 5194 -
490 5158 529 5209 43.
548 5159 677 5208 discidium
689 5159 726 5208 C:
745 5159 873 5209 desidium
889 5159 909 5209 0
923 5184 950 5194 -
969 5156 1010 5208 44.
1029 5159 1067 5207 ito
1078 5161 1249 5220 permutatam
1265 5157 1314 5207 GE
1330 5183 1364 5193 -
1379 5158 1420 5206 lb.
1438 5156 1528 5220 adfinia
1543 5158 1563 5207 P
1578 5180 1603 5192 -

282 5233 434 5285 monus
454 5233 551 5284 circ:
575 5235 616 5283 cir
637 5234 825 5284 clamsdmoro
848 5262 874 5271 -
901 5233 941 5284 46.
961 5229 1122 5284 discordisP¹
1141 5257 1169 5266 -
1197 5232 1234 5281 47.
1253 5244 1281 5282 so
1300 5231 1395 5283 PGE:
1420 5232 1558 5281 etcollo
1576 5257 1603 5268 -

282 5310 323 5361 48.
338 5310 428 5372 nosset]
443 5313 522 5372 port..
542 5311 560 5371 (t
576 5309 602 5358 in
619 5310 719 5371 rasura)
737 5312 756 5360 P
773 5336 807 5347 -
821 5309 959 5371 poeniteret
973 5312 1008 5370 P;
1027 5311 1152 5371 poenitere
1168 5308 1189 5357 0
1207 5333 1233 5342 -
1252 5306 1300 5369 [aa
1315 5311 1351 5357 est
1366 5308 1432 5359 PG:
1453 5309 1488 5355 ort
1502 5306 1552 5368 soa
1569 5306 1605 5367 (E)

283 5382 337 5434 440
357 5410 383 5421 -
404 5383 443 5432 tt.
460 5384 519 5446 sedo
534 5396 566 5432 oc
582 5383 680 5432 latoosc
699 5386 718 5433 P
738 5410 765 5419 -
791 5384 832 5433 20.
851 5383 976 5447 monam]
997 5384 1124 5433 lammam
1140 5382 1189 5431 GE
1213 5409 1240 5418 -
1267 5382 1308 5431 24.
1326 5380 1493 5431 coniciebatur
1509 5382 1557 5430 PG
1576 5403 1604 5416 -

282 5458 323 5508 23.
340 5458 418 5509 odom
433 5460 466 5511 P:
484 5458 592 5516 idemG;
610 5458 696 5507 iisdem
712 5457 732 5507 0
752 5482 779 5493 -
797 5459 955 5521 circumspici
970 5460 1059 5510 PG-
1077 5456 1118 5507 44.
1136 5457 1253 5507 simlia
1268 5455 1310 5508 P³z
1327 5457 1441 5507 Medos
1456 5457 1498 5516 P¹;
1516 5457 1607 5506 widult

283 5534 315 5594 G;
333 5534 462 5585 siderali
477 5560 504 5570 -
521 5534 563 5584 26.
582 5533 672 5595 desani
688 5534 750 5592 PG;
769 5533 894 5596 desonam
909 5534 944 5582 in*
961 5530 1085 5584 Halmius.
1099 5557 1126 5567 -
1145 5532 1222 5582 odon
1238 5532 1303 5581 PG:
1321 5531 1438 5581 ibdsmo
1452 5558 1478 5567 -
1497 5532 1538 5582 27.
1555 5533 1607 5596 flo-

281 5609 389 5673 percuss
405 5608 550 5672 mandantis
561 5609 618 5670 GE)
635 5621 681 5658 cos
693 5608 813 5670 popmnm
830 5624 863 5659 .r.
881 5608 1059 5658 monton
1071 5608 1106 5659 C:
1125 5607 1246 5670 sapasim
1261 5608 1401 5658 ammaon
1417 5607 1604 5669 dmiderm,

280 5683 523 5747 4494444444)ωο
547 5684 729 5746 -444444134
749 5684 823 5735 PGE
844 5709 870 5718 -
896 5682 1217 5748 30.easbobet]aosocit
1233 5683 1273 5742 bl,
1296 5695 1349 5733 om.
1368 5683 1417 5732 GE
1437 5709 1463 5718 -
1482 5683 1606 5733 contiones

282 5758 347 5806 PG:
374 5756 501 5807 condones
518 5758 538 5808 0
557 5783 584 5793 -
607 5759 647 5808 34.
666 5762 694 5807 ot
713 5758 786 5808 modo
801 5759 892 5819 sebo,
910 5758 983 5807 modo
1000 5771 1064 5808 nos:
1086 5764 1115 5808 at
1135 5759 1209 5809 modo
1226 5757 1329 5819 (mediis
1346 5757 1458 5818 omissis)
1477 5757 1514 5816 C,
1537 5763 1565 5807 ut
1581 5771 1607 5808 se

281 5831 354 5882 modo
369 5832 420 5893 bis,
441 5833 514 5882 modo
531 5845 593 5883 cum
610 5831 736 5897 lambino
753 5833 813 5882 0-
832 5833 872 5883 34.
886 5845 911 5883 se
927 5834 1013 5883 om.P
1030 5833 1056 5883 in
1073 5830 1180 5894 lacuna,
1198 5830 1247 5884 sed
1263 5831 1376 5884 duarum
1394 5829 1540 5882 litteramm
1556 5843 1606 5883 vc-

281 5906 356 5972 stigia
372 5907 523 5973 supersunt.
541 5933 574 5944 -
589 5896 747 5959 haduidem
761 5909 828 5968 PG;
846 5907 1017 5958 maliem
1032 5907 1066 5959 44.
