3800 7350
314 1125 398 1204 4454
702 1129 895 1202 4444444144
915 1130 970 1193 ΕΤ
993 1127 1261 1202 comitatior.

313 1297 464 1360 decedens,
483 1309 565 1363 quum
583 1292 717 1346 aedilicios
735 1296 857 1347 homines
875 1307 968 1347 seeum
986 1293 1086 1358 legatos
1102 1294 1229 1358 haberet,
1253 1307 1306 1344 uon
1323 1293 1420 1345 horum
1438 1292 1578 1357 aiiquem,
1602 1290 1652 1341 sed

313 1383 345 1434 iis
362 1382 468 1434 reiectis
485 1380 616 1431 interioris
633 1377 731 1444 gradus
748 1378 896 1440 hominem,
920 1383 1106 1443 quaestorem,
1129 1391 1211 1443 prava
1229 1377 1373 1429 ambitione
1391 1377 1550 1443 provinciae
1568 1388 1653 1441 praa-

313 1466 428 1518 iecisset.
454 1467 482 1515 tn
500 1478 532 1515 aa
549 1477 578 1514 re
596 1460 731 1514 delectum
747 1462 828 1514 tuisse
852 1462 1018 1527 proconsulis
1041 1463 1269 1528 propraetorisve,
1292 1465 1405 1528 apparet
1421 1476 1485 1514 cum
1504 1472 1607 1527 perse
1626 1462 1654 1511 et

313 1550 433 1610 aliunde,
452 1551 509 1600 tum
525 1551 555 1599 ut
570 1548 622 1598 boc
639 1549 714 1609 utar,
733 1559 764 1597 ex
783 1547 859 1612 epist.
879 1546 913 1598 ad
930 1548 1047 1599 Atticum
1063 1548 1111 1609 Vi,
1129 1549 1145 1598 b
1162 1550 1189 1597 et
1207 1547 1231 1597 6.
1255 1548 1365 1598 tisana.

377 1662 419 1698 or.
432 1662 483 1708 pao
497 1650 618 1697 Plancio.
640 1640 656 1704 S
673 1640 689 1692 8
709 1653 735 1705 p.
755 1639 833 1699 4404,
851 1639 883 1690 44
899 1640 939 1691 uei
956 1641 1030 1703 quod]
1048 1640 1107 1691 tort.
1126 1640 1158 1690 id
1174 1641 1242 1702 quod
1258 1641 1311 1703 (Η.)
1325 1659 1329 1670 ·

376 1727 441 1792 §26
458 1741 485 1792 p.
504 1727 577 1785 4410,
596 1726 612 1776 8
628 1738 681 1775 scr.
698 1724 762 1774 votis
778 1724 929 1775 ominibus
947 1724 1107 1787 lacrimisque
1124 1724 1173 1786 (Η.)

377 1814 394 1875 s
412 1811 443 1863 43
459 1824 486 1875 p.
506 1811 579 1871 itis,
597 1807 623 1860 4.
641 1810 673 1859 iit
689 1808 719 1873 44(
735 1813 764 1858 ut
779 1808 801 1857 44
817 1808 880 1866 Em
900 1807 960 1859 tort.
978 1814 1036 1870 aut,
1054 1810 1076 1858 44
1093 1808 1142 1872 (ii.)

377 1895 394 1959 s
412 1894 443 1945 63
460 1907 486 1960 p.
505 1894 578 1952 4144,
596 1892 628 1944 48
653 1905 705 1943 scr.
728 1897 751 1942 te
771 1892 848 1942 etism
868 1893 1033 1955 reprebendo,
1059 1892 1125 1955 quod
1150 1905 1181 1942 eo
1197 1906 1247 1942 non
1270 1905 1435 1944 enumeret
1452 1893 1501 1957 (444
1517 1892 1566 1954 Τ),
1594 1891 1648 1941 utic

312 1980 437 2043 quoedom
453 1983 477 2028 et
491 1977 557 2027 44444
573 1976 741 2039 conquiris.
760 1976 810 2039 (44.)

379 2063 394 2127 5
410 2063 443 2114 78
459 2075 486 2128 p.
505 2061 579 2121 4444,
598 2062 622 2111 4.
640 2062 720 2112 iiecte
738 2059 861 2110 codices:
884 2060 926 2110 sed
942 2060 1003 2123 puio
1020 2073 1093 2122 saepe
1109 2066 1262 2111 4444444444
1274 2066 1404 2125 propter
1420 2062 1572 2124 4144444444
1588 2060 1649 2110 bene

312 2150 342 2200 de
357 2160 397 2198 nse
412 2146 558 2198 4444444444
573 2146 639 2196 inter
654 2145 720 2207 ipsos
735 2145 900 2195 contentiones
916 2147 984 2205 cet.;
1003 2157 1065 2195 uum
1083 2159 1136 2195 non
1151 2144 1216 2196 vidit
1227 2146 1350 2197 Garatoni
1364 2151 1470 2210 propter
1481 2144 1647 2196 adverbium

313 2245 373 2286 4444
391 2233 418 2282 44
433 2229 467 2280 ad
484 2232 637 2283 concurrunt
652 2228 796 2294 pertinere.

377 2316 394 2379 s
410 2315 443 2367 86
460 2327 486 2380 p.
500 2312 601 2375 1449,4
619 2311 678 2363 tort
689 2311 792 2375 (4444444
803 2312 919 2375 idaeos,
937 2312 1030 2374 copiis
1045 2312 1583 2376 retipiorieattoeibueintotiseffeminoto
1594 2311 1646 2374 (44.)

379 2401 396 2463 s
412 2399 445 2449 88
462 2411 490 2463 p.
503 2396 576 2458 4449,
590 2396 621 2447 34
637 2396 664 2446 44
681 2394 850 2446 adnotatione
861 2394 942 2447 scrib.
962 2396 1069 2446 «4414444
1084 2409 1135 2447 eus
1145 2397 1175 2459 0,
1194 2397 1239 2460 qui
1250 2398 1317 2448 ordo
1328 2395 1475 2448 verborum
1486 2396 1571 2447 etiicit
1582 2408 1646 2446 uer-

312 2495 373 2536 sum
390 2483 601 2533 hexametrum.-

378 2567 441 2631 ssi
460 2579 485 2630 p.
505 2564 581 2625 1434,
600 2565 632 2616 tit
653 2563 735 2617 scrib.
753 2578 817 2628 quoe
838 2578 863 2616 se
882 2565 986 2629 potius
1008 2566 1253 2630 44444444--444444
1271 2570 1415 2629 poterium
1437 2577 1500 2617 nam
1516 2564 1559 2616 vet
1581 2566 1646 2615 ante

311 2654 395 2715 potius
411 2648 532 2700 adhaesit
548 2662 581 2699 ex
597 2662 623 2698 v.
643 2648 683 2701 44.
701 2648 752 2712 (ii.)

378 2762 429 2808 pao
442 2750 553 2797 Rabirio
567 2750 706 2796 Postume.
728 2742 744 2805 s
762 2742 773 2791 4
797 2754 825 2806 p.
844 2741 917 2803 4436,
936 2743 947 2792 4
974 2744 1041 2805 quod
1058 2744 1220 2806 fortunarum
1235 2757 1342 2795 4444444
1356 2744 1478 2806 Mutus
1490 2743 1647 2806 pemati-e

314 2833 389 2890 utque
399 2828 489 2891 optione
499 2826 645 2876 (4444444444
655 2838 712 2889 oper
724 2827 793 2876 coni.
806 2826 1009 2888 Mommsenius,
1028 2831 1164 2893 receptam
1175 2827 1315 2880 tectionem
1327 2824 1512 2892 interpolatam
1524 2826 1645 2878 babens.

378 2911 471 2986 si'p.
489 2918 563 2980 4430,
580 2919 613 2970 40
629 2919 651 2969 ti
667 2920 766 2980 quidem
781 2933 832 2969 ooo
847 2921 920 2971 modo
935 2922 963 2971 in
979 2921 1064 2985 pierio
1079 2925 1118 2972 rei
1133 2922 1251 2972 4444444444
1265 2921 1370 2972 Pontum
1386 2922 1471 2984 Scipio
1487 2927 1534 2971 caet
1551 2922 1647 2972 Nuri-

311 3018 381 3057 mum
399 3005 479 3069 44444,
501 3004 543 3054 red
563 3004 639 3055 etiem
661 3007 713 3054 cet.
745 3002 812 3056 itale
834 3017 877 3056 me
901 3003 977 3070 ptura
994 3003 1095 3056 babent
1110 3006 1137 3056 in
1153 3004 1205 3057 hoc
1221 3004 1294 3065 loco,
1316 3006 1479 3071 primumi).
1497 3006 1645 3065 Maximus,

312 3088 422 3156 Aemilio
444 3086 538 3149 Pauio,
563 3088 733 3140 Macedoniae
755 3088 863 3148 victori,
889 3089 935 3152 qui
956 3091 1087 3155 posterior
1108 3088 1168 3151 tuit,
1192 3091 1366 3154 postpositus,
1389 3088 1486 3141 deinde
1508 3089 1587 3141 idem
1603 3090 1647 3140 sic

312 3176 369 3225 sina
392 3172 564 3238 praenomine
587 3172 733 3238 appellatus
756 3173 830 3235 inam
850 3173 957 3223 Porticus
980 3172 1113 3224 adiectum
1136 3174 1263 3239 Scipionis
1279 3187 1378 3225 numen
1394 3173 1506 3226 definire
1522 3173 1645 3237 videtur,

313 3260 363 3311 etsi
379 3256 422 3309 vel
439 3257 478 3308 sio
490 3256 624 3309 Ciceronis
642 3258 711 3308 mori
728 3258 812 3321 magis
829 3258 984 3308 conveniret
1000 3259 1029 3309 t.
1041 3258 1167 3319 Pauirenj,
1186 3261 1243 3309 tum
1260 3259 1449 3311 inconcinnitas
1466 3260 1535 3310 baec
1553 3271 1647 3309 mem-

312 3341 437 3394 brorum:
456 3342 562 3393 Potitum
579 3342 698 3404 Scipio,
716 3342 859 3393 Maximum
875 3342 979 3406 (44444,
998 3343 1073 3405 quusi
1085 3342 1172 3407 Scipio
1183 3339 1255 3392 Pauli
1273 3341 1340 3393 iilius
1357 3355 1410 3392 non
1421 3342 1513 3404 tuerit,
1533 3346 1646 3407 postre-

313 3440 370 3487 mo,
390 3425 461 3490 quod
479 3427 509 3487 Q.
522 3426 673 3487 Maximum,
693 3427 723 3486 Q.
738 3425 904 3477 cunctatoris
915 3424 1008 3488 fitium,
1026 3424 1095 3476 nnita
1108 3427 1203 3476 eximia
1218 3425 1279 3476 betti
1291 3425 1371 3490 gioria
1383 3425 1520 3477 illustravit
1532 3428 1644 3490 (quam-

313 3523 394 3575 quam
417 3511 510 3562 Cicero
534 3510 569 3561 ud
591 3509 730 3561 familiares
753 3510 795 3572 444,
814 3511 829 3560 6
852 3524 963 3575 magnas
985 3524 1029 3563 444
1052 3511 1166 3575 gessisse
1183 3510 1267 3573 diuiti:
1292 3524 1353 3560 nam
1371 3509 1443 3574 quod
1459 3522 1509 3575 pro
1524 3510 1596 3575 filisa
1614 3513 1643 3562 in

313 3595 393 3647 codd.
412 3595 454 3646 est
470 3595 564 3659 fliium,
587 3592 615 3644 id
636 3595 663 3644 in
684 3594 735 3645 buc
758 3595 877 3645 oratione
901 3594 964 3646 nibil
984 3595 1065 3646 babet
1081 3596 1210 3646 momenti
1229 3595 1269 3657 (44.
1288 3594 1480 3659 gipeswic,
1503 3595 1645 3645 einaim

312 3694 362 3747 pro
379 3685 402 3730 et
417 3685 526 3743 444444,
543 3679 632 3742 etetpoe
647 3693 697 3744 pro
709 3680 787 3742 44444,
805 3678 847 3742 §b
864 3692 921 3729 4444
934 3693 1002 3743 mern
1012 3693 1146 3745 mopiam,
1164 3679 1358 3744 §seciorem
1373 3693 1422 3745 pro
1431 3679 1565 3730 notissimo
1575 3681 1644 3743 cet.)

312 3765 392 3816 Venit
413 3765 478 3816 mibi
499 3765 525 3815 in
548 3767 681 3815 mentem:
704 3763 810 3827 Pontion
831 3763 914 3827 Scipio
931 3769 977 3814 out
992 3765 1123 3814 4444444444
1138 3763 1214 3829 44440,
1238 3765 1268 3814 nt
1284 3775 1352 3814 unus
1368 3766 1445 3828 pater
1460 3762 1559 3815 Paulus
1576 3776 1643 3815 cnm

312 3851 340 3902 P.
360 3850 441 3901 Decio
458 3849 646 3914 componatur,
665 3846 736 3898 Pauli
752 3849 842 3898 autem
861 3850 973 3912 utemne
990 3847 1058 3899 titius
1076 3848 1131 3912 (qui
1142 3847 1251 3912 quidem
1261 3844 1462 3912 superstasiuit)
1474 3849 1641 3909 nominetnr;

313 3947 375 3986 nam
401 3935 481 3985 etiam
507 3934 537 3994 Q.
556 3932 685 3983 Maximus
707 3930 884 3994 Aemilianus,
911 3933 961 3983 etsi
982 3933 1077 3983 minori
1097 3932 1170 3983 tratri
1193 3932 1301 3983 minime
1324 3944 1372 3996 par
1387 3931 1435 3983 init
1452 3932 1532 3995 (baal.
1551 3933 1569 3996 s
1585 3933 1641 3995 69),

312 4022 403 4070 4444444
420 4015 513 4069 bellica
530 4015 611 4082 gioria
635 4030 667 4066 cx
687 4014 758 4066 betto
775 4015 916 4067 Viriatbico
938 4030 992 4067 non
1014 4017 1099 4067 caruit
1121 4017 1169 4078 (44,
1196 4017 1219 4067 44
1238 4017 1357 4081 Appiano
1379 4014 1528 4078 credimus,
1556 4018 1642 4068 etism

311 4103 470 4156 Numantino
493 4100 610 4152 interfuit
630 4098 732 4163 legatus
756 4098 864 4162 44444444,
886 4102 930 4162 ut,
954 4102 1075 4164 quumvis
1097 4112 1194 4164 perse
1218 4099 1291 4152 solus
1308 4100 1351 4151 bic
1367 4101 1498 4151 nominari
1514 4113 1571 4151 non
1588 4099 1642 4152 de·

311 4186 401 4240 buerit
417 4190 479 4250 (non
495 4187 579 4248 magis
597 4197 677 4249 quam
695 4185 862 4235 cunctatoris
878 4182 959 4246 fliius,
978 4186 1007 4235 ut
1018 4184 1145 4247 videtur),
1164 4186 1253 4235 tamen
1271 4197 1333 4236 cum
1344 4183 1424 4235 tratre
1435 4184 1461 4235 tn
1473 4184 1525 4236 boc
1537 4198 1640 4250 genere

312 4272 458 4324 clarissimo
480 4270 602 4333 coniungi
621 4269 748 4341 potuerit.
780 4268 816 4319 Ea
839 4269 929 4318 tamen
946 4270 990 4319 est
1010 4268 1077 4320 baec
1095 4270 1260 4333 coniectura,
1279 4282 1311 4320 ex
1328 4282 1380 4333 qna
1398 4270 1501 4320 animus
1518 4282 1574 4320 non
1591 4283 1641 4320 ac-

311 4358 431 4421 quiescat
447 4354 544 4406 fiducia
560 4354 617 4404 veri
633 4353 732 4404 inventi
749 4351 928 4403 confirmatus.
957 4351 1036 4404 Paulo
1052 4357 1114 4403 ante
1131 4355 1219 4417 (4.19(
1237 4355 1355 4418 proxime
1372 4352 1517 4404 adrerum
1534 4354 1642 4405 Scbue·

311 4442 378 4492 taius
395 4441 541 4492 accessisse
558 4438 678 4499 videtur,
698 4437 747 4488 etsi
764 4437 829 4487 mibi
845 4439 875 4487 ut
890 4436 917 4487 in
934 4450 964 4488 re
981 4438 1082 4488 incerta
1098 4438 1167 4490 bueo
1183 4437 1268 4490 torma
1285 4439 1369 4502 magis
1384 4436 1486 4502 piacet:
1504 4438 1571 4488 boec
1585 4439 1642 4502 {ere

311 4525 355 4587 put
371 4530 429 4575 4444
444 4526 496 4575 dur
512 4524 611 4587 4444444,
629 4523 695 4584 quod
711 4534 791 4573 444444
806 4521 934 4572 boemico
950 4535 982 4571 oc
997 4523 1119 4572 mensorio
1131 4528 1237 4588 putrem
1251 4524 1344 4574 cirtuoe
1361 4521 1507 4586 (virtutem)
1523 4523 1638 4585 celebret,

310 4609 466 4671 (4444444444
487 4621 554 4671 pera.
589 4606 716 4659 tiendum
740 4607 767 4659 in
794 4606 878 4658 verbo
902 4605 1007 4657 44444441
1031 4609 1119 4657 ortum
1141 4606 1260 4671 videtur,
1286 4619 1349 4658 cum
1365 4605 1459 4657 tineota
1475 4605 1559 4659 attero
1576 4605 1638 4658 ioco

311 4690 452 4757 (44444444)
469 4691 571 4754 addita,
589 4690 672 4742 altero
688 4690 824 4756 (4444444444)
842 4690 961 4743 detracta
978 4692 1059 4743 esset.
1081 4693 1192 4743 4444444.

376 4777 392 4841 s
411 4777 442 4827 44
459 4789 485 4841 p.
504 4774 577 4837 4439,
595 4775 636 4826 441.
659 4776 743 4839 Pingit
759 4776 853 4826 Cicero
870 4788 899 4826 se
917 4788 980 4827 oum
996 4773 1084 4827 iudice
1101 4776 1202 4839 atiquo,
1221 4776 1267 4839 qui
1283 4775 1337 4826 ium
1353 4775 1380 4825 in
1397 4774 1536 4826 Gabinium
1553 4774 1637 4827 sede—

309 4861 366 4920 rat,
383 4859 418 4912 de
436 4858 531 4911 Rabirii
548 4872 642 4921 censa,
663 4859 782 4910 iudicum
798 4861 942 4926 potestate,
965 4858 1030 4924 tegis
1049 4859 1128 4910 tuliae
1145 4861 1276 4911 sententia
1294 4860 1329 4910 ita
1346 4859 1585 4920 sermocinantem,
1607 4863 1638 4911 ut

311 4945 368 5009 ipse
389 4947 469 5008 neget
488 4944 545 4996 iure
566 4956 637 4993 nunc
660 4944 814 4994 Postumum
836 4956 866 4994 eu
888 4943 947 5007 iege
970 4946 1088 4995 uocusari
1109 4944 1242 5008 indicique
1259 4944 1401 5008 quicquam
1418 4943 1444 4993 in
1461 4955 1524 4994 enm
1540 4942 1635 5005 licere,

310 5027 390 5079 iudex
407 5026 551 5078 detondere
569 5029 681 5079 conetur
695 5030 851 5079 Postumum
868 5031 942 5079 recte
959 5041 1024 5080 suae
1041 5026 1154 5079 tabellae
1172 5027 1317 5079 obnoxium
1334 5039 1404 5078 esso.
1430 5028 1515 5078 444444·
1530 5027 1575 5078 siti
1591 5033 1637 5078 tu-

310 5111 375 5163 seua
396 5112 482 5162 iudicii
504 5113 566 5174 (scr.
583 5111 673 5172 iudioi3
697 5124 760 5162 nam
781 5111 869 5163 iudicii
892 5112 989 5164 tabetta
1013 5111 1083 5163 nulia
1100 5113 1166 5176 est),·
1188 5126 1241 5176 pun
1256 5109 1328 5176 ispe?
1348 5136 1374 5149 -
1396 5110 1463 5161 14444
1477 5112 1509 5163 de
1520 5113 1638 5173 peruiis

309 5196 502 5259 4444144444.-
522 5195 575 5258 Quo
597 5197 627 5247 de
647 5195 1044 5259 reci-Deepoiteiiomoeo.
1065 5195 1582 5260 -Atisteordoeoiapeeonteeetun
1604 5220 1633 5235 -

311 5280 403 5345 (4444,
426 5280 521 5343 inquit,
544 5281 626 5342 cupite
643 5281 708 5343 quod
727 5286 783 5331 erut
801 5281 829 5330 ier
844 5281 986 5332 socom
1003 5282 1069 5345 quod
1083 5283 1111 5332 in
1127 5281 1262 5332 Gubioirtss
1277 5281 1355 5331 444444
1370 5292 1433 5330 enee
1447 5279 1509 5328 nuo
1525 5280 1636 5332 Gabinio

310 5365 370 5415 dcto
387 5365 434 5429 (sic
450 5362 545 5424 codd.;
565 5377 618 5414 non
634 5364 866 5427 mancipationis
880 5378 937 5416 ersa
953 5365 1007 5416 titer
1023 5366 1187 5430 4444444444(
1242 5366 1248 5377 ’
1344 5364 1396 5428 iot
1411 5377 1479 5415 4444
1494 5365 1579 5415 sudio.
1605 5366 1636 5416 in

310 5447 352 5498 bis
369 5449 508 5509 extremis,
533 5459 601 5511 quae
624 5447 763 5498 manifesto
781 5448 874 5499 vitiose
897 5451 974 5513 sunt,
997 5452 1113 5515 primum
1130 5449 1210 5500 indici
1226 5451 1318 5514 aperte
1335 5448 1374 5499 sic
1391 5446 1478 5498 danda
1493 5449 1557 5499 sunt
1571 5447 1634 5502 iiie:

309 5531 368 5593 Itto,
386 5533 481 5595 444444,
498 5532 579 5596 cupite
594 5533 622 5582 et
638 5531 704 5582 boc:
722 5537 751 5582 ut
765 5545 833 5583 nune
848 5533 938 5597 sudio,
956 5535 987 5584 ut
1003 5535 1139 5586 interiecta
1158 5533 1293 5585 Ciceronis
1309 5531 1407 5594 rerba,
1424 5543 1493 5596 quae
1510 5544 1574 5584 cum
1590 5532 1636 5582 iu-

229 5654 235 5665 ,
310 5615 377 5667 dicis
394 5613 563 5679 coaluerunt,
580 5617 746 5681 separentur.
773 5617 811 5667 Ex
826 5616 868 5670 his
884 5622 914 5668 ot
928 5631 996 5670 4444
1012 5619 1092 5670 sedeo
1103 5618 1229 5684 apparet,
1248 5617 1405 5669 ciceronem
1414 5628 1544 5681 negmse,
1561 5616 1636 5667 iudi·

310 5712 371 5752 cem
392 5703 470 5752 antea
492 5701 635 5767 quicquam
657 5698 692 5751 de
711 5701 838 5753 Postumo
855 5701 977 5764 audisse;
1001 5703 1107 5772 poterat
1122 5704 1213 5753 autem
1230 5701 1267 5766 (44
1282 5699 1399 5752 debebat
1414 5700 1551 5752 ciceronis
1567 5712 1636 5752 sen·

309 5783 406 5848 444444.
428 5785 453 5839 44
472 5784 531 5847 iiiia
550 5797 624 5851 414144
645 5782 680 5839 (14
701 5784 829 5845 Postumo
850 5787 1011 5847 4444444444
1031 5785 1133 5842 taturus
1155 5786 1220 5852 erat)
1242 5785 1286 5839 bis
1306 5784 1439 5845 audivisse
1458 5786 1507 5847 ‚aut
1525 5784 1634 5853 inipso
