3800 7350
322 1171 403 1240 loos
742 1172 893 1239 ORATIO
915 1173 957 1239 ΙΝ
977 1174 1013 1237 L.
1034 1173 1211 1240 PISONEM

321 1343 466 1408 cedant
487 1362 592 1408 arma
613 1352 759 1425 togae.»
806 1342 889 1417 Quid
915 1346 1004 1407 iunii
1043 1344 1146 1407 «llaec
1169 1363 1219 1407 res
1241 1344 1295 1407 tibi
1317 1345 1428 1408 ductus
1456 1345 1530 1409 illos
1554 1348 1641 1410 exci-

320 1438 424 1502 tarit.»
469 1439 510 1499 At
530 1437 590 1500 hoc
611 1456 766 1519 nusquam
787 1437 901 1518 opinor
922 1437 1071 1520 scriptum
1093 1437 1193 1500 fuisse
1215 1438 1247 1500 in
1269 1437 1325 1499 illo
1348 1438 1469 1521 elogio,
1501 1438 1588 1523 quod
1611 1447 1641 1503 te

319 1531 449 1595 cousulc
471 1530 504 1593 iu
525 1530 673 1611 sepulcro
696 1529 740 1592 rei
763 1529 908 1612 publicae
929 1529 1062 1592 incisum
1085 1539 1147 1595 est:
1174 1531 1294 1593 «velitis
1309 1529 1457 1607 iubentis,
1480 1540 1532 1607 ut,
1555 1533 1641 1618 quod

319 1627 360 1687 M.
383 1624 492 1687 Cicero
513 1643 639 1687 versum
659 1621 810 1695 fecerit»,
833 1621 889 1684 scd
913 1622 1019 1706 equod
1041 1622 1238 1686 vindicarit.»

296 1720 311 1764 ὅ
403 1719 504 1781 XXX.
526 1712 577 1778 73.
599 1717 714 1778 Varum
738 1722 856 1788 tamen,
878 1715 1029 1797 quoniam
1044 1724 1075 1779 te
1091 1737 1154 1779 nou
1170 1718 1401 1793 Aristarchum,
1423 1719 1478 1781 scd
1495 1720 1642 1784 Phalarin

318 1812 552 1896 grammaticum
574 1808 740 1883 babemus,
762 1810 904 1891 quinon
925 1816 1031 1871 notam
1055 1830 1193 1894 apponas
1215 1811 1254 1873 ad
1278 1811 1394 1874 malum
1417 1834 1561 1887 versum,
1585 1815 1642 1877 sed

319 1913 442 1992 poiitam
463 1904 558 1968 armis
579 1922 786 1986 persequare,
809 1902 889 1964 scire
912 1902 1022 1983 cupio,
1046 1903 1123 1985 quid
1145 1905 1271 1967 tandem
1293 1906 1327 1967 in
1349 1906 1409 1969 isto
1427 1927 1519 1970 versu
1535 1927 1642 1990 repre-

319 2000 439 2064 hendas
463 1996 635 2062 «cedant
654 2016 759 2060 arma
788 2004 941 2078 togae.»
969 2028 1011 2041 -
1043 1999 1147 2059 «Tuae
1169 1998 1267 2060 dicis»
1290 2000 1393 2082 inquit
1423 2010 1534 2083 «togae
1557 2022 1643 2065 sum-

319 2114 404 2156 mum
417 2094 636 2175 imperatorem
652 2110 721 2153 esse
737 2108 926 2152 cessurum.»
971 2088 1054 2165 Quid
1069 2110 1153 2152 nuuc
1168 2098 1215 2164 te,
1231 2092 1334 2167 asine,
1351 2092 1470 2157 litteras
1487 2094 1642 2159 doceam?

282 2202 382 2250 conon
410 2206 490 2269 opus
518 2194 567 2248 cst
592 2184 712 2258 verbis,
747 2184 801 2248 sed
829 2181 976 2245 fustibus.
1020 2186 1090 2246 Non
1120 2184 1185 2246 dixi
1214 2184 1295 2247 hauc
1325 2194 1446 2269 togam,
1480 2209 1542 2271 qua
1571 2209 1642 2251 sum

319 2282 468 2353 amictus,
500 2299 560 2343 nec
587 2297 673 2340 arma
702 2286 822 2341 scutum
849 2285 904 2339 aut
933 2277 1073 2358 gladium
1096 2279 1189 2340 unius
1212 2279 1427 2362 imperatoris,
1459 2283 1532 2357 sed,
1568 2283 1642 2367 quia

319 2376 404 2458 pacis
426 2380 475 2437 cst
496 2373 619 2455 insigne
641 2378 673 2434 et
694 2371 751 2433 otii
772 2379 859 2452 toga,
890 2377 1000 2432 contra
1021 2379 1126 2435 autem
1148 2391 1233 2435 arma
1256 2374 1409 2436 tumultus
1432 2384 1528 2461 atque
1551 2376 1639 2450 belli,

319 2475 483 2552 poetarum
515 2485 602 2530 more
631 2465 755 2528 locutus
784 2463 845 2525 boc
872 2462 1007 2545 intelligi
1038 2465 1140 2539 volui,
1176 2464 1293 2528 bellum
1317 2486 1354 2530 ac
1376 2469 1546 2532 tumultum
1570 2471 1642 2553 paci

319 2570 413 2647 atque
429 2562 495 2625 otio
509 2579 740 2624 concessurum.
783 2553 835 2619 il.
858 2557 982 2632 Quaere
998 2578 1037 2620 ex
1058 2557 1205 2622 familiari
1220 2568 1291 2633 tuo,
1315 2561 1435 2625 Graeco
1457 2562 1513 2627 illo
1528 2570 1642 2646 potita:

283 2656 463 2740 reprobabit
493 2675 592 2740 genus
621 2654 723 2735 ipsum
754 2661 785 2714 et
811 2659 978 2733 agnoscet,
1017 2672 1120 2736 neque
1151 2661 1181 2716 te
1214 2654 1293 2716 nihil
1327 2675 1436 2738 sapere
1469 2656 1643 2720 mirabitur.

321 2752 379 2813 «nt
399 2750 432 2812 in
454 2747 552 2812 altero
573 2748 646 2810 illos
670 2746 775 2829 inquit
800 2743 947 2807 chacres:
977 2746 1173 2809 concedat
1194 2745 1332 2810 laurea
1356 2748 1496 2813 laudi.»
1542 2752 1642 2814 lmmo

319 2841 520 2907 mehercule
541 2840 642 2905 habeo
663 2840 719 2902 tibi
741 2839 892 2922 gratiam3
921 2837 1084 2902 haererem
1107 2840 1209 2913 enim,
1231 2841 1292 2903 uisi
1316 2850 1348 2904 tu
1370 2862 1420 2904 me
1444 2843 1642 2925 expedisses.

318 2938 397 2999 Nam
418 2956 489 2999 cum
511 2942 545 2997 tu
567 2933 695 2999 timidus
717 2953 754 2995 ac
775 2939 912 2995 tremens
935 2933 997 2994 tuis
1014 2933 1081 3016 ipsc
1095 2933 1297 2996 furacissimis
1313 2936 1457 2999 manibus
1472 2935 1643 3001 detractam

319 3030 497 3094 conuentis
528 3029 666 3094 fascibus
696 3026 835 3091 lauream
864 3026 903 3089 ad
934 3035 1059 3109 portam
1081 3027 1279 3111 Esquilinam
1307 3028 1463 3102 abiecisti,
1495 3028 1643 3093 iudicasti

276 3139 383 3190 eonon
403 3125 499 3189 modo
521 3121 750 3206 amplissimae,
783 3118 839 3184 sed
867 3121 963 3183 etiam
986 3121 1133 3184 minimae
1163 3121 1249 3184 laudi
1272 3121 1412 3186 lauream
1434 3123 1641 3186 concessisse.

317 3221 422 3303 Atque
443 3219 504 3283 ista
525 3216 665 3281 oratioue
686 3215 748 3278 hoc
769 3223 873 3278 4444444444
895 3214 1046 3296 intelligi,
1076 3215 1245 3290 scelerate,
1274 3218 1337 3291 ris,
1368 3216 1553 3299 Pompeium
1581 3217 1643 3281 ini·

317 3313 431 3377 micum
459 3310 537 3374 mihi
566 3310 628 3373 isto
655 3329 747 3372 versu
776 3328 846 3371 esso
875 3306 1012 3370 lactum:
1050 3317 1100 3383 ut,
1134 3309 1160 3371 si
1183 3330 1291 3373 versus
1315 3310 1391 3373 mibi
1413 3310 1570 3385 nocuerit,
1602 3310 1642 3374 ab

318 3428 373 3481 oo,
404 3426 499 3489 quem
527 3406 555 3467 is
584 3422 693 3465 versus
722 3400 904 3474 offenderit,
934 3401 1078 3464 videatur
1108 3402 1183 3465 mihi
1212 3403 1369 3486 pernicies
1392 3424 1462 3467 esse
1486 3404 1641 3486 quaesita.

318 3498 369 3562 75.
393 3498 512 3562 Omitto
535 3496 612 3559 nihil
634 3497 729 3560 istum
750 3515 875 3558 versum
897 3495 1087 3577 pertinuisse
1108 3495 1147 3558 ad
1171 3496 1280 3570 illum;
1311 3516 1374 3559 uon
1403 3495 1503 3559 fuisse
1526 3516 1642 3572 meum,

280 3608 413 3679 nequem
435 3597 589 3677 quantum
609 3589 784 3671 potuissem
806 3588 911 3651 multis
938 3608 1033 3671 saepe
1059 3588 1255 3652 orationihus
1283 3589 1471 3673 scriptisque
1494 3588 1645 3653 decoras-

317 3709 401 3763 sem,
422 3687 506 3750 bunc
528 3705 592 3747 uuo
614 3683 732 3746 violare
755 3702 858 3745 versu.
903 3682 964 3745 Sed
988 3682 1029 3745 sit
1051 3685 1200 3746 offensus.
1246 3684 1347 3746 Primo
1370 3703 1643 3767 nouuecompen-

318 3783 399 3846 sabit
425 3802 496 3844 oum
523 3797 588 3841 uno
616 3777 773 3840 versiculo
803 3783 849 3839 tot
875 3796 944 3839 mea
967 3777 1128 3839 volumina
1157 3777 1285 3840 laudum
1307 3780 1457 3840 suarum?
1496 3779 1590 3854 Quod
1614 3780 1641 3841 si

240 3901 242 3903 ’
319 3886 366 3940 est
387 3881 577 3946 commotus,
609 3868 649 3934 ad
678 3869 892 3952 perniciemne
922 3890 985 3932 nou
1007 3871 1109 3932 dicam
1130 3870 1332 3945 amicissimi,
1366 3892 1431 3934 nou
1453 3873 1496 3951 ita
1519 3872 1558 3935 de
1583 3893 1643 3936 sua

317 3969 411 4032 laude
426 3966 546 4041 meriti,
568 3964 698 4028 nonita
720 3962 759 4024 dc
781 3982 815 4024 re
837 3962 981 4045 publica,
1002 3984 1068 4026 uon
1083 3964 1274 4038 consularis,
1297 3985 1362 4028 non
1378 3966 1552 4040 senatoris,
1575 3987 1639 4030 non

281 4063 411 4137 oocivis,
433 4080 497 4125 uon
519 4059 626 4121 liberi:
648 4090 690 4102 -
712 4058 744 4119 in
765 4055 904 4118 bominis
926 4064 1021 4140 caput
1042 4057 1096 4120 ille
1119 4067 1180 4121 tam
1203 4059 1341 4122 crudelis
1363 4066 1492 4142 propter
1513 4078 1638 4123 versum

317 4155 449 4219 fuisset‘i
492 4152 609 4215 XXXl.
643 4152 691 4212 Tu
713 4149 807 4234 quid,
836 4157 871 4211 tu
893 4152 977 4232 apud
1000 4172 1098 4234 quos,
1128 4160 1162 4214 tu
1186 4152 1311 4234 dequo
1334 4152 1439 4225 dicas,
1462 4150 1641 4234 intelligis?

320 4247 491 4332 complecti
519 4247 567 4309 ris
588 4244 799 4327 amplissimos
831 4243 916 4307 viros
938 4243 978 4307 ad
1001 4254 1089 4308 tuum
1119 4253 1151 4307 et
1173 4246 1296 4308 Gabinii
1321 4247 1442 4320 scelus,
1475 4264 1581 4328 neque
1609 4242 1661 4307 id·

775 4417 787 4422 -
797 4417 961 4424 --——.-....-

386 4522 410 4569 4.
428 4519 488 4581 qaid
503 4523 531 4566 to
547 4518 563 4565 S
583 4542 609 4550 -
632 4527 673 4563 res
694 4526 748 4564 om.
768 4514 786 4563 E
809 4512 891 4564 solus.
913 4541 939 4550 —
964 4517 988 4564 2.
1007 4516 1033 4564 in
1051 4529 1079 4565 eo
1096 4515 1173 4579 elogio
1184 4541 1222 4552 --
1233 4515 1338 4564 incisim
1355 4521 1390 4565 cst
1406 4514 1483 4565 atteri
1499 4517 1645 4568 Arusianus

321 4608 346 4658 p.
364 4594 413 4645 aii
430 4595 458 4644 4..
479 4620 505 4629 -
525 4591 549 4640 3.
567 4595 595 4639 ot
611 4591 678 4651 quod
693 4589 728 4636 V:
747 4594 775 4637 444
789 4603 840 4637 non
856 4591 923 4650 quod
938 4591 958 4639 C
977 4616 1004 4625 —
1024 4590 1048 4640 t.
1067 4604 1109 4640 vv.
1126 4592 1167 4641 scd
1183 4591 1250 4651 qood
1264 4591 1400 4640 vindicarit
1414 4591 1535 4641 Ernestio
1552 4593 1580 4641 et
1592 4592 1645 4641 Ga-

321 4672 370 4717 rat.
389 4666 525 4717 adiecticia
542 4664 673 4714 videntur.
693 4689 720 4698 -
744 4664 768 4712 5.
787 4663 906 4712 Phaloria
927 4664 1043 4713 Faernus
1061 4678 1092 4714 ex
1111 4665 1140 4725 V,
1159 4668 1188 4714 ut
1206 4665 1324 4715 videtur:
1345 4666 1473 4716 4044444444
1489 4666 1509 4716 C
1528 4691 1555 4701 —
1575 4666 1600 4716 i.
1618 4665 1645 4715 in

249 4769 252 4775 ·
320 4746 366 4792 isto
383 4742 482 4792 volt:
500 4742 547 4790 isto
564 4740 589 4787 in
607 4738 708 4788 EFSO
722 4763 750 4773 -
767 4737 952 4798 reprehendier
967 4764 992 4772 -
1008 4738 1047 4787 44,
1061 4752 1144 4800 anno,
1162 4745 1258 4789 scritum
1274 4741 1428 4803 4444440-
1447 4744 1493 4791 cot
1508 4740 1544 4788 V:
1563 4739 1645 4791 nco

325 4845 350 4853 —
370 4818 431 4880 pois
447 4818 483 4864 V:
502 4827 568 4876 quoe
584 4815 648 4871 EG;
668 4814 733 4876 qood
750 4813 822 4862 FSO
841 4838 867 4847 -
892 4812 931 4862 43.
949 4826 1019 4862 mors
1032 4819 1163 4876 poctarum
1180 4814 1199 4863 C
1221 4842 1248 4850 -
1266 4815 1408 4865 conlocatos
1424 4815 1455 4875 V,
1475 4813 1547 4864 unde
1564 4815 1645 4865 Lam·

322 4892 400 4943 binus
423 4897 476 4940 teon
496 4890 605 4947 lonorn3
627 4887 687 4937 tort.
705 4888 873 4936 conlocutus
887 4900 942 4936 som
963 4915 989 4923 -·
1009 4887 1049 4938 ti.
1068 4902 1193 4938 cessurum
1210 4891 1230 4937 G
1248 4915 1275 4924 -
1296 4893 1335 4940 45.
1352 4889 1648 4954 probabis-wasonis

323 4970 371 5019 EG
391 4992 418 5003 -
438 4966 478 5014 40.
495 4965 538 5013 itto
554 4964 634 5013 suero
650 4963 670 5012 C
685 4990 712 4999 -
733 4962 817 5011 «44444444
833 4963 906 5011 recte
924 4962 967 5011 hic
984 4975 1013 5012 se
1030 4963 1144 5024 hahere,
1164 4966 1235 5013 rcctc
1253 4966 1287 5013 dc
1305 4964 1378 5014 Ollio.
1392 4966 1414 5025 Ι,
1432 4965 1478 5025 ii,
1497 4965 1528 5015 ’47
1545 4964 1647 5028 napum

323 5042 387 5092 mihi
403 5051 560 5104 persuasum
578 5039 632 5088 est:
659 5049 721 5087 uam
738 5037 897 5087 observante
914 5037 1007 5086 Beiero
1024 5034 1040 5086 l.
1060 5036 1076 5087 l.
1095 5051 1121 5102 p.
1141 5037 1183 5087 t8t
1204 5050 1263 5087 voc.
1283 5038 1360 5088 nimis
1376 5038 1535 5088 invidiosum
1552 5040 1646 5102 postes

323 5117 473 5181 permutare
495 5126 557 5164 cum
574 5112 734 5163 modestiore
756 5114 886 5176 poterat.»
905 5112 1005 5161 ossum.
1032 5113 1065 5162 rit
1082 5114 1108 5162 in
1125 5109 1183 5161 loco
1201 5125 1308 5176 quoque
1326 5113 1360 5161 de
1377 5111 1425 5163 on.
1444 5111 1503 5163 libri
1521 5111 1647 5163 meliores

322 5191 392 5241 tandi
408 5187 521 5245 habeut3
539 5186 588 5237 sed
602 5186 703 5250 tingens
719 5189 761 5236 est
777 5186 801 5235 in
820 5185 897 5235 codd.
917 5185 1021 5244 Quintil.
1040 5187 1082 5246 XI,
1102 5188 1125 5245 t,
1137 5184 1182 5246 si,
1201 5187 1280 5236 etiam
1297 5187 1323 5236 in
1341 5185 1434 5237 Bamb.
1448 5213 1476 5223 -
1496 5186 1537 5237 47.
1554 5191 1582 5237 tu
1596 5185 1646 5250 inc]

321 5280 369 5328 mc,
388 5262 459 5329 quod
477 5262 558 5313 habet
574 5263 654 5312 etiam
665 5261 696 5317 V.
715 5259 858 5311 delendum
875 5261 978 5310 censuit
994 5261 1155 5311 Faernus·
1176 5261 1215 5310 49.
1228 5263 1288 5310 cv:
1307 5274 1360 5311 om.
1375 5263 1394 5310 C
1409 5286 1437 5299 -
1456 5260 1644 5310 indicativi:

322 5341 437 5392 indicasti
453 5338 511 5398 ES,
537 5337 608 5401 quod
626 5336 741 5400 praeterr
757 5336 826 5385 Bake
845 5333 993 5400 explicans:
1019 5335 1061 5385 ilio
1079 5337 1145 5386 iacto
1163 5338 1208 5384 tuo
1225 5335 1411 5387 demonstrasti
1428 5336 1466 5385 sic
1484 5338 1510 5385 te
1523 5334 1645 5390 ,iudicare

324 5419 350 5465 et
366 5416 473 5466 sentiro.
494 5438 520 5450 -
544 5412 586 5461 20.
603 5412 679 5461 edom
695 5423 749 5460 om.
768 5412 789 5459 G
808 5435 834 5445 -
857 5410 898 5459 it.
917 5411 1030 5461 oratione
1046 5411 1142 5461 VEG:
1165 5411 1264 5472 cotim
1280 5411 1353 5461 iso
1370 5435 1398 5444 -
1423 5408 1476 5472 hoc]
1495 5408 1538 5458 hic
1554 5407 1645 5462 delicit

323 5487 565 5554 praestantissimus
576 5485 598 5532 V
610 5510 638 5521 -
656 5484 802 5547 intctttgiac
816 5508 843 5521 -
863 5484 904 5533 22.
921 5485 982 5534 mihi
997 5498 1047 5535 non
1063 5485 1175 5534 consent
1191 5485 1211 5535 E
1224 5511 1251 5521 -
1269 5484 1311 5536 24.
1329 5497 1411 5535 mnan
1428 5483 1486 5532 FS:
1505 5495 1562 5533 eom
1572 5482 1645 5533 EGP

326 5588 353 5600 ·-
367 5564 408 5614 26.
420 5561 540 5612 oioionm
557 5559 661 5610 EFGP.
679 5559 717 5608 Ex
733 5558 784 5608 bac
800 5554 913 5609 lectione
930 5561 958 5609 et
974 5559 1111 5623 superiore
1128 5572 1185 5611 coos
1198 5560 1355 5624 suspiceris:
1373 5558 1515 5622 messian
1529 5570 1645 5618 mooun,

323 5640 366 5701 qui
386 5636 681 5700 qaom--rteeorosscm,
707 5633 752 5683 boe
771 5647 822 5682 coo
840 5633 962 5683 emmena
980 5646 1062 5684 verso.
1086 5657 1114 5668 -
1139 5635 1252 5695 4440444444
1273 5632 1373 5684 malim.
1393 5659 1420 5668 -
1450 5632 1491 5682 27.
1510 5645 1559 5694 eno
1573 5633 1596 5681 n·
1611 5636 1647 5682 cst

322 5717 456 5762 conmotis
471 5711 554 5769 osam
573 5709 639 5770 quod
654 5710 676 5757 ai
692 5712 752 5758 esset
766 5713 901 5758 cannoto
916 5708 1071 5759 Schuetzius
1088 5706 1261 5771 probabilius.
1274 5733 1303 5744 -
1321 5708 1363 5759 28.
1379 5709 1414 5757 od
1427 5708 1563 5770 pemictnn
1577 5718 1647 5757 unus

324 5788 409 5838 codex
424 5787 525 5838 laemi.
539 5813 566 5822 -·
584 5784 625 5834 30.
643 5784 685 5833 scd
700 5784 727 5832 io
742 5783 848 5834 hominia
862 5795 936 5847 susp.
949 5783 1120 5833 Hotomanus.
1135 5805 1163 5817 -
1182 5781 1224 5832 34.
1241 5787 1270 5832 tu
1286 5783 1346 5845 poio
1361 5781 1382 5832 E
1399 5784 1427 5831 et
1442 5780 1601 5833 Lambinus:
1619 5786 1649 5832 444

324 5854 1630 5924 commatreti.-tsdsqoos:scqsors-naconpmnonmrmptsosroiso.
