3800 7350
305 1150 389 1219 telo
735 1151 887 1218 ORATIO
907 1151 1134 1218 PffllPPICA
1154 1155 1192 1217 V.

305 1322 517 1390 adolescentis
538 1321 715 1387 honorandi
736 1330 768 1387 et
789 1322 881 1387 uobis
903 1329 935 1387 et
955 1322 1074 1407 populo
1095 1322 1237 1385 Romano
1258 1326 1465 1403 potestatem:
1487 1320 1550 1384 boc
1573 1337 1633 1383 au·

304 1426 367 1490 tem
390 1424 531 1499 tempore
557 1416 602 1480 ita
622 1434 737 1480 censeo
759 1415 1013 1480 decernundum:
1045 1412 1097 1478 46.
1120 1413 1214 1492 Quod
1236 1415 1270 1480 C.
1294 1414 1423 1489 Caesar,
1451 1414 1509 1479 Gai
1533 1409 1632 1488 filins,

302 1509 464 1595 pontifex,
494 1529 551 1591 pro
581 1517 744 1592 praetore,
773 1530 894 1574 summo
914 1510 961 1573 rei
990 1509 1137 1594 publicae
1159 1517 1300 1592 tempore
1322 1508 1440 1573 milites
1460 1514 1633 1574 veteranos

304 1603 345 1667 ad
367 1603 542 1666 libertatem
563 1602 675 1686 populi
696 1604 829 1668 Romani
852 1602 1035 1667 cohortatus
1056 1604 1098 1666 sit
1119 1621 1240 1686 eosque
1261 1602 1497 1686 conscripserit,
1528 1600 1634 1687 quod·

279 1717 366 1780 eque
396 1695 479 1779 legio
507 1696 619 1759 ldartia
646 1704 741 1781 atque
765 1704 876 1782 quarta
901 1715 1023 1761 summo
1046 1694 1151 1760 studio
1173 1696 1358 1779 optimoque
1380 1698 1502 1761 iurem
1524 1694 1635 1780 publi·

304 1810 372 1853 cam
394 1809 552 1854 consensu
576 1788 610 1852 C.
634 1789 766 1855 Caesare
789 1789 869 1853 duce
891 1797 924 1854 et
943 1798 1074 1854 auctore
1089 1809 1156 1853 rem
1178 1788 1353 1872 publicam,
1374 1789 1550 1853 libertatem
1573 1808 1634 1871 po-

302 1884 369 1966 puli
391 1882 524 1946 Romani
547 1882 717 1947 defendant
733 1882 948 1958 defenderint,
970 1892 1002 1948 et
1023 1882 1109 1968 quod
1132 1883 1165 1947 C.
1182 1883 1297 1947 Caesar
1318 1904 1375 1965 pro
1396 1891 1541 1967 praetore
1555 1881 1634 1945 Gal·

303 1977 364 2041 liae
384 1976 568 2060 provinciae
591 1997 662 2041 curn
683 1978 825 2041 exercitu
847 1977 990 2042 subsidio
1012 1977 1171 2061 profectus
1193 1978 1249 2050 sit,
1277 1979 1416 2061 equites,
1439 1976 1632 2059 sagittarios,

304 2069 489 2154 elephantos
512 2070 545 2133 in
567 2091 656 2134 suam
685 2071 860 2155 populique
882 2073 1015 2136 Romani
1036 2077 1225 2156 potestatem
1247 2070 1405 2153 redegerit
1426 2069 1633 2134 difficillimo·

266 2182 367 2251 soque
389 2164 600 2247 reipublicae
622 2172 765 2248 tempore
794 2165 890 2229 saluti
913 2165 1121 2249 dignitatique
1144 2164 1253 2248 populi
1275 2165 1408 2227 Romani
1429 2162 1631 2228 subvenerit:

304 2262 344 2324 ob
367 2278 421 2325 eas
442 2278 554 2323 causas
575 2258 698 2323 senatui
720 2258 860 2343 placere,
883 2259 917 2323 C.
934 2259 1116 2334 Caesarem,
1139 2257 1197 2320 Gai
1219 2253 1335 2331 lilium,
1357 2256 1547 2339 pontificem,
1571 2274 1632 2338 pro

302 2362 464 2440 praetere,
494 2361 671 2417 senatorem
701 2371 771 2419 esse
793 2353 1047 2435 sententiamque
1068 2352 1139 2415 loco
1161 2350 1327 2434 praetorio⁸
1342 2351 1464 2426 dicere,
1495 2350 1633 2433 eiusque

302 2448 472 2522 rationem,
500 2465 729 2531 quemcumque
757 2448 974 2529 magistratum
999 2454 1104 2529 petet,
1138 2444 1183 2508 ita
1209 2442 1338 2520 baberi,
1370 2453 1406 2507 ut
1432 2443 1543 2507 haberi
1573 2462 1634 2525 per

302 2542 391 2626 leges
416 2541 543 2615 liceret,
573 2540 601 2603 si
629 2558 713 2603 anno
742 2539 905 2622 superiore
935 2549 1084 2623 quaestor
1112 2537 1233 2602 fuisset.
1277 2534 1329 2600 47.
1352 2536 1438 2615 Quid
1462 2546 1512 2603 est
1532 2536 1632 2617 enine,

266 2643 408 2721 snpatres
431 2634 620 2717 conscripti,
649 2653 705 2698 cur
726 2653 800 2697 eum
821 2653 888 2698 uon
909 2653 1003 2718 quam
1025 2634 1161 2716 primum
1184 2632 1397 2716 amplissimos
1417 2631 1557 2696 bonores
1579 2649 1634 2694 ca·

302 2749 379 2814 pere
408 2727 594 2812 cupiamus?
625 2726 762 2811 Legibus
791 2727 875 2791 enim
903 2727 1068 2791 annalibus
1096 2747 1167 2790 cum
1199 2726 1397 2810 grandiorem
1425 2731 1559 2790 aetatem
1589 2723 1633 2787 ad

303 2822 502 2887 consulatum
524 2821 771 2894 constituebant,
793 2821 1024 2885 adolescentiae
1044 2822 1252 2884 temeritatem
1272 2820 1478 2884 verebanturt
1502 2820 1535 2882 C.
1552 2819 1633 2883 Cae-

303 2936 355 2980 sar
384 2916 515 2978 ineunte
542 2922 644 2978 aetate
674 2914 783 2977 docuit
811 2915 851 2977 ab
879 2914 1049 2979 excellenti
1079 2914 1258 2999 eximiaque
1287 2914 1400 2979 virtute
1426 2932 1632 2996 progressum

303 3008 415 3073 aetatis
438 3008 614 3091 exspectari
637 3027 701 3071 non
725 3013 881 3090 oportere.
924 3009 1035 3091 ltaque
1057 3007 1192 3071 maiores
1214 3009 1331 3083 nostri,
1360 3014 1484 3072 veteres
1506 3005 1553 3071 illi
1575 3009 1634 3071 ad·

265 3102 434 3169 sennodum
463 3100 602 3186 antiqui,
632 3101 719 3184 leges
747 3100 879 3165 annues
904 3120 970 3164 non
996 3100 1169 3165 habebant:
1205 3121 1284 3185 quas
1312 3102 1416 3165 multis
1442 3109 1516 3185 post
1535 3100 1636 3164 annis

304 3197 409 3261 attulit
437 3195 585 3268 ambitio,
618 3202 653 3258 ut
680 3194 796 3277 gradus
826 3203 933 3259 essent
957 3194 1120 3278 petitionis
1148 3195 1231 3259 inter
1257 3195 1417 3279 aequales.
1462 3195 1508 3257 lta
1533 3214 1631 3279 saepe

304 3309 417 3373 magna
439 3287 563 3352 indoles
585 3287 725 3363 virtutis,
747 3287 949 3373 priusquam
970 3289 1017 3351 rei
1039 3287 1183 3372 publicae
1204 3289 1357 3374 prodesse
1379 3289 1551 3373 potuisset,
1573 3309 1633 3353 ex·

304 3383 420 3447 stincta
449 3390 507 3446 est.
543 3377 594 3444 48.
617 3382 658 3444 At
679 3402 755 3446 vero
777 3382 860 3466 apud
884 3382 1033 3466 antiquos
1055 3381 1156 3457 Rulli,
1186 3384 1293 3459 Decii,
1323 3383 1451 3448 Corvini
1473 3383 1631 3468 multique

304 3475 374 3550 alii,
403 3476 581 3539 recentiore
607 3480 711 3539 autem
741 3476 894 3539 memoria
915 3476 1061 3558 superior
1082 3475 1263 3551 Africanus,
1292 3479 1328 3541 T.
1349 3476 1545 3540 Flamininus
1571 3476 1631 3540 ad·

265 3570 433 3637 atmodum
461 3568 679 3634 adolescentes
701 3569 848 3633 consules
868 3569 943 3632 facti
964 3575 1066 3633 untes
1088 3590 1139 3633 ree
1161 3579 1344 3653 gesserunt,
1377 3579 1412 3636 ut
1432 3571 1543 3655 populi
1565 3571 1630 3633 lic·

303 3662 388 3729 mani
418 3662 584 3747 imperium
613 3662 776 3738 auxerint,
809 3683 924 3726 nomen
946 3665 1096 3728 ornarint.
1141 3665 1251 3742 Quidt
1281 3664 1413 3730 Macedo
1436 3664 1629 3741 Alexander,

304 3778 377 3822 oum
406 3757 447 3821 ab
476 3759 604 3822 ineunte
632 3763 735 3821 aetate
763 3776 815 3820 res
843 3756 996 3821 maximas
1018 3778 1127 3842 gerere
1149 3759 1322 3843 coepisset,
1350 3778 1458 3823 nonne
1479 3757 1573 3821 tertio
1596 3764 1631 3823 et

303 3851 462 3916 tricesimo
483 3870 567 3915 anno
589 3858 720 3915 mortem
736 3849 839 3913 obiitf
863 3869 946 3934 quae
968 3858 1016 3915 est
1036 3858 1123 3916 aetas
1136 3853 1253 3918 nostrie
1275 3853 1398 3935 legibus
1413 3853 1521 3917 decem
1535 3854 1629 3916 annis

303 3945 407 4009 minor
428 3963 524 4029 quam
551 3944 738 4008 consularis.
782 3943 832 4007 lix
853 3963 917 4028 quo
938 3943 1073 4009 iudicari
1093 3953 1199 4028 potest
1219 3946 1342 4011 vinetis
1364 3966 1435 4011 esse
1457 3966 1553 4030 mam
1574 3966 1630 4010 ae-

265 4039 375 4106 eotatis
401 4058 527 4103 ameum
555 4037 747 4102 celeriorem.
796 4037 910 4102 XVlll.
938 4039 1017 4102 Nam
1045 4038 1131 4122 quod
1159 4041 1198 4116 ii,
1229 4041 1286 4125 qui
1316 4038 1440 4105 Caesari
1467 4041 1630 4117 inrident,

303 4132 454 4199 simulant
482 4151 517 4196 se
546 4132 674 4207 timere,
704 4149 745 4194 ue
768 4131 938 4196 verendum
960 4131 1090 4216 quidem
1112 4140 1176 4209 est,
1202 4141 1238 4198 ut
1258 4140 1367 4197 tenere
1389 4154 1424 4198 se
1444 4134 1564 4218 possit,
1591 4142 1630 4199 ut

303 4225 477 4302 moderari,
503 4245 544 4290 ne
564 4224 738 4289 bonoribus
759 4224 873 4289 nostris
895 4225 996 4289 elatus
1016 4226 1276 4309 intemperantius
1299 4227 1365 4292 suis
1379 4227 1493 4310 opibus
1508 4235 1629 4293 utatur.

303 4315 355 4382 49.
376 4320 423 4383 lia
443 4327 557 4384 natura
577 4338 683 4384 rerum
704 4325 768 4394 eet,
793 4325 901 4401 patres
921 4319 1109 4403 conscripti,
1136 4328 1187 4395 ut,
1217 4321 1273 4405 qui
1295 4341 1424 4387 sensum
1445 4342 1538 4387 verae
1560 4323 1629 4406 glo·

369 4563 394 4613 4.
413 4561 562 4613 adsumenti
575 4561 599 4610 V
614 4586 648 4599 -
663 4560 803 4611 boeoer
820 4561 931 4627 scripsi:
949 4563 1066 4614 lumel
1081 4563 1272 4627 leemaele1,
1291 4563 1395 4617 duabus
1411 4563 1578 4626 lectionlbus,
1596 4568 1629 4617 ut

303 4650 434 4704 persaepe
455 4636 539 4688 codex
560 4635 656 4698 babet,
683 4638 844 4698 coniunctim
870 4639 986 4688 bertaudi
1007 4639 1193 4700 medique
1209 4640 1218 4687 i
1235 4642 1263 4689 et
1279 4640 1301 4687 V
1317 4652 1389 4691 corr.
1406 4652 1444 4691 m.
1462 4643 1491 4700 4;
1518 4642 1628 4691 masal

301 4713 491 4774 bceoraedlque
507 4712 527 4761 0
544 4724 605 4761 cum
623 4712 750 4762 Ferraria.
771 4738 798 4748 -
817 4713 842 4762 4.
861 4713 1043 4763 mammeam
1058 4714 1095 4763 V:
1114 4714 1293 4763 decemeedum
1309 4716 1361 4775 i0;
1380 4714 1414 4765 cf.
1433 4714 1447 4778 s
1465 4714 1505 4765 53.
1521 4743 1548 4753 -
1566 4716 1593 4766 0.
1604 4715 1625 4778 t.

302 4788 341 4838 Vl
361 4814 389 4825 -
408 4788 432 4839 3.
449 4799 497 4849 pro
510 4799 553 4848 pr.
571 4786 579 4834 l
597 4811 625 4822 -
646 4786 789 4848 republica
805 4787 828 4835 V
847 4812 873 4823 -
892 4793 1023 4838 ueteranos
1039 4789 1075 4837 V:
1095 4794 1118 4839 et
1133 4795 1265 4839 ueteranos
1280 4791 1303 4851 i;
1322 4791 1358 4841 cf.
1374 4789 1404 4854 ἓξ
1422 4789 1446 4841 3.
1464 4790 1505 4841 43.
1524 4791 1555 4842 53
1573 4795 1625 4841 cet.

303 4887 330 4898 -
345 4862 370 4912 5.
389 4866 465 4923 alque
481 4865 574 4922 quarta
591 4872 654 4910 nos:
673 4874 697 4922 q.
710 4866 803 4921 quarta
819 4861 855 4920 V;
875 4868 1015 4925 quartoque
1030 4863 1068 4913 io
1086 4889 1114 4900 —
1130 4864 1301 4927 publiceV-
1321 4865 1345 4916 c.
1358 4865 1418 4915 fort.
1430 4864 1626 4927 libertatesque,

301 4939 331 4986 ut
347 4950 371 4999 q.
391 4936 452 4986 ante
464 4948 494 4997 p.
511 4937 540 4986 ll.
558 4935 734 4994 interciderit3
752 4934 786 4986 cf.
804 4949 843 4986 or.
857 4937 904 4997 lll,
923 4936 991 5000 539,
1010 4937 1040 4999 V,
1060 4938 1127 5002 563.
1142 4964 1170 4975 —
1189 4939 1213 4990 7.
1231 4939 1336 5002 &ledet
1352 4937 1383 4988 V¹
1401 4964 1430 4975 -
1446 4952 1495 5002 pro
1507 4953 1550 5003 pr.
1569 4943 1577 4989 l
1596 4967 1625 4978 -

301 5010 327 5061 4.
344 5009 449 5074 capillos
464 5008 603 5072 elephantes
618 5011 646 5060 iu
661 5024 734 5061 mma
747 5012 888 5073 populoque
902 5024 1023 5061 romanus
1038 5013 1061 5061 V
1075 5040 1102 5050 -
1120 5013 1145 5063 a.
1164 5013 1396 5077 difficilluaoqueV
1409 5040 1436 5051 -
1456 5015 1496 5064 40.
1514 5014 1628 5064 saluteV

304 5111 332 5122 -
351 5084 392 5133 44.
410 5088 509 5134 senam
524 5084 546 5133 V
565 5110 590 5121 —
612 5083 672 5147 at.
687 5085 725 5135 Vl
744 5111 771 5120 -
790 5086 830 5135 44.
845 5087 1040 5151 praetoriam.
1058 5088 1084 5147 l;
1099 5089 1187 5151 populi
1202 5089 1335 5139 romantV
1349 5115 1375 5125 —
1394 5089 1435 5139 43.
1449 5102 1626 5153 quememag.

303 5160 419 5209 Faernus
436 5160 463 5208 et
479 5159 612 5210 Muretus:
631 5171 886 5221 quemquumquemac
902 5161 937 5221 V;
957 5175 1154 5224 quaequumque
1169 5165 1177 5213 4
1195 5189 1223 5199 -
1244 5165 1370 5227 peletV1:
1389 5170 1487 5226 appetet
1503 5165 1563 5225 V²i;
1580 5178 1628 5227 pe·

301 5239 365 5284 teret
379 5233 501 5284 Schuetz.
522 5260 550 5275 -
574 5239 603 5285 ul
618 5233 704 5285 baberi
717 5247 765 5297 per
780 5234 843 5300 leges
859 5238 975 5288 Faernus
992 5240 1019 5288 el
1034 5238 1165 5288 Muretus:
1187 5244 1263 5301 perot
1279 5238 1364 5288 baberi
1380 5239 1444 5302 leqes
1460 5240 1520 5305 (leqs
1536 5241 1553 5304 l)
1570 5241 1624 5301 Vi,

298 5313 376 5371 prout
391 5307 477 5358 euleu
492 5306 544 5373 lege
560 5309 580 5360 0
599 5334 626 5344 -
653 5307 693 5360 44.
712 5314 829 5370 quaestor
843 5311 899 5361 Vi:
910 5317 1026 5376 praetor
1040 5313 1157 5365 Ursinus.
1178 5339 1204 5348 -
1232 5314 1271 5364 46.
1290 5325 1367 5374 quum
1382 5314 1421 5362 Vi
1441 5341 1468 5354 -
1493 5316 1534 5365 47.
1552 5315 1623 5366 adul.

302 5384 341 5433 Vi
359 5408 386 5419 -
406 5382 447 5433 44.
465 5383 590 5434 esculenti
606 5381 638 5431 Ψ
651 5410 679 5419 -
698 5384 739 5435 49.
757 5386 886 5448 expectari
901 5387 942 5436 Vi
959 5412 987 5422 -
1006 5388 1140 5437 admodum
1155 5389 1253 5451 antiqui
1270 5402 1302 5439 ex
1319 5390 1449 5439 sententia
1466 5391 1557 5440 sessui
1575 5390 1627 5440 de-

302 5455 365 5508 levit
381 5454 490 5516 Lamb.;
517 5457 580 5508 edd.
598 5461 660 5522 post
676 5459 713 5508 illi
730 5472 834 5510 comme
851 5460 961 5512 babent
982 5489 1008 5498 -
1032 5463 1073 5512 44.
1092 5463 1195 5512 amuleto
1212 5459 1244 5511 Ψ
1262 5489 1289 5499 -
1314 5464 1426 5523 esquelio
1441 5464 1478 5523 V;
1504 5465 1599 5527 eqaeels's
1616 5466 1625 5514 i

304 5558 331 5570 -
350 5531 391 5581 44.
406 5543 506 5594 pressu
520 5529 599 5580 Ψ-
621 5534 732 5583 collecta
749 5533 788 5584 Vi
807 5561 834 5572 -
857 5535 898 5587 43.
916 5540 952 5586 est
968 5536 1083 5587 Faernus
1101 5536 1151 5600 (vel
1169 5538 1258 5602 potius
1275 5537 1426 5599 alienasti:
1450 5544 1508 5589 sust
1524 5539 1558 5596 V;
1576 5540 1590 5601 s
1608 5540 1614 5551 ‘

302 5607 348 5657 40.
372 5606 410 5657 Cf.
428 5606 547 5671 lladvigli
566 5608 662 5672 opusc.
681 5608 716 5667 ll,
735 5620 762 5674 p.
775 5609 833 5660 444.
847 5637 874 5648 -
892 5612 927 5662 aa
941 5625 1002 5662 auro
1018 5612 1081 5661 V·
1100 5614 1153 5664 decl
1169 5614 1232 5663 V-
1251 5613 1325 5665 cotue·
1341 5613 1497 5677 Pighius·
1515 5612 1557 5664 44.
1572 5616 1624 5678 tle-

302 5681 394 5731 mlslus
409 5681 461 5742 Vi,
480 5695 548 5733 corr.
568 5683 683 5733 Faernus
701 5683 728 5733 et
744 5683 809 5734 llur.
829 5709 857 5721 -
875 5686 916 5737 ss.
935 5686 1004 5737 ceu.
1023 5686 1061 5736 Vi
1079 5712 1106 5723 -
1123 5687 1230 5751 populus
1245 5700 1365 5738 museus
1381 5687 1443 5736 V-
1461 5689 1502 5738 46.
1521 5689 1624 5738 eueeet

302 5756 364 5805 V·-
383 5757 422 5807 47.
436 5769 512 5820 quum
528 5757 580 5818 vi,
597 5757 662 5807 item
678 5769 705 5821 p.
719 5757 792 5817 4344,
811 5757 835 5808 6.
848 5757 872 5810 9.
885 5760 926 5812 47.
941 5785 968 5797 -
987 5759 1162 5824 semu,
1181 5762 1306 5828 trigetim
1322 5762 1331 5812 l
1350 5787 1378 5799 ·-
1397 5762 1531 5813 tauteus
1547 5761 1579 5814 Ψ
1593 5789 1620 5800 -

304 5829 586 5882 32.aei:soeV-
605 5830 805 5884 aduersaev.t
