3800 7350
693 1292 766 1357 en.
787 1293 936 1357 rn-rv.
964 1290 1010 1377 §s
1032 1287 1158 1355 c-to.
1519 1287 1581 1356 oar

268 1465 326 1530 bns
355 1464 401 1527 rei
430 1462 574 1546 publicae
605 1483 698 1526 causa
727 1462 823 1544 diligi.
866 1460 895 1524 8.
921 1462 1046 1526 Scilicet
1066 1481 1175 1547 aspera
1196 1482 1267 1526 mea
1288 1470 1414 1540 natura,
1444 1461 1581 1527 difficilis

268 1558 390 1631 aditus,
420 1557 523 1640 gravis
545 1557 666 1630 vultus,
689 1556 822 1640 superba
843 1576 1008 1639 responsa,
1030 1557 1170 1620 insolens
1191 1558 1272 1633 vita;
1300 1577 1392 1621 nemo
1413 1564 1582 1620 consuetu·

268 1650 373 1714 dinem
395 1670 510 1722 meam,
532 1670 625 1713 nemo
647 1650 888 1724 humanitatem,
918 1670 1011 1713 nemo
1034 1651 1216 1726 consilinm,
1244 1671 1337 1714 nemo
1358 1651 1511 1714 auxilium
1533 1670 1582 1715 rc·

168 1749 171 1754 ’
267 1745 426 1828 quirebat:
450 1746 539 1807 cuius
562 1744 736 1817 desiderio,
757 1751 792 1807 ut
812 1744 891 1807 haec
913 1745 1040 1807 minima
1056 1743 1171 1818 dicam,
1193 1743 1295 1807 lorum
1311 1752 1474 1821 maestum,
1496 1752 1583 1808 muta

267 1840 369 1913 curia,
398 1840 503 1902 omnia
530 1837 668 1922 denique
694 1839 846 1901 bonarum
874 1839 989 1901 artium
1018 1838 1121 1900 studia
1151 1838 1314 1902 siluerunt.
1358 1837 1420 1901 Sed
1441 1837 1521 1900 nihil
1543 1838 1606 1900 siti

265 1933 383 1997 factum
411 1953 480 1996 mea
509 1952 618 1996 causa:
653 1933 759 1995 omnia
790 1931 844 1995 illa
872 1939 998 1994 senatus
1027 1931 1186 2007 consulta,
1208 1932 1319 2014 populi
1346 1932 1447 2004 iussa,
1472 1929 1582 1993 Italiae

268 2028 380 2103 totius,
413 2035 594 2091 cunctarum
626 2021 828 2101 societatum,
862 2027 1065 2108 collegiorum
1095 2028 1233 2089 omnium
1256 2027 1380 2090 decreta
1402 2024 1441 2088 de
1464 2044 1513 2087 me
1534 2023 1581 2087 rei

266 2123 412 2206 publicae
434 2141 530 2186 causa
551 2141 620 2183 esse
641 2119 723 2182 facta
743 2120 907 2184 fateamur.
940 2120 1025 2196 Quid
1048 2140 1139 2204 ergo,
1160 2120 1254 2184 homo
1276 2119 1512 2204 imperitissime
1530 2138 1581 2182 so·

265 2216 350 2280 lidae
372 2217 473 2281 laudis
495 2235 530 2279 ac
553 2234 644 2278 verae
667 2215 842 2298 dignitatis,
864 2214 1073 2296 praestantius
1095 2213 1172 2278 mihi
1194 2215 1297 2298 potuit
1318 2214 1483 2278 accideret
1505 2209 1581 2294 quid

266 2311 435 2392 optabilius
464 2310 503 2373 ad
532 2309 798 2371 immortalitatem
825 2309 942 2391 gloriae
971 2316 1065 2391 atque
1092 2310 1124 2372 in
1151 2310 1332 2372 memoriam
1361 2309 1423 2372 mei
1445 2303 1619 2369 noministt

265 2405 505 2486 sempiternam,
535 2423 629 2486 quam
657 2423 766 2466 omnes
795 2403 855 2466 hoc
883 2403 967 2466 cives
996 2422 1083 2465 meos
1105 2400 1261 2476 iudicare,
1290 2402 1424 2466 civitatis
1446 2399 1581 2462 salutem

266 2517 337 2561 cum
361 2496 454 2559 unius
477 2517 545 2560 mea
567 2497 669 2559 salute
691 2518 760 2560 esse
784 2498 1004 2560 coniunctam?
1037 2494 1067 2559 9.
1083 2496 1177 2572 Quod
1193 2496 1322 2579 quidem
1337 2516 1396 2579 ego
1411 2494 1467 2557 tibi
1482 2490 1581 2555 reddo

266 2598 366 2654 tuum.
397 2593 474 2654 Nam
496 2597 531 2653 ut
553 2599 587 2652 tu
609 2611 658 2653 me
681 2611 787 2654 carum
810 2611 879 2654 esse
902 2591 1009 2654 dixisti
1028 2591 1150 2653 senatui
1164 2591 1346 2674 populoque
1361 2592 1502 2654 Romano
1518 2605 1580 2648 non

266 2694 330 2748 tam
352 2705 421 2747 mea
444 2704 538 2747 causa
559 2705 653 2766 quam
675 2686 720 2747 rei
743 2685 904 2767 publicae,
926 2687 972 2747 sic
994 2705 1052 2767 ego
1074 2693 1122 2758 te,
1146 2704 1335 2767 quamquam
1359 2704 1393 2748 es
1407 2682 1493 2746 omni
1508 2679 1582 2742 diri·

266 2786 329 2842 tate
351 2787 446 2861 atque
468 2778 660 2841 immanitate
682 2780 898 2854 taeterrimus,
920 2788 1024 2843 tamen
1047 2778 1116 2841 dico
1132 2798 1201 2842 esse
1216 2777 1290 2841 odio
1306 2778 1424 2841 civitati
1438 2795 1502 2839 non
1518 2780 1620 2837 amns

266 2882 321 2938 tuo
344 2892 438 2958 quam
459 2871 505 2934 rei
528 2872 672 2955 publicae
695 2873 832 2936 nomine.
1419 2872 1422 2879 ’

349 2968 402 3029 IV.
423 2968 528 3047 Atque
557 2974 592 3027 ut
619 2966 788 3051 aliquando
817 2968 858 3030 ad
888 2974 918 3029 te
947 2969 1085 3041 veniam,
1113 2967 1152 3028 de
1181 2986 1230 3028 me
1253 2966 1313 3029 hoc
1335 2965 1376 3029 sit
1397 2971 1581 3028 extremum.

267 3061 352 3138 Quid
375 3060 511 3141 quisque
534 3068 672 3122 nostrum
696 3059 735 3121 de
757 3080 791 3122 se
814 3061 881 3142 ipse
903 3060 1066 3143 loquatur,
1089 3080 1152 3122 non
1175 3069 1224 3122 est
1244 3079 1320 3123 sane
1341 3057 1579 3142 requirendum:

266 3156 342 3219 boni
373 3153 430 3215 viri
458 3152 616 3227 iudicent;
646 3155 677 3217 id
700 3162 748 3217 est
770 3154 898 3217 maximi
921 3155 1070 3217 momenti
1093 3162 1124 3217 et
1144 3154 1302 3238 ponderis.
1345 3148 1394 3214 l0.
1416 3154 1487 3214 Duo
1509 3156 1583 3211 sunt

267 3259 425 3332 tempora,
453 3246 569 3329 quibus
598 3256 778 3309 nostrorum
807 3248 922 3311 civium
952 3257 1134 3329 spectentur
1153 3246 1269 3311 iudicia
1291 3248 1329 3310 de
1351 3246 1457 3309 nobis:
1484 3255 1620 3330 unumst)

266 3343 411 3414 honoris,
434 3341 567 3406 alterum
589 3341 708 3404 salutis.
745 3342 854 3404 Honos
877 3342 931 3404 tali
953 3342 1063 3425 populi
1084 3342 1215 3405 Romani
1232 3342 1392 3405 voluntate
1411 3339 1519 3421 paucis
1535 3344 1583 3399 est

266 3437 390 3500 delatus
418 3454 454 3497 ac
483 3435 577 3508 mihi,
605 3434 690 3497 salus
713 3444 798 3498 tanto
821 3434 925 3499 studio
946 3436 1079 3498 civitatis
1101 3436 1220 3499 nemini
1242 3434 1374 3499 reddita.
1408 3436 1454 3496 De
1476 3440 1506 3495 te
1527 3453 1582 3494 au·

266 3538 329 3593 tem
350 3528 496 3591 homines
519 3528 596 3611 quid
618 3528 769 3601 sentiant,
798 3529 830 3590 in
853 3528 975 3591 honore
996 3531 1118 3611 experti
1139 3550 1265 3604 sumus,
1293 3529 1325 3591 in
1348 3529 1448 3592 salute
1471 3546 1583 3609 exspe-

267 3630 397 3688 ctamus.
431 3621 493 3686 Sed
515 3629 619 3685 tamen
641 3641 681 3684 ne
704 3643 753 3687 me
776 3643 847 3686 cum
869 3621 918 3686 his
939 3622 1133 3707 principibus
1155 3623 1305 3698 civitatis,
1337 3623 1391 3706 qui
1414 3621 1527 3685 adsunt
1547 3622 1581 3683 P.

267 3718 387 3790 Sestio,
409 3716 464 3779 sed
488 3723 523 3778 nt
545 3723 662 3789 tecum,
685 3737 756 3779 cum
777 3716 905 3781 homine
927 3737 992 3781 uno
1013 3737 1079 3780 non
1100 3718 1202 3782 solnm
1226 3714 1284 3753 Ἠ
1308 3715 1619 3802 impudentissimum

331 4037 356 4085 2.
374 4036 456 4084 uoltus
472 4037 530 4084 P-
550 4048 621 4084 nemo
637 4035 834 4083 cosuetudinem
848 4049 939 4095 mam,
956 4049 1027 4085 nemo
1042 4036 1222 4087 inmanitatem
1239 4038 1303 4086 PG:
1320 4049 1391 4086 nnnc
1406 4036 1583 4085 manitatem

265 4123 361 4167 mam,
379 4123 450 4158 nano
466 4110 665 4159 consuetudinem
676 4110 709 4168 03
728 4123 798 4157 nemo
814 4111 991 4159 humanitatem
1007 4124 1089 4160 meam
1107 4113 1168 4172 (om.
1187 4126 1257 4160 neno
1273 4110 1389 4169 consuet.)
1406 4110 1474 4159 coni.
1486 4108 1582 4158 Madvi-

265 4187 322 4249 gius
339 4198 364 4248 p.
383 4184 443 4241 sto,
463 4182 524 4233 lalsa
543 4184 660 4247 Krarupii
679 4183 803 4234 relatione
821 4200 854 4234 ex
870 4186 929 4235 cod.
949 4188 968 4235 P
985 4185 1109 4235 conlisus.
1131 4213 1157 4222 —
1177 4185 1201 4236 l.
1219 4187 1290 4235 cuius
1305 4185 1418 4235 desiderii
1433 4184 1516 4245 sonim
1529 4195 1583 4230 ma·

265 4264 317 4309 tum
332 4259 380 4320 suit
397 4255 478 4306 habet
494 4262 514 4307 Α
532 4257 607 4320 prob.
626 4258 712 4308 Madv.
730 4271 756 4321 p.
775 4261 837 4313 stt;
857 4262 883 4309 at
900 4273 924 4308 v.
943 4259 1032 4308 adnot.
1053 4273 1140 4309 meam
1158 4261 1183 4309 in
1202 4261 1244 4310 ed.
1264 4263 1332 4325 Lips.
1350 4274 1376 4324 p.
1388 4259 1429 4310 t9.
1445 4284 1471 4293 -
1489 4258 1583 4305 minica

265 4334 295 4384 G¹
312 4359 340 4369 -
366 4333 445 4382 multa
462 4331 504 4393 0¹,
529 4335 592 4383 item
610 4335 627 4382 P
644 4337 705 4383 ante
723 4346 852 4384 rasuram.
872 4361 899 4369 -
926 4335 951 4383 6.
968 4335 1093 4396 faetantes
1112 4348 1189 4384 conso
1205 4339 1234 4387 pr
1252 4361 1280 4372 -
1306 4337 1331 4385 t.
1349 4340 1374 4384 to
1390 4335 1416 4383 in
1432 4333 1505 4383 totius
1520 4333 1546 4381 in
1564 4334 1582 4382 P

264 4422 323 4473 sup.
337 4407 381 4458 lin.
394 4407 512 4457 additum
531 4411 579 4458 est.
589 4434 615 4442 -
636 4408 659 4457 9.
679 4423 710 4457 ac
725 4422 785 4458 nere
801 4411 834 4463 P:
853 4422 959 4459 aacaere
976 4408 1032 4471 (litt.
1045 4424 1063 4458 a
1074 4412 1133 4459 note
1145 4425 1159 4459 c
1171 4411 1309 4474 expuncta)
1322 4413 1341 4460 G
1356 4436 1382 4444 -
1402 4411 1441 4459 40.
1460 4410 1583 4457 inmorta-

263 4485 391 4535 litatemP
411 4510 438 4520 -
464 4483 490 4530 in
506 4484 567 4542 PG,
594 4483 641 4533 sed
667 4484 693 4534 in
711 4485 731 4533 G
748 4485 774 4532 in
791 4486 944 4547 punctatum
964 4486 1001 4546 (ut
1017 4484 1102 4536 bleda.
1120 4499 1146 4549 p.
1164 4486 1209 4536 stt
1231 4488 1293 4537 item
1309 4483 1411 4548 volnitl:
1437 4486 1472 4534 ad
1487 4483 1533 4533 SO
1553 4509 1579 4519 -

265 4561 305 4609 44.
318 4559 397 4609 omnis
411 4559 456 4607 lsoc
472 4559 534 4607 ciuis
551 4560 600 4608 PG
613 4585 639 4593 -
660 4562 699 4609 tr.
712 4573 768 4609 curn
779 4559 853 4608 nnius
862 4570 918 4607 mea
930 4560 964 4607 G:
983 4560 1096 4609 wmnius
1107 4557 1162 4622 (litt.
1174 4562 1230 4610 nias
1241 4561 1396 4626 expunctae)
1408 4572 1464 4609 ntea
1474 4561 1508 4616 P3
1525 4570 1582 4606 cum

263 4647 320 4684 uteo
335 4634 409 4681 unius
425 4633 445 4681 θ
463 4646 524 4682 cum
542 4633 602 4683 edd.
623 4636 699 4691 vett:
720 4633 752 4684 cl.
772 4647 797 4697 p.
815 4635 882 4686 Sest.
900 4632 915 4696 5
933 4634 988 4684 tes.
1004 4661 1030 4670 <-
1050 4635 1089 4684 43.
1108 4648 1181 4684 rorno
1197 4637 1225 4686 Ρ·
1243 4661 1270 4670 -
1290 4633 1329 4685 44.
1348 4636 1385 4684 rei
1399 4633 1467 4697 publ.
1485 4633 1582 4682 nomine

264 4710 281 4759 S
298 4712 326 4759 et
342 4707 418 4758 codd.
437 4706 501 4756 dett.
523 4735 549 4743 -
572 4722 597 4757 es
614 4709 820 4770 Wesenbergius
838 4709 987 4769 (limendott.
1008 4709 1102 4759 Pascat.
1121 4711 1145 4770 4,
1169 4724 1200 4774 ρ.·
1215 4711 1266 4772 44);
1289 4712 1322 4761 eis
1338 4710 1416 4761 codd.
1435 4713 1462 4760 et
1478 4710 1511 4768 0:
1533 4707 1581 4758 sed

264 4787 306 4835 est
322 4784 452 4848 posterior
468 4796 480 4830 s
496 4783 521 4832 in
540 4785 558 4832 P
575 4797 607 4832 ex
625 4797 708 4841 corr.;
726 4784 831 4834 videtur
846 4787 922 4833 antea
940 4785 971 4833 sit
987 4783 1076 4836 luisse.
1097 4787 1153 4834 «Sis
1164 4786 1185 4836 si
1198 4798 1290 4836 verum
1302 4788 1385 4845 esset,
1403 4783 1509 4849 obliquo
1521 4796 1582 4832 con·

264 4858 379 4908 iunctivo
402 4861 473 4907 esset
495 4859 621 4920 positam.
648 4861 677 4907 ut
699 4859 779 4909 head.
799 4859 821 4916 l,
848 4858 863 4921 Β
881 4858 920 4908 30.
941 4857 975 4909 de
996 4861 1053 4909 Nat.
1073 4862 1102 4910 1).
1121 4862 1155 4920 ll,
1181 4860 1196 4923 5
1212 4861 1253 4911 st.
1272 4861 1349 4912 Tusc.
1366 4862 1438 4925 Disp.
1456 4859 1488 4920 V,
1507 4857 1521 4922 5
1539 4857 1580 4908 944.

264 4935 336 4984 Pom.
354 4934 379 4992 1,
397 4933 425 4992 2,
443 4933 468 4981 2.
487 4933 528 4990 lV,
547 4932 593 4992 ti,
612 4932 635 4982 l.
655 4934 724 4994 lilii,
743 4934 789 4992 76;
807 4931 998 4996 sedquoniam
1015 4935 1088 4999 prius
1106 4936 1309 5000 comparationis
1325 4935 1477 4986 membrum
1494 4935 1580 4998 ipsum

263 5007 342 5058 docet
358 5020 401 5056 vv.
419 5019 572 5068 quemqnam
583 5033 597 5042 -
608 5010 788 5058 -toeterrimns
805 5020 864 5058 esse
885 5010 1001 5072 protasio
1019 5012 1097 5061 totius
1113 5012 1260 5062 sententiae
1276 5016 1359 5061 menen
1374 5012 1428 5062 dno
1445 5013 1507 5068 cet..
1528 5019 1580 5057 nou

262 5081 355 5132 dubito
372 5082 434 5144 quin
448 5082 541 5132 Cicero
558 5080 692 5144 scripserit
708 5096 758 5132 es.»
775 5110 801 5118 -
821 5083 860 5132 ⁴5.
874 5084 1013 5134 terminus
1029 5086 1106 5136 PGO
1118 5113 1144 5121 -
1164 5087 1204 5136 48.
1216 5100 1266 5137 non
1282 5091 1317 5136 est
1333 5099 1392 5135 sain
1407 5083 1581 5146 rennuendum

261 5159 282 5209 P
299 5156 355 5219 (sed
372 5156 454 5206 hebet
469 5169 555 5216 sane„
578 5155 662 5207 littere
680 5155 694 5207 ὃ
712 5161 742 5206 ut
757 5156 861 5206 videtur
878 5160 978 5223 erasal:
1001 5175 1051 5209 non
1071 5166 1106 5210 est
1121 5174 1182 5211 sone
1197 5175 1247 5211 non
1263 5166 1299 5212 eet
1313 5161 1408 5224 moui.
1426 5159 1490 5218 do:
1512 5157 1580 5210 conl.

262 5230 348 5284 blada
366 5245 392 5297 p.
405 5232 462 5280 stt.
479 5258 505 5266 -
526 5231 564 5280 49.
583 5232 639 5280 boni
656 5234 720 5283 PG:
740 5233 800 5294 qnid
815 5232 871 5281 boni
889 5232 948 5283 cod.
962 5235 1155 5299 Nuembergeri
1168 5238 1201 5299 (v.
1214 5251 1302 5301 progr.
1316 5235 1439 5288 scholast.
1453 5234 1580 5300 gymnasii

263 5305 491 5370 Cempoduneusis
506 5318 530 5354 a.
545 5305 628 5365 4833),
650 5308 678 5355 ut
695 5307 815 5356 Garatoni
833 5309 945 5359 coniecit
963 5310 1027 5373 (boni
1042 5312 1092 5361 nin·
1107 5313 1168 5374 quid
1183 5313 1290 5362 indicem
1306 5314 1374 5364 coni.
1392 5310 1537 5371 Iordanus).
1552 5336 1579 5344 -

262 5381 303 5431 rt.
321 5381 367 5429 tati
383 5380 541 5443 llervagius:
561 5381 617 5429 tatis
633 5383 681 5431 PG
701 5408 728 5418 -
747 5383 786 5433 lt.
807 5396 849 5438 ,cc
866 5387 884 5435 P
898 5410 925 5419 -
944 5386 974 5436 de
989 5392 1012 5436 te
1022 5413 1035 5423 ·
1044 5412 1059 5423 -
1070 5392 1228 5449 aspectamus
1238 5388 1350 5440 habeta
1363 5414 1390 5424 -
1403 5387 1444 5437 23.
1457 5385 1500 5447 qni
1511 5396 1580 5434 corr.

262 5456 288 5505 in
307 5456 366 5517 qaid
383 5457 402 5503 G
423 5483 449 5490 -
468 5456 614 5504 sententiant
630 5459 690 5506 P-
709 5463 867 5518 aperiamus
884 5461 934 5510 AG
953 5486 979 5495 —-
999 5460 1040 5512 tt.
1058 5461 1096 5525 nc]
1113 5463 1143 5511 de
1159 5465 1208 5513 PG
1226 5489 1253 5499 -
1271 5463 1313 5513 25.
1331 5464 1373 5512 sed
1387 5467 1415 5511 ut
1430 5466 1510 5511 terren
1525 5472 1582 5508 cnm

262 5530 295 5580 P:
312 5530 354 5578 sed
370 5534 397 5577 at
414 5534 492 5577 tecam
509 5532 543 5587 G;
561 5531 603 5579 sed
619 5537 646 5579 nt
662 5545 719 5579 cnm
736 5533 755 5581 0
774 5558 801 5566 —
820 5548 869 5583 non
885 5534 964 5583 sciren
980 5538 1045 5586 PG:
1064 5538 1174 5587 mnium
1190 5539 1210 5588 0
1228 5551 1290 5589 cum
1307 5541 1440 5589 Goveeno
1460 5562 1487 5572 -
1506 5537 1582 5598 inpu·

263 5604 403 5654 mistiam
419 5609 442 5653 et
458 5605 517 5652 mibi
534 5606 626 5654 inimic.
647 5607 687 5655 1³¹:
706 5607 914 5668 impudentissimo
931 5616 1005 5672 moue
1022 5613 1106 5676 infimo
1122 5615 1264 5676 consuetu:
1281 5616 1311 5665 de
1326 5617 1430 5677 teipso,
1447 5612 1583 5661 inmineat

262 5680 467 5743 cnopantinimo
484 5685 507 5728 et
522 5680 583 5728 miii
598 5681 765 5732 inimicissimo
782 5696 876 5744 quaero
893 5686 942 5736 GO
960 5686 1049 5750 (sedG
1066 5702 1120 5739 om.
1137 5690 1220 5752 ordii:
1239 5690 1265 5741 in
1282 5688 1394 5741 Pverha
1410 5687 1579 5749 apueirmmo

262 5757 390 5818 conferam
405 5757 434 5806 de
450 5761 474 5805 te
490 5757 543 5818 ipso
558 5757 655 5807 bomine
671 5763 693 5808 et
710 5758 916 5822 &aquatissimo
934 5760 959 5809 in
977 5763 1094 5825 margine
1111 5762 1233 5814 interiore
1250 5765 1312 5829 post
1327 5762 1526 5826 inpudentissima
1537 5759 1583 5810 ad·

262 5830 316 5882 dite
333 5833 396 5882 eunt
411 5844 427 5881 a
444 5845 522 5881 manu
540 5831 657 5882 secunda
674 5832 756 5883 multo
773 5836 930 5885 recentiore.
956 5835 1189 5900 supplementum,
1208 5851 1261 5902 qno
1278 5850 1345 5889 nove
1362 5835 1455 5888 lacuna
1472 5834 1582 5885 infertur

264 5907 326 5969 (iem
343 5907 413 5958 enim
429 5909 490 5972 post
505 5921 555 5958 non
570 5908 649 5958 sotum
665 5907 818 5960 membrum
836 5909 1021 5961 correlativum
1033 5911 1220 5976 desideretur),
1238 5911 1407 5963 arbitrarium
1418 5911 1458 5961 est
1469 5912 1497 5960 et
1508 5912 1581 5959 certe

262 5992 316 6032 non
333 5993 349 6030 a
364 5979 446 6032 Tullio
464 5983 626 6048 protectum,
645 5998 671 6037 v.
684 5997 753 6051 qaae
771 5984 903 6050 disputavi
919 5986 945 6038 in
962 5987 1053 6040 blaseo
1068 5987 1195 6041 Rhenum
1210 6000 1281 6044 noso
1297 5985 1353 6044 Vol.
1371 5986 1418 6049 lx,
1436 5997 1463 6055 p.
1476 5983 1524 6035 334
1536 5995 1578 6050 sq.
