3800 7350
301 1185 363 1251 444
737 1185 888 1252 onanc
910 1187 990 1251 sno
1012 1188 1046 1250 r.
1069 1143 1197 1252 suma

302 1360 425 1424 abiecta
446 1365 511 1432 est,
543 1377 577 1421 se
599 1356 841 1420 intercessorem
864 1355 932 1419 lore
954 1356 1118 1439 protessus
1140 1363 1202 1429 est,
1230 1353 1387 1439 improbis
1409 1352 1632 1437 largitionibus

302 1454 434 1526 restitit,
456 1459 583 1516 senatus
604 1452 824 1514 auctoritatem
840 1470 1012 1534 numquam
1035 1450 1219 1532 impedivit,
1242 1449 1287 1512 ita
1309 1470 1344 1512 se
1366 1450 1466 1531 gessit
1485 1447 1520 1509 in
1535 1446 1633 1511 tribb-

302 1554 396 1620 natu,
417 1553 454 1609 ut
475 1565 571 1608 onere
593 1543 739 1627 deposito
762 1542 926 1606 domestici
950 1540 1046 1606 officii
1068 1544 1147 1606 nibil
1163 1551 1275 1625 postea
1290 1543 1353 1606 nisi
1368 1542 1408 1606 de
1422 1541 1471 1605 rei
1485 1539 1633 1624 publicae

303 1639 477 1702 commodis
498 1638 654 1721 cogitarit.
698 1634 750 1700 66.
772 1640 879 1721 Atque
901 1638 933 1699 in
958 1639 1026 1722 ipsa
1048 1638 1212 1720 rogatione
1234 1657 1274 1699 ne
1297 1635 1439 1720 pervim
1462 1634 1541 1719 quid
1562 1652 1634 1717 age·

208 1816 210 1819 ,
279 1742 404 1807 eretur,
426 1734 498 1816 quis
520 1740 588 1795 tum
611 1737 754 1796 nostnrm
778 1731 898 1794 Sullam
919 1739 975 1794 aut
998 1732 1166 1795 Caecilium
1189 1732 1378 1795 verebatur?
1401 1748 1510 1793 nonne
1530 1728 1632 1792 omnis

302 1827 358 1889 ille
379 1834 498 1900 terror,
521 1826 624 1889 omnis
647 1824 812 1889 seditionis
834 1824 930 1887 timor
951 1832 1047 1908 atque
1072 1824 1180 1907 opinio
1202 1845 1242 1887 ex
1263 1822 1408 1905 Autronii
1430 1823 1632 1908 improbitate
1652 1821 1660 1840 '

303 1920 484 2004 pendebat?
506 1920 575 1983 eius
597 1940 708 1995 voces,
731 1920 799 1983 eius
822 1919 925 1981 minae
947 1917 1145 1993 ferebantur3
1169 1918 1237 1981 eius
1260 1917 1444 2002 adspectus,
1467 1937 1633 1982 concurra-

303 2015 366 2089 tio,
395 2016 540 2096 stipatio,
569 2033 680 2096 greges
701 2013 867 2075 bominum
889 2013 1103 2094 perditorum,
1137 2019 1253 2076 metum
1278 2012 1370 2075 nobis
1391 2011 1632 2095 seditionesque

302 2108 487 2171 afferebant.
523 2108 636 2191 ltaque
657 2108 691 2169 P.
715 2105 803 2170 Sulla
823 2106 884 2169 boc
905 2107 1177 2189 importunissimo
1193 2126 1264 2169 cum
1284 2106 1431 2179 honoris,
1452 2106 1631 2170 tumetium

267 2223 294 2269 4ο
303 2201 491 2265 calamitatis
513 2202 599 2263 socio
622 2208 718 2283 atque
739 2200 854 2263 comite
877 2208 909 2263 et
930 2201 1085 2264 secundas
1106 2199 1250 2264 fortunas
1272 2199 1418 2263 amittere
1440 2208 1571 2265 coactus
1585 2208 1632 2263 eet

303 2304 335 2358 et
354 2298 389 2359 in
410 2293 553 2358 adversis
575 2294 644 2356 sine
665 2293 732 2357 ullo
755 2294 896 2357 remedio
918 2302 1015 2377 atque
1036 2294 1246 2357 allevamento
1269 2312 1465 2378 permanere.

388 2390 503 2452 xxiv.
526 2384 577 2450 67.
598 2388 657 2451 Hie
678 2394 712 2449 tu
735 2387 898 2471 epistolam
920 2407 1023 2450 meam
1044 2408 1140 2470 saepe
1162 2388 1291 2461 recitas,
1314 2407 1409 2470 quam
1431 2408 1492 2471 ego
1513 2386 1555 2452 ad
1577 2388 1631 2452 Cn.

304 2484 487 2567 Pompeium
511 2482 550 2547 de
571 2484 650 2545 meis
673 2482 767 2545 rebus
790 2483 887 2564 gestis
909 2489 941 2545 et
963 2480 1002 2544 de
1025 2501 1145 2544 summa
1166 2502 1201 2544 re
1223 2480 1351 2564 publica
1372 2481 1464 2556 misi,
1486 2489 1582 2545 etex
1595 2500 1632 2546 ee

304 2577 423 2639 crimen
445 2576 577 2661 aliquod
599 2578 632 2639 in
654 2577 687 2637 P.
711 2576 830 2640 Sullam
853 2576 999 2660 quaeris;
1025 2585 1073 2650 et,
1095 2574 1121 2637 si
1144 2575 1282 2638 furorem
1304 2574 1523 2638 incredibilem
1544 2575 1632 2639 bien·

267 2672 358 2736 renio
381 2678 454 2733 ante
477 2677 664 2753 conceptum
687 2670 831 2752 erupisse
854 2671 886 2733 in
909 2690 981 2734 meo
1003 2669 1169 2733 consulatu
1193 2669 1325 2751 scripsi,
1348 2688 1398 2732 me
1420 2668 1482 2730 boc
1501 2667 1633 2732 demon·

304 2772 420 2828 strasse
443 2764 539 2838 dicis,
569 2764 688 2826 Sullam
718 2764 752 2826 in
774 2764 830 2826 illa
851 2763 950 2826 fuisse
972 2764 1135 2847 superiore
1158 2762 1386 2825 coniuratione.
1424 2761 1555 2826 Scilicet
1574 2781 1632 2846 ego

303 2858 330 2920 is
354 2878 423 2920 sum
445 2858 501 2940 qui
524 2857 719 2930 existimem,
744 2858 798 2920 Cn.
821 2858 970 2921 Pisonem
993 2866 1025 2920 et
1044 2857 1209 2920 Catilinam
1232 2865 1264 2920 et
1278 2857 1507 2939 Vargunteium
1523 2864 1556 2920 et
1568 2856 1633 2920 Au·

303 2953 441 3015 tronium
469 2951 550 3014 nibil
578 2950 748 3025 scelerate,
773 2951 853 3014 nihil
883 2951 1032 3015 audacter
1052 2952 1137 3033 ipsos
1159 2971 1216 3033 per
1238 2970 1308 3013 sese
1330 2950 1400 3013 sine
1421 2951 1455 3012 P.
1478 2950 1567 3014 Sulla
1587 2949 1632 3014 la·

304 3066 374 3109 cere
396 3046 549 3128 potuisse.
593 3041 643 3105 68.
665 3045 712 3106 444
734 3065 799 3127 quo
822 3046 917 3108 etiam
940 3046 967 3107 si
990 3046 1062 3130 quis
1084 3045 1260 3108 dubitasset
1273 3052 1366 3107 antea
1382 3063 1475 3118 num,
1497 3042 1532 3107 id
1546 3042 1632 3127 quod

266 3147 338 3205 ectu
361 3138 481 3220 arguis,
510 3138 696 3219 cogitasset,
728 3138 891 3200 interfecto
920 3147 1008 3221 patre
1032 3147 1086 3201 tuo
1109 3138 1240 3201 consule
1264 3138 1457 3201 descendere
1478 3136 1631 3201 Kalendis

303 3234 457 3296 Ianuariis
479 3252 550 3294 cum
572 3231 750 3305 lictoribus,
778 3232 932 3293 sustulisti
954 3232 1036 3294 banc
1059 3233 1289 3314 suspicionem,
1311 3253 1383 3294 cum
1405 3231 1514 3295 dixisti
1536 3231 1631 3306 buno,

302 3334 339 3391 ut
362 3327 525 3390 Catilinam
549 3325 710 3388 consulem
734 3325 890 3398 efiiceret,
919 3334 1028 3387 contra
1057 3334 1176 3409 patrem
1202 3333 1290 3388 tuum
1312 3345 1426 3408 operas
1450 3332 1482 3387 et
1503 3344 1631 3389 manum

304 3440 514 3503 comparasse.
555 3419 646 3494 Quod
677 3419 703 3480 si
734 3419 790 3481 tibi
814 3438 872 3500 ego
894 3415 1059 3492 confitear,
1090 3428 1123 3481 tu
1146 3419 1222 3481 mibi
1245 3419 1399 3483 concedas
1420 3439 1552 3483 necesse
1573 3427 1631 3494 est,

303 3515 403 3587 bunc,
426 3533 496 3576 cum
520 3512 673 3575 Catilinae
695 3514 933 3593 suffragaretur,
956 3513 1035 3575 nihil
1058 3512 1097 3575 de
1120 3532 1178 3575 suo
1194 3513 1378 3588 consulatu,
1400 3533 1495 3597 quem
1510 3514 1630 3580 iudicio

265 3608 468 3682 remiserat,
490 3604 633 3690 pervim
656 3606 872 3689 recuperando
895 3607 1102 3689 cogitavisse:
1125 3626 1229 3690 neque
1252 3607 1335 3670 enim
1356 3608 1489 3671 istorum
1510 3607 1631 3673 facino·

303 3724 372 3766 rum
395 3710 570 3777 tantorum,
593 3710 656 3764 tam
680 3701 832 3765 atrocium
846 3701 980 3774 crimen,
1003 3701 1141 3775 iudices,
1163 3702 1197 3763 P.
1213 3701 1321 3764 Sullae
1337 3721 1474 3784 persona
1488 3704 1630 3787 suscipit.

388 3792 439 3856 69.
462 3798 527 3858 lam
550 3796 634 3858 enim
656 3794 785 3868 faciam,
807 3795 990 3857 criminibus
1006 3795 1152 3857 omnibus
1174 3794 1240 3858 fere
1256 3795 1437 3872 dissolutis,
1459 3805 1570 3862 4444444
1584 3808 1631 3862 at·

306 3911 368 3976 que
397 3891 430 3952 in
460 3889 570 3952 ceteris
601 3888 704 3952 causis
734 3885 801 3950 lieri
829 3888 928 3962 solet,
958 3897 994 3951 ut
1023 3909 1106 3951 nuno
1128 3889 1266 3972 denique
1287 3889 1328 3951 de
1349 3891 1413 3953 vila
1434 3892 1572 3956 bominis
1593 3912 1631 3957 ac

304 3985 343 4047 de
365 3978 507 4045 moribus
529 3982 640 4044 dicam.
672 3982 796 4045 Etenim
818 3981 858 4044 de
880 3982 1036 4065 principio
1059 3983 1178 4045 studuit
1192 3985 1313 4046 animus
1328 4005 1495 4051 occurrere
1510 3987 1631 4070 magni·

267 4077 404 4147 sotadici
427 4076 578 4150 criminis,
601 4076 795 4138 satisfacere
817 4077 1047 4158 exspectationi
1071 4077 1244 4151 bominum,
1268 4078 1307 4140 de
1329 4098 1379 4141 me
1401 4079 1523 4163 aliquid
1545 4081 1628 4165 ipso,

304 4173 359 4255 qui
382 4177 545 4234 accusatus
569 4189 672 4244 eram,
695 4169 817 4244 dicere3
840 4171 1008 4233 nunciam
1032 4172 1201 4233 revocandi
1224 4173 1300 4234 estis
1323 4191 1377 4248 eo,
1401 4194 1466 4256 quo
1488 4193 1545 4238 vos
1560 4176 1629 4259 ipsa

1089 4371 1236 4379 ———

304 4529 449 4595 proposuit.
476 4526 585 4576 «Lectio
603 4538 616 4575 e
632 4525 741 4588 republ.
761 4527 810 4577 etsi
827 4526 904 4577 valde
921 4526 1069 4581 blanditur.
1097 4530 1186 4578 tamen
1204 4541 1256 4578 uon
1274 4529 1379 4582 videtur
1394 4543 1458 4583 vera
1476 4546 1551 4595 esse,
1569 4535 1630 4599 quia

304 4606 356 4655 hoc
373 4602 432 4653 loco
450 4603 574 4651 universa
591 4601 659 4651 baec
670 4602 797 4651 sententia
811 4603 1004 4666 praemittenda
1018 4608 1073 4654 erat
1084 4605 1269 4668 sequentibus,
1287 4605 1368 4655 multa
1380 4605 1515 4658 tribunum
1527 4611 1630 4672 negotia

304 4678 409 4746 publice
428 4680 572 4733 tractasse;
599 4676 695 4727 deinde
714 4677 823 4727 demum
841 4680 870 4729 44
886 4681 1020 4729 commodis
1039 4682 1076 4730 rei
1096 4695 1122 4742 p.
1141 4680 1240 4730 diserte
1263 4681 1383 4732 dieitur.»
1406 4685 1435 4734 C.
1453 4683 1485 4732 D.
1503 4682 1582 4733 Beer.
1601 4710 1628 4721 —

305 4757 328 4805 4.
347 4768 373 4804 44
388 4755 572 4802 intercessorem
588 4753 619 4801 T:
638 4753 724 4802 intere.
743 4764 769 4802 se
785 4753 804 4802 B
822 4756 850 4802 et
865 4754 1020 4812 Lambinus;
1039 4769 1063 4804 44
1080 4768 1132 4806 om.
1150 4756 1209 4806 440.
1234 4756 1272 4806 Cl.
1291 4757 1306 4820 5
1325 4757 1364 4808 44.
1381 4785 1406 4793 -
1423 4759 1549 4821 professus
1564 4760 1629 4811 TB:

302 4830 464 4894 perpessuss
487 4853 515 4863 —
538 4827 562 4875 4.
582 4825 707 4876 4444444444
732 4852 759 4860 -
783 4827 807 4876 3.
827 4828 908 4893 onus]
925 4831 1017 4879 4444444
1034 4831 1053 4880 Β
1078 4857 1103 4866 -
1129 4831 1159 4880 44
1173 4843 1227 4892 rep.
1245 4833 1264 4881 T
1284 4859 1311 4868 -
1329 4831 1353 4882 4.
1370 4833 1406 4896 iu]
1423 4835 1536 4883 etiumB
1556 4862 1583 4870 -
1602 4848 1633 4885 444

304 4906 365 4967 quid
378 4903 491 4965 pervim
507 4902 566 4951 Bet
577 4899 669 4951 Lamb.
686 4928 712 4938 -
727 4907 844 4963 speretur
860 4905 909 4967 egit
924 4906 958 4959 B:
978 4910 1079 4968 egerent
1096 4902 1188 4954 maluit
1199 4905 1309 4957 Ernesti.
1324 4932 1351 4942 -
1370 4908 1395 4956 44.
1408 4913 1462 4957 tum
1472 4910 1504 4969 T,
1522 4908 1629 4959 44444.

306 4981 419 5038 Francii,
439 4977 481 5028 ed.
496 4977 572 5027 tlte:
591 4978 648 5026 44444
665 4978 697 5036 B;
717 4982 800 5026 tumeo
818 4978 877 5028 cod.
897 4981 926 5029 C.
940 4981 1041 5044 Steph„
1060 4980 1114 5039 alii,
1133 4980 1153 5029 0
1172 4981 1262 5040 immeo
1278 4986 1389 5031 nostrum
1405 4988 1458 5032 444444
1475 4984 1515 5042 S);
1533 4985 1632 5035 44444444

305 5054 409 5120 Sylvius
427 5057 454 5104 et
463 5052 589 5104 Lamb-
608 5058 716 5102 cestrum
734 5051 777 5102 ed.
798 5052 860 5104 4474
881 5081 907 5090 -
926 5054 950 5104 i.
970 5057 1156 5116 aspectusT-
1172 5055 1196 5104 8.
1216 5057 1314 5120 metum]
1326 5057 1460 5106 tumultum
1476 5058 1628 5110 Schuetz.-

306 5132 330 5180 9.
343 5130 445 5179 cumT:
463 5128 576 5178 tumRO
590 5151 617 5162 -
633 5128 672 5176 44.
686 5128 1094 5191 cdeoiameutoutqueremedioss
1109 5157 1135 5166 -
1156 5131 1195 5179 44.
1209 5132 1307 5192 sepeT:
1325 5134 1452 5194 saepiusB
1465 5161 1491 5170 -
1506 5132 1555 5184 Gri.
1568 5135 1588 5184 Τ
1601 5161 1629 5172 -

307 5206 346 5255 43.
366 5206 395 5253 44
410 5217 508 5253 4444444444
523 5216 551 5251 re
567 5217 592 5264 p.
611 5202 659 5251 ΤΒ
677 5205 703 5251 44
720 5202 812 5252 bamb.
832 5205 858 5252 in
875 5217 973 5267 marg:
994 5207 1023 5254 44
1039 5220 1135 5255 summu
1151 5207 1228 5268 reip.
1243 5208 1262 5255 44
1282 5235 1309 5243 -
1329 5206 1368 5258 44.
1387 5213 1411 5257 44
1427 5210 1448 5256 44
1465 5210 1551 5269 TBS,
1570 5209 1630 5260 cod.

307 5283 416 5330 Genea:
433 5277 476 5326 444·
487 5278 508 5326 si
519 5277 578 5327 cod.
593 5275 749 5339 Busbequii,
769 5278 841 5342 quod
851 5291 947 5328 vereor
962 5282 992 5329 ut
1008 5282 1087 5331 etium
1105 5294 1175 5331 nunc
1186 5282 1332 5344 Seyffertus
1344 5283 1377 5343 (v.
1388 5296 1414 5346 p.
1425 5283 1465 5345 37)
1484 5285 1630 5348 praeierat3

305 5359 329 5404 44
345 5353 406 5414 quia
422 5353 442 5402 0
459 5378 492 5388 -
510 5354 550 5402 44.
569 5357 591 5401 et
607 5352 703 5412 rupisse
719 5353 738 5401 Τ
754 5380 787 5391 -
805 5354 845 5404 46.
863 5358 1017 5417 asperiorem
1032 5358 1051 5405 T
1071 5384 1097 5393 -
1116 5371 1161 5420 ego
1177 5359 1198 5406 is
1214 5359 1248 5407 T:
1268 5371 1312 5421 eqo
1329 5371 1382 5408 om.
1402 5360 1451 5409 440
1466 5386 1493 5395 -
1513 5361 1553 5409 47.
1569 5361 1632 5410 Vor-

306 5427 452 5491 quteiumT
474 5453 507 5462 —
531 5427 572 5475 444.
591 5426 626 5488 tu]
644 5431 672 5476 444
687 5428 795 5477 44444444
822 5457 849 5466 -
876 5432 1005 5495 cogitasset
1026 5438 1054 5482 44
1073 5433 1410 5496 interfecto-descenderet
1431 5435 1450 5484 B
1472 5436 1634 5498 (descenderet

307 5501 388 5552 habet
405 5498 485 5552 etiam
502 5503 530 5561 T,
550 5501 599 5552 sed
615 5507 643 5551 ut
661 5504 814 5566 sonitem.)
834 5532 861 5542 ψ
887 5508 928 5557 44.
947 5508 1094 5557 4444444444
1118 5510 1243 5559 8444444444·
1262 5511 1283 5560 0
1303 5537 1328 5548 -
1348 5509 1548 5560 muniz-utet
1564 5513 1584 5562 Τ
1602 5537 1629 5547 -

306 5578 347 5628 44.
365 5577 458 5640 fuceret
475 5579 494 5628 B
512 5603 539 5613 -
567 5591 671 5628 4444444444
687 5583 711 5627 44
726 5582 851 5640 operusB
875 5608 901 5616 -
924 5583 966 5633 43.
985 5597 1030 5646 epe
1047 5584 1125 5634 tibiB
1147 5612 1181 5621 -
1201 5587 1321 5649 4444144444
1341 5586 1373 5634 T:
1395 5588 1513 5650 cmftteor
1533 5588 1583 5638 440
1603 5615 1630 5624 -

306 5652 347 5702 44.
365 5652 418 5716 arao]
434 5667 488 5704 44444
505 5654 524 5702 T
543 5680 571 5691 -
589 5654 631 5703 46.
647 5667 756 5716 perenm
777 5656 854 5717 sydus
877 5660 896 5709 B
922 5686 948 5695 —
976 5659 1016 5709 30.
1035 5661 1201 5721 eapectutioui
1217 5663 1237 5711 T
1256 5689 1284 5698 -
1307 5663 1337 5711 44
1351 5674 1392 5710 ose
1407 5662 1504 5724 aliquid
1518 5664 1573 5725 ipso
1589 5664 1633 5727 qui

306 5741 360 5778 444.
378 5741 448 5778 mum
465 5729 517 5779 Eri.
537 5731 563 5779 et
579 5730 613 5778 T:
637 5735 661 5780 et
683 5731 712 5780 44
733 5744 773 5781 4444
793 5733 846 5794 ipso
864 5734 907 5795 qui
923 5748 1005 5784 444444.
1024 5749 1095 5784 mum
1110 5736 1206 5798 aliquid
1222 5737 1304 5787 dicem
1320 5738 1354 5796 B;
1379 5737 1408 5785 de
1424 5750 1470 5787 4444.
1489 5738 1587 5798 aliquid
1602 5741 1632 5789 de

304 5804 361 5930 sppq
378 5804 426 5944 ppt
450 5809 581 5854 4444444444
600 5810 656 5855 erut
676 5807 693 5855 S
716 5808 743 5856 et
763 5808 801 5857 sie
823 5808 878 5859 lere
900 5809 978 5861 cedd.
1003 5809 1067 5862 dett.
1092 5812 1255 5876 (ernegum.
1274 5809 1347 5864 solus
1366 5811 1398 5863 44)
1415 5817 1545 5863 4444444444
1560 5827 1632 5866 erum

362 5891 396 5929 e.
