3800 7350
327 1145 410 1225 sito
740 1149 891 1230 suanm
912 1149 1136 1233 intimi
1156 1149 1240 1235 xtt'l.

327 1330 418 1393 iiius:
444 1330 563 1392 tribuni
584 1331 716 1413 primum
739 1323 801 1396 duo
829 1332 1000 1417 designati,
1028 1335 1142 1399 Tullus
1160 1335 1328 1410 nonnius,
1360 1337 1420 1421 qni
1439 1341 1509 1404 sdtl
1528 1337 1612 1404 iuss
1631 1339 1666 1404 ih

326 1433 416 1507 ports
437 1433 554 1488 nomen
575 1423 749 1509 inscripsit,
771 1437 843 1509 qua,
866 1441 937 1490 cum
953 1428 1088 1510 prodere
1102 1429 1322 1513 imperitureni
1337 1435 1430 1495 snum
1443 1437 1518 1496 nori
1531 1433 1665 1520 possis»

326 1523 391 1591 set,
418 1517 562 1600 reliquit:
589 1516 669 1579 alter
696 1523 744 1581 est
771 1519 953 1601 designatus
973 1523 1110 1586 Insteius
1132 1523 1333 1607 nescioqui,
1359 1522 1472 1600 instim-
1491 1534 1531 1590 nt
1554 1519 1663 1601 siuns

325 1610 418 1685 latro,
441 1630 535 1695 quem
548 1617 652 1672 tamen
668 1619 893 1695 temperantem
908 1614 1005 1678 inisse
1018 1614 1123 1680 ferunt
1138 1617 1259 1680 Pisauri
1274 1617 1505 1683 balneatorem.
1526 1616 1586 1682 27.
1603 1619 1663 1684 se

303 1714 465 1791 liquuntur
485 1703 541 1767 alii
569 1704 746 1780 tribunicii,
766 1706 803 1768 T.
825 1707 959 1770 Plancus
980 1707 1014 1770 in
1034 1710 1158 1793 primis:
1181 1709 1236 1794 q'ui
1256 1711 1284 1774 si
1303 1715 1448 1775 senatum
1470 1711 1661 1789 dilexisset,

324 1811 494 1882 numquam
516 1796 634 1860 curiam
656 1797 858 1862 incendisset.
895 1801 965 1876 Quo
987 1803 1104 1866 scelere
1127 1803 1295 1870 damnatus
1314 1806 1348 1868 in
1370 1823 1440 1870 eam
1462 1795 1585 1872 urbem
1607 1811 1660 1872 ist

324 1893 382 1955 diit
402 1891 506 1964 armis,
527 1907 568 1953 ex
582 1910 646 1974 qua
661 1899 840 1956 excesserat
862 1893 994 1976 legibus.
1023 1895 1085 1960 Sed
1106 1895 1167 1960 huc
1182 1899 1212 1961 ei
1227 1911 1395 1963 commune
1407 1909 1481 1964 cnm
1504 1901 1658 1986 piuribus

323 1987 371 2050 sui
401 1983 584 2048 simillimis:
612 1982 691 2046 illud
718 1990 823 2048 tamen
848 1988 976 2063 mirum,
1007 1990 1093 2074 quod
1119 1991 1152 2053 in
1173 1989 1235 2055 hoc
1254 1991 1369 2055 Planco
1390 1991 1556 2078 proterbii
1579 1993 1655 2058 luet

323 2080 385 2144 dici
413 2078 512 2142 solet:
539 2078 642 2161 perire
672 2095 742 2141 eum
772 2099 835 2143 non
863 2101 971 2164 posse,
999 2083 1061 2146 nisi
1093 2084 1122 2146 ei
1151 2095 1243 2150 cruia
1261 2083 1359 2149 tracta
1379 2093 1499 2151 esseut.
1534 2089 1654 2152 Fracta

285 2181 411 2249 sosunt,
440 2179 472 2235 et
492 2172 578 2236 risit.
613 2171 682 2235 Hoc
703 2180 826 2247 tamen,
853 2183 888 2238 nt
908 2174 971 2237 alia
992 2174 1108 2252 multa,
1137 2176 1272 2261 Aquilae
1294 2177 1446 2243 retemtnr
1466 2189 1651 2264 acceptum.

321 2269 406 2332 xtlt.
428 2267 485 2330 Est
506 2265 600 2329 etiam
622 2266 665 2328 ibi
687 2266 815 2341 Decius,
836 2267 876 2330 ab
898 2267 977 2343 illis,
999 2274 1035 2331 ut
1056 2269 1179 2353 opinor,
1201 2271 1344 2334 Muribus
1366 2269 1514 2357 [lleciisL
1534 2275 1651 2359 itaque

322 2361 466 2426 Caesaris
487 2376 616 2424 munera
635 2362 724 2423 rosit.
761 2361 924 2424 Deciomm
940 2362 1068 2445 quidem
1090 2361 1369 2428 multointersallo
1382 2377 1440 2449 par
1451 2365 1540 2431 huuc
1553 2381 1651 2452 pras-

321 2455 440 2519 clarum
462 2455 563 2517 sirum
592 2453 742 2517 memoria
768 2461 918 2517 renovata
943 2459 1000 2518 est.
1042 2456 1156 2520 Saxam
1178 2475 1253 2521 vero
1275 2453 1439 2521 Decidium
1467 2461 1650 2543 praeterire

322 2547 377 2631 qui
399 2561 541 2631 possum,
562 2545 727 2610 hominem
746 2545 914 2610 deductum
937 2569 979 2611 ex
999 2548 1118 2612 ultimis
1139 2549 1305 2632 gentibus,
1330 2558 1367 2614 nt
1385 2557 1459 2616 eum
1480 2551 1650 2618 tribunum

283 2642 363 2724 sspl.
386 2641 578 2716 rideremus,
601 2659 696 2724 quem
718 2641 817 2703 civem
839 2659 1012 2725 numquam
1027 2641 1229 2706 videramusl
1272 2640 1325 2706 28.
1345 2645 1402 2708 Est
1415 2643 1548 2729 quidem
1564 2627 1651 2711 silei

321 2737 471 2810 Saserna,
493 2727 550 2798 sed
571 2753 681 2797 omncs
704 2727 833 2818 [tamen]
856 2740 974 2797 tanum
994 2734 1112 2799 habent
1133 2736 1367 2801 similimdiuem
1388 2737 1537 2817 iutetse,
1559 2731 1650 2804 utin

319 2841 428 2893 eorum
456 2827 714 2912 praenominibus
744 2847 854 2891 errem.
895 2829 960 2892 Nec
987 2845 1062 2892 vero
1085 2828 1109 2911 †
1129 2829 1284 2905 Extitius,
1314 2829 1514 2914 Philadelphi
1533 2831 1648 2909 usur,

319 2931 483 3007 quaestor,
505 2921 801 3006 praetermittendus
823 2927 889 2996 est,
912 2938 969 2996 ne,
992 2923 1018 2985 si
1040 2921 1080 2985 ds
1101 2921 1275 2986 clarissimo
1290 2921 1492 2986 adolescente
1511 2923 1648 3002 siluero,

317 3016 471 3081 invidisse
492 3017 603 3079 ridear
622 3016 770 3079 Antonio.
805 3015 863 3078 Est
883 3015 978 3078 etiam
993 3016 1120 3080 Asinius
1142 3014 1271 3099 quidam
1292 3015 1648 3094 senatorroluutasius,

282 3108 419 3176 illectus
445 3111 518 3195 ipse
536 3130 555 3173 a
577 3129 621 3173 se.
663 3109 809 3192 Apertam
831 3109 950 3172 curiam
972 3109 1053 3173 vidit
1073 3117 1147 3193 post
1167 3107 1309 3173 Caesaris
1331 3115 1479 3173 mortem:
1507 3113 1649 3177 mufflrit

319 3204 459 3280 calceos,
480 3213 569 3289 pater
590 3203 785 3285 conscriptus
807 3210 937 3284 repente
959 3200 1060 3265 iactus
1081 3209 1139 3265 est.
1181 3203 1254 3282 Non
1273 3203 1348 3266 novi
1371 3203 1444 3269 Sex.
1464 3202 1647 3282 Albesium,

318 3297 374 3362 sed
404 3306 507 3361 tamen
530 3297 687 3360 neminem
713 3302 776 3359 tam
799 3293 986 3358 maledicum
1009 3295 1141 3370 offendi,
1170 3295 1224 3379 qui
1246 3296 1334 3358 illum
1355 3302 1485 3378 negaret
1506 3298 1646 3381 dignum

317 3392 447 3455 Antonii
468 3397 590 3454 senatu.
628 3389 769 3453 Arbitror
791 3408 840 3451 mc
862 3388 988 3472 aliquos
1013 3390 1219 3471 praeterisse:
1248 3389 1288 3451 de
1309 3389 1347 3452 iis
1368 3398 1491 3464 tamen,
1516 3391 1573 3474 qui
1588 3411 1647 3456 oc·

318 3483 497 3558 currebant,
526 3490 630 3546 tacere
658 3503 721 3545 non
749 3482 847 3565 potui.
883 3481 951 3543 llos
973 3482 1067 3563 igitur
1087 3482 1185 3545 fretus
1207 3488 1318 3545 senatu
1339 3483 1567 3566 Pompeianum
1591 3504 1646 3548 se-

279 3584 425 3642 mustum
447 3575 595 3659 despicit,
617 3577 649 3638 in
673 3593 737 3659 quo
759 3575 867 3637 decem
888 3573 1005 3637 inimus
1027 3575 1224 3639 consulares:
1247 3576 1345 3659 quisi
1360 3577 1645 3656 omnesriverent,

381 3897 404 3945 l.
423 3894 516 3944 bibunt
536 3893 684 3944 Ferrarius:
709 3891 830 3942 tribunitii
852 3894 876 3949 ις
900 3892 1025 3942 tribunicii
1046 3893 1105 3942 abi
1129 3920 1156 3929 -
1180 3892 1264 3942 tullius
1280 3893 1315 3943 bi
1332 3920 1366 3932 -
1380 3893 1406 3944 i.
1425 3904 1487 3957 pru,
1504 3908 1565 3959 osen
1579 3896 1642 3949 nau

316 3972 360 4034 (ll,
379 3976 405 4035 p.
419 3968 490 4031 list:
510 3968 552 4030 qui
568 3978 625 4018 cum
642 3964 720 4018 codd.
734 3969 761 4017 et
777 3967 806 4017 0.
826 3969 915 4030 «qnasi
933 3970 1037 4031 portam
1056 3968 1192 4031 (Mutinae,
1210 3969 1240 4018 ul
1253 3968 1368 4033 opinor),
1387 3981 1439 4031 qus
1456 3966 1641 4035 prodilibtits'm

314 4051 410 4102 tiuslm
424 4044 539 4096 molitus
561 4043 595 4093 nd
612 4042 753 4093 Antonium
773 4041 892 4106 lugisset,
916 4052 1050 4106 quamque
1066 4041 1127 4092 iude
1145 4042 1222 4092 iacstl
1240 4043 1360 4094 homiues
1375 4046 1479 4107 portam
1497 4044 1641 4099 Hostilium

314 4126 445 4184 dicerent,
465 4125 493 4170 ut
510 4116 695 4183 triumphalem
711 4119 771 4182 post
788 4120 889 4167 tantum
907 4118 1008 4168 lacinus
1019 4119 1125 4168 nomine
1137 4131 1185 4168 sno
1197 4117 1372 4169 dedicasset·
1387 4144 1415 4157 -
1431 4119 1550 4181 pctssissst
1565 4124 1638 4172 mei:

311 4210 390 4269 posset
406 4203 427 4252 0
446 4225 473 4237 -
492 4197 516 4247 3.
534 4195 641 4256 reliquid
657 4196 668 4243 t
688 4221 715 4230 -
733 4194 835 4243 Insteius
851 4192 992 4243 Gruterus:
1009 4193 1110 4241 insieius
1126 4195 1172 4251 at;
1190 4192 1291 4242 insicins
1306 4191 1338 4252 b;
1356 4192 1447 4243 onnus
1463 4193 1487 4254 l;
1508 4193 1639 4247 Vissiuso

315 4310 342 4320 -
356 4280 410 4342 quis
427 4278 434 4327 i
448 4300 474 4311 -
494 4272 518 4324 i.
531 4272 734 4332 intemperantem
746 4283 761 4317 a
774 4294 801 4304 -
814 4269 897 4331 ierunt
912 4268 987 4329 inisse
1003 4269 1048 4316 t-
1060 4267 1158 4316 Pisum
1173 4269 1193 4327 t,
1212 4270 1241 4317 ut
1252 4268 1320 4318 coni.
1333 4268 1481 4319 Ferrarius:
1499 4269 1583 4319 iseum
1599 4269 1636 4331 b;

311 4354 407 4406 inani
424 4350 455 4400 si
475 4375 501 4384 -
519 4350 652 4409 sequnntur
668 4347 678 4394 t
694 4370 727 4380 -
743 4344 768 4393 5.
787 4341 909 4392 tribunitii
924 4344 948 4402 t;
968 4340 1069 4390 tsibnnii
1086 4356 1101 4391 s
1120 4367 1147 4377 -
1167 4341 1193 4392 F.
1211 4342 1243 4391 b:
1261 4349 1289 4393 ut
1305 4345 1330 4397 t:
1349 4355 1443 4399 om.e;
1462 4342 1488 4394 0.
1505 4343 1515 4392 i
1534 4369 1564 4381 -
1582 4345 1638 4393 isis·

309 4429 399 4493 primis
414 4427 426 4474 t
442 4448 469 4459 -
489 4421 513 4470 6.
532 4421 681 4482 dampnatus
696 4420 732 4468 al
748 4444 776 4454 -
800 4418 873 4467 rediit
888 4418 914 4466 i:
934 4417 998 4466 redit
1015 4414 1077 4464 abt
1096 4441 1122 4450 -
1143 4415 1167 4464 t.
1186 4428 1220 4465 eu*
1235 4428 1286 4477 qslu
1302 4413 1381 4465 abt:
1404 4429 1421 4464 a
1437 4428 1488 4478 qun
1503 4416 1528 4476 i;
1551 4430 1638 4480 squ

312 4505 332 4556 0
351 4531 376 4539 —
397 4502 489 4551 elom
507 4498 519 4544 t
536 4521 564 4531 -
585 4493 699 4556 plurilus
715 4491 792 4542 abt:
814 4491 929 4554 plurimis
944 4489 981 4540 to
1000 4516 1027 4525 -
1046 4489 1070 4539 a.
1088 4489 1127 4537 sui
1143 4489 1272 4539 simillimis
1288 4490 1393 4554 Pighius
1410 4489 1467 4552 (sed
1483 4491 1506 4540 is
1523 4489 1636 4543 soloece

311 4579 356 4629 sibi
372 4575 451 4636 simis
473 4568 641 4620 dissimillimis
657 4566 735 4617 codd.
754 4592 782 4602 —
806 4566 877 4615 illum
893 4579 908 4614 a
928 4591 955 4601 -
978 4564 1070 4612 mirum
1086 4561 1172 4613 Klotz:
1194 4577 1283 4614 usnam
1300 4564 1378 4615 codd.
1396 4566 1424 4614 et
1440 4563 1474 4622 03
1497 4566 1637 4627 proprium

310 4651 431 4707 Ernesti,
457 4647 539 4695 minus
558 4657 646 4694 cerum
668 4644 722 4694 Rau
739 4643 774 4701 ll,
797 4654 823 4705 p.
842 4642 873 4690 sc
895 4641 955 4703 post
971 4638 1134 4703 Zumptinm,
1162 4639 1206 4700 qui
1227 4638 1260 4688 ad
1276 4639 1352 4689 Verr.
1370 4652 1396 4704 p.
1416 4638 1463 4688 tsi
1478 4651 1530 4687 nun
1544 4652 1638 4690 nesam

310 4723 497 4791 proposuerat,
520 4720 550 4768 ut
565 4720 618 4768 iam
635 4719 696 4767 ente
711 4714 788 4767 Orelli
803 4716 904 4765 minisns
918 4726 1005 4764 oerum
1023 4714 1123 4776 (postca
1140 4711 1231 4762 maluit
1245 4711 1301 4763 Vol.
1320 4714 1363 4774 lV,
1379 4714 1409 4774 i,
1427 4726 1454 4776 p.
1466 4712 1531 4763 bid:
1548 4714 1637 4775 posin

310 4814 366 4852 cnm
382 4813 431 4848 non
444 4807 527 4859 posse,
545 4793 657 4843 etiamsi
674 4792 696 4841 si
712 4792 788 4853 cet.);
806 4790 854 4840 sed
871 4789 963 4839 mirum
981 4789 1063 4849 magis
1081 4786 1193 4849 quadrat
1209 4787 1242 4836 ad
1260 4792 1342 4838 tomen
1353 4787 1635 4851 quamZumptisnu'm

309 4888 360 4926 non
375 4884 475 4924 omum:
495 4867 606 4918 alterum
622 4865 699 4926 illud,
718 4865 789 4930 quod
801 4866 910 4916 Romam
923 4863 1062 4913 damnatus
1074 4862 1162 4922 rediit,
1182 4864 1269 4914 minus
1280 4863 1463 4914 admirandum
1476 4865 1548 4921 erat;
1568 4876 1635 4916 nam

310 4959 453 5002 commune
471 4945 495 4994 ei
512 4945 569 4993 erat
586 4955 646 4992 cum
664 4939 792 5005 pluribus.
814 4967 840 4976 -
857 4937 975 5001 moumbi
991 4937 1064 4997 loquo
1081 4938 1092 4985 t
1110 4964 1137 4974 -
1156 4938 1180 4986 9.
1194 4951 1243 4987 non
1260 4950 1342 4988 oms
1361 4964 1388 4974 -
1407 4936 1491 5000 essent]
1508 4936 1570 4989 tort.
1582 4939 1635 4989 sint

312 5053 340 5062 -
360 5025 399 5074 io.
417 5022 461 5089 ispe
479 5020 501 5079 t,
520 5016 568 5068 sed
586 5029 655 5068 corr.
674 5029 710 5066 m.
730 5019 753 5066 l.
769 5042 796 5053 -
814 5015 939 5078 resnolur
955 5012 1009 5061 bt:
1027 5012 1109 5074 ssrtur
1124 5012 1185 5062 aiO
1198 5037 1225 5048 -
1245 5014 1285 5063 ll.
1302 5013 1377 5063 etium
1390 5012 1526 5075 pidsclust
1544 5011 1587 5075 (ibt
1603 5014 1633 5065 in

309 5115 324 5151 a
342 5112 395 5150 non
412 5094 499 5154 deest,
518 5095 548 5142 ut
564 5094 598 5141 nit
615 5089 693 5141 Orelli
710 5091 735 5141 in
753 5087 808 5139 Vol.
828 5090 870 5149 lv,
888 5090 914 5149 2,
932 5101 958 5153 p.
977 5086 1044 5147 stc.)
1064 5112 1091 5123 -
1109 5087 1222 5137 muribus
1237 5088 1314 5137 obt:
1332 5087 1491 5137 mulmbusi
1511 5111 1538 5122 —
1557 5088 1634 5138 decus

308 5174 341 5235 b,
360 5184 409 5223 nos
425 5170 507 5221 Deciis
523 5178 584 5217 cnm
601 5164 713 5215 Bardilio
731 5163 892 5215 inclusimus.
912 5189 939 5199 -
965 5163 1004 5212 li.
1022 5174 1127 5211 munero
1142 5162 1203 5210 rosit
1219 5158 1248 5210 b:
1275 5174 1380 5212 munera
1398 5164 1430 5212 sit
1445 5175 1475 5220 ας
1498 5175 1633 5217 numeroso

306 5251 338 5299 sit
357 5250 385 5299 ti
403 5273 430 5282 -
455 5241 560 5308 quiden]
578 5241 712 5302 quodi-
733 5238 961 5301 ti.possunti-
979 5237 1016 5298 ut]
1033 5241 1056 5286 st
1073 5238 1158 5285 st—
1175 5238 1215 5286 ts.
1234 5236 1384 5298 qutdomb,
1406 5236 1466 5287 tort.
1483 5238 1574 5299 recte,
1599 5242 1632 5290 nt

307 5325 359 5374 ium
377 5321 457 5373 voluit
473 5315 551 5369 Orelli
568 5317 594 5365 iu
611 5313 667 5364 Vol.
685 5314 728 5373 lv,
745 5315 770 5373 2,
789 5327 815 5378 p.
828 5313 885 5363 tsi.
901 5339 928 5348 -
947 5312 1013 5361 citer
1028 5323 1080 5361 um.
1095 5313 1106 5359 t
1123 5335 1149 5345 -
1170 5311 1210 5360 iti.
1224 5311 1334 5361 Susnnu
1350 5312 1482 5361 Ferrarius
1500 5309 1568 5373 (coll.
1582 5326 1627 5378 ep.

307 5397 341 5448 ad
357 5398 409 5448 Ati.
427 5394 482 5455 AV,
493 5393 519 5454 2,
538 5390 562 5440 3.
580 5392 655 5440 Auct.
674 5387 702 5437 h.
716 5387 795 5439 Atrio.
814 5400 837 5438 c.
850 5389 874 5437 9.
888 5387 919 5437 40
931 5387 1006 5448 ceti:
1025 5398 1142 5436 scsersno
1158 5385 1215 5444 ab;
1234 5398 1339 5436 ossrsnn
1355 5389 1380 5447 t;
1398 5398 1525 5437 sossrsnus
1538 5386 1547 5436 i
1561 5389 1628 5450 (om.

305 5473 355 5532 sedi
374 5497 401 5506 -
424 5475 507 5520 tumen
527 5463 670 5515 delendum
692 5464 784 5513 censet
800 5464 854 5512 liau
871 5462 895 5523 l,
913 5474 940 5525 p.
959 5460 1001 5512 il.
1020 5486 1048 5495 -
1072 5461 1111 5511 l'l.
1126 5460 1329 5524 praenominibus
1344 5474 1430 5511 somna
1446 5463 1457 5512 t
1475 5487 1502 5497 -
1524 5462 1630 5514 conclu

306 5544 384 5596 abt:
402 5543 503 5595 lindius
518 5541 597 5591 io·
618 5539 701 5590 l8.ns
716 5539 738 5587 si
753 5538 790 5602 dc]
807 5550 851 5587 nec
867 5537 923 5587 ist
942 5559 969 5572 -
988 5535 1102 5585 udul.ui
1120 5560 1147 5571 -
1165 5536 1265 5598 siluero]
1281 5537 1302 5585 si
1317 5538 1440 5586 uerot-
1459 5536 1629 5589 inminui

308 5646 336 5656 -
348 5621 389 5671 20.
402 5620 552 5671 sicclust-
569 5627 587 5665 u
602 5626 652 5664 ssse
668 5612 759 5664 maluit
769 5611 892 5663 Garatoni
907 5637 941 5649 -
956 5610 1091 5660 mnnltuult
1107 5611 1155 5658 t-
1174 5611 1279 5661 iinon
1295 5622 1348 5661 om.
1362 5613 1413 5661 t-
1431 5609 1553 5661 Abnlsm
1571 5611 1628 5663 ht:

306 5694 432 5745 Albedimn
447 5694 524 5753 ato;
548 5693 691 5751 utrumque
708 5699 805 5738 nomeu
822 5686 976 5749 cormptum
992 5684 1105 5735 videtur.
1126 5708 1152 5724 -
1175 5686 1216 5736 ii.
1235 5690 1287 5735 inm
1303 5698 1355 5736 om.
1375 5688 1386 5736 t
1404 5712 1432 5724 -
1450 5687 1583 5755 ΝΜ
1599 5688 1629 5753 b,

306 5780 375 5833 qnae
391 5768 468 5820 lectio
480 5765 557 5820 nobis
573 5777 627 5816 uon
644 5762 712 5814 adeo
724 5761 874 5827 spernenda
885 5759 989 5811 videtur
999 5772 1080 5824 mam
1090 5761 1147 5812 visa
1158 5762 1200 5812 est
1213 5761 1360 5812 Garatontc.
1372 5785 1406 5800 ·-
1416 5761 1458 5815 as.
1466 5764 1631 5827 mm

307 5835 1043 5901 o-iisab-it.ssnntusat-it.qui]quttt.
