3800 7350
690 1181 762 1247 cn».
785 1182 971 1245 xr-xm.
999 1176 1045 1263 ss
1067 1175 1217 1244 sc-sr.
1528 1168 1605 1239 uit

299 1347 469 1412 vehemens
497 1368 590 1432 quam
619 1349 686 1422 isti,
718 1369 799 1432 quos
828 1357 861 1411 tu
890 1350 959 1411 iure
981 1347 1105 1420 laudas,
1138 1346 1193 1409 sed
1215 1354 1299 1410 certe
1321 1344 1412 1420 talis,
1446 1343 1556 1428 quales
1585 1344 1612 1407 si

299 1461 408 1504 omnes
430 1461 554 1524 semper
574 1442 724 1517 fuissent,
752 1462 923 1525 numquam
946 1442 1140 1504 desideratus
1162 1442 1329 1504 vehemens
1353 1445 1437 1502 esset
1457 1437 1611 1500 tribunus.

298 1535 367 1597 ΧΠ.
389 1530 440 1597 29.
463 1534 580 1598 Omitto
602 1536 672 1610 illa,
702 1556 782 1618 quae
805 1536 953 1598 siminus
975 1537 1007 1597 in
1029 1554 1143 1597 scaena
1164 1543 1252 1607 sunt,
1274 1539 1307 1595 at
1327 1542 1425 1606 certe,
1447 1550 1518 1592 cum
1539 1535 1613 1592 sunt

296 1627 434 1709 prolata,
458 1627 640 1703 laudantur,
662 1637 697 1692 ut
712 1630 795 1692 vivat
815 1650 886 1692 cum
908 1628 991 1703 suis,
1013 1629 1232 1710 primumcum
1254 1635 1382 1710 parente
1395 1659 1437 1673 -·
1451 1643 1524 1688 nam
1539 1641 1610 1685 meo

296 1721 412 1783 iudicio
440 1722 543 1803 pietas
564 1721 803 1785 fundamentum
825 1730 873 1785 est
894 1722 1033 1785 omnium
1056 1722 1204 1786 virtutum
1226 1754 1283 1795 -,
1313 1741 1408 1803 quem
1429 1725 1556 1782 veretur
1575 1722 1634 1779 ute

295 1815 390 1876 deum
411 1847 452 1861 -
474 1833 578 1897 neque
607 1817 689 1878 enim
718 1816 815 1880 multo
843 1835 934 1878 secus
957 1824 1005 1878 est
1026 1836 1139 1898 parens
1160 1815 1268 1878 liberis
1288 1847 1347 1889 -,
1376 1819 1460 1875 amat
1480 1829 1555 1873 vero
1576 1817 1611 1873 ut

296 1908 451 1983 sodalem,
479 1915 515 1970 ut
535 1906 678 1983 fratrem,
704 1917 741 1971 ut
761 1909 936 1992 aequalem.
974 1909 1058 1984 Quid
1081 1910 1180 1972 dicam
1202 1929 1272 1972 cum
1293 1916 1422 1990 patruo,
1450 1926 1522 1969 cum
1543 1900 1612 1968 alli·

295 2000 404 2073 nibus,
428 2021 498 2064 cum
521 2002 723 2084 propinquis,
746 2024 815 2066 cum
837 2004 898 2065 hoc
920 2002 975 2065 Cn.
991 2004 1175 2076 Saturnino,
1197 2003 1393 2066 ornatissimo
1407 2001 1500 2063 viro?
1522 1998 1610 2061 cuius

295 2099 444 2175 quantam
470 2094 599 2157 honoris
626 2094 719 2159 buius
748 2095 952 2178 cupiditatem
982 2095 1079 2159 baisse
1108 2096 1251 2170 creditis,
1277 2116 1345 2157 cum
1368 2092 1481 2157 videtis
1507 2092 1610 2155 luctus

294 2185 498 2250 societatem?
531 2187 615 2262 Quid
645 2187 685 2251 de
715 2207 765 2250 me
788 2189 904 2263 dicam,
934 2191 990 2273 qui
1013 2190 1089 2251 mibi
1110 2190 1144 2252 in
1165 2190 1260 2252 buius
1282 2186 1424 2270 periculo
1444 2204 1518 2247 reus
1540 2201 1648 2246 esseio

294 2277 425 2342 videor?
452 2279 530 2364 quid
553 2279 592 2343 de
610 2281 661 2344 his
683 2289 729 2344 tot
750 2281 826 2344 viris
847 2282 971 2356 talibus,
993 2304 1072 2366 quos
1094 2282 1208 2346 videtis
1229 2289 1316 2346 veste
1338 2280 1478 2342 mumtai
1506 2276 1609 2359 Atque

293 2371 371 2434 haec
393 2381 466 2435 sunt
487 2372 619 2448 indicia,
643 2374 778 2449 iudices,
800 2375 901 2439 solida
915 2384 946 2439 et
964 2395 1127 2459 expressa,
1149 2376 1227 2438 haec
1242 2376 1332 2457 signa
1348 2372 1524 2456 probitatis,
1545 2389 1611 2433 non

293 2464 398 2528 fucata
424 2466 544 2528 forensi
571 2469 692 2550 specie,
721 2468 777 2530 sed
808 2468 990 2533 domesticis
1011 2470 1117 2532 inusta
1137 2472 1220 2532 notis
1241 2467 1391 2533 veritatis.
1426 2463 1541 2527 Facilis
1562 2471 1611 2526 est

295 2558 348 2621 illa
369 2560 543 2622 occursatio
565 2567 597 2622 et
618 2560 770 2624 blanditia
791 2562 969 2645 popularis:
991 2562 1176 2646 adspicitur,
1197 2584 1261 2625 non
1279 2566 1478 2632 attrectatum
1500 2556 1610 2639 procul

292 2662 438 2736 apparet,
461 2674 523 2716 non
546 2656 716 2729 excutitur,
738 2658 857 2719 nonin
880 2677 991 2720 manus
1013 2657 1155 2720 sumitur.
1197 2653 1248 2718 30.
1272 2655 1424 2718 Omnibus
1445 2652 1541 2735 igitur
1561 2668 1647 2714 rete

292 2748 352 2810 bus
374 2756 517 2810 ornatum
539 2748 714 2823 hominem,
736 2758 799 2812 tam
822 2750 960 2812 externis
983 2770 1079 2833 quam
1099 2749 1292 2823 domesticis,
1314 2769 1378 2812 non
1398 2746 1495 2810 nullis
1516 2743 1610 2808 rebus

294 2840 473 2904 inferiorem
497 2860 589 2923 quam
612 2849 660 2915 te,
690 2862 804 2925 genere
826 2843 898 2905 dico
921 2851 953 2905 et
975 2844 1118 2917 nomine,
1147 2843 1341 2926 superiorem
1362 2841 1449 2914 aliis,
1477 2838 1610 2901 munici-

292 2955 384 3016 pum,
405 2934 596 3008 vicinorum,
620 2936 803 3000 societatum
826 2936 946 3010 studio,
969 2956 1109 3000 meomm
1128 2943 1304 3018 tempomm
1319 2935 1481 3008 memoria,
1502 2952 1609 3016 parem

290 3028 423 3099 vinulo,
444 3027 642 3108 integritate,
664 3028 818 3092 modestia
840 3030 974 3092 aedilem
996 3029 1112 3092 factum
1133 3049 1202 3093 esse
1224 3030 1371 3093 miraris?

375 3120 468 3181 Hunc
494 3128 527 3181 tu
549 3120 632 3183 vitae
661 3122 860 3204 splendorem
882 3122 1013 3185 maculis
1037 3121 1197 3204 adspergis
1219 3123 1311 3185 istis?
1342 3122 1422 3184 lacis
1444 3119 1646 3193 adulterinae

291 3233 374 3296 quae
396 3232 488 3276 nemo
510 3234 574 3277 non
597 3215 691 3277 modo
712 3217 857 3291 nomine,
886 3215 942 3277 sed
972 3235 1012 3277 ne
1038 3216 1215 3296 suspicione
1239 3215 1369 3298 quidem
1391 3213 1491 3297 possit
1513 3232 1610 3294 agno·

290 3326 388 3368 scere.
432 3307 616 3370 Bimaritum
639 3309 794 3392 appellas,
824 3317 859 3372 ut
880 3307 975 3371 verba
996 3309 1089 3371 etiam
1111 3305 1228 3390 lingas,
1257 3328 1321 3370 non
1343 3307 1445 3370 solum
1468 3306 1609 3369 crimina.

289 3401 424 3461 Ductum
453 3419 523 3462 esse
552 3401 591 3463 ab
621 3423 659 3465 eo
689 3403 721 3464 in
743 3403 936 3484 provinciam
959 3401 1096 3485 aliquem
1118 3400 1197 3464 dicis
1219 3401 1359 3464 libidinis
1382 3419 1493 3474 causa,
1522 3398 1609 3483 quod

289 3512 354 3554 non
377 3494 495 3556 crimen
518 3502 581 3568 est,
610 3495 665 3558 sed
687 3496 877 3578 impunitum
897 3497 932 3558 in
954 3495 1119 3559 maledicto
1148 3494 1362 3571 mendacium
1390 3501 1512 3577 raptam
1540 3512 1610 3556 esse

289 3586 469 3661 mimulam,
498 3587 585 3671 quod
614 3588 730 3652 dicitur
757 3589 869 3652 Atinae
899 3589 1015 3652 factum
1043 3608 1062 3652 a
1092 3590 1254 3652 iuventute
1281 3596 1387 3653 vetere
1415 3586 1555 3671 quodam
1576 3587 1647 3657 iuss

289 3682 451 3745 scaenicos
472 3682 541 3746 iure
564 3683 764 3767 maximeque
780 3684 952 3766 oppidano.
985 3677 1036 3744 3l.
1051 3683 1078 3746 Ο
1094 3684 1337 3747 adolescentiam
1357 3673 1532 3748 naductam
1546 3682 1610 3746 ele-

288 3777 415 3858 ganterl
439 3776 490 3838 cui
505 3776 635 3860 quidem
650 3797 722 3840 cum
738 3777 823 3860 quod
847 3777 971 3840 licuerit
992 3775 1174 3852 obiiciatur,
1196 3785 1301 3841 umen
1322 3777 1354 3840 id
1375 3779 1480 3862 ipsum
1494 3776 1609 3841 falsum

288 3869 471 3950 reperiatur.
511 3870 672 3932 «Emissus
694 3870 793 3954 aliqui
816 3890 833 3933 e
855 3890 1009 3934 carcere.»
1049 3872 1090 3934 Et
1111 3870 1237 3954 quidem
1259 3871 1392 3935 emissus
1413 3892 1472 3954 per
1491 3871 1609 3953 impru-

289 3960 602 4035 dentiam‚'emissus‚
624 3971 658 4025 ut
673 3964 843 4046 cognostis,
864 3965 1034 4027 necessarii
1054 3963 1191 4027 hominis
1206 3966 1383 4048 optimique
1397 3964 1622 4027 adolescentis·

287 4061 415 4135 rogatu:
447 4054 531 4116 idem
563 4064 672 4137 postea
694 4058 923 4140 praemandatis
944 4057 1124 4140 requisitus.
1156 4060 1260 4141 Atque
1282 4059 1360 4121 baec
1380 4077 1439 4120 nec
1459 4057 1525 4120 ulla
1545 4057 1644 4124 aliato

288 4156 361 4211 sunt
382 4149 524 4211 coniecta
545 4149 711 4211 maledicta
740 4151 772 4211 in
795 4151 863 4213 eius
886 4150 999 4224 vitam,
1028 4151 1067 4213 de
1088 4151 1178 4214 cuius
1200 4171 1258 4214 vos
1279 4152 1416 4234 pudore,
1443 4151 1607 4234 religione,

287 4242 467 4323 integritate
490 4241 648 4305 dubitetis.
691 4243 776 4305 Xlll.
798 4245 890 4307 Pater
910 4264 1001 4318 vero,
1023 4244 1143 4327 inquit,
1165 4245 1260 4308 etiam
1281 4245 1394 4308 obesse
1415 4242 1481 4307 filio
1503 4246 1606 4308 debet.

287 4334 315 4397 0
337 4353 445 4396 vocem
468 4334 577 4397 duram
604 4342 701 4419 atque
723 4336 883 4419 indignam
904 4345 960 4400 tua
981 4337 1149 4419 probitate,
1176 4338 1373 4401 Laterensisl
1406 4341 1497 4402 Pater
1517 4346 1552 4401 ut
1571 4338 1605 4400 in

287 4427 404 4490 iudicio
426 4427 551 4511 capitis,
572 4438 663 4511 pater
684 4431 772 4492 utin
795 4430 995 4493 dimicatione
1019 4431 1230 4506 fortunarum,
1251 4440 1342 4515 pater
1362 4439 1398 4494 ut
1419 4431 1504 4514 apud
1525 4430 1605 4494 tales

286 4522 369 4584 viros
391 4522 502 4584 obesse
522 4521 589 4585 filio
612 4521 745 4586 debeat?
767 4523 823 4607 qui
846 4523 872 4586 si
895 4532 980 4587 esset
1000 4525 1214 4608 turpissimus,
1237 4527 1264 4588 si
1286 4524 1537 4601 sordidissimus,
1559 4531 1641 4590 tta-ae

350 4822 544 4872 torcemsostl
558 4849 584 4858 -
598 4821 622 4874 3.
636 4823 771 4873 massot:
789 4835 863 4873 scum
878 4823 928 4873 EO
942 4849 969 4859 -
987 4826 1013 4874 o.
1029 4822 1279 4885 ptstcs1putast-
1297 4819 1494 4871 6.muttosT—
1512 4820 1537 4871 8.
1551 4818 1600 4873 Gi.

284 4895 304 4944 E
318 4921 345 4931 -
362 4895 467 4945 uideatis
482 4896 560 4946 codd.
578 4899 685 4960 praeter
701 4898 748 4948 TE
765 4911 868 4950 omnes.
887 4924 915 4934 -
938 4898 978 4949 tl.
992 4897 1089 4961 talibas]
1107 4910 1139 4947 oc
1154 4897 1245 4946 utcu
1257 4894 1364 4954 bamb.;
1383 4894 1416 4946 cl.
1428 4907 1456 4959 p.
1469 4896 1543 4958 idid,
1559 4898 1600 4949 ta.

285 4970 325 5018 «Si
343 4983 438 5020 sanum
456 4975 497 5021 est
513 4973 542 5022 dc
558 4973 595 5021 bis
611 4978 646 5021 tot
661 4972 724 5022 ciris
738 4973 837 5034 tatibus,
856 4972 1002 5036 asyndeton
1017 4972 1116 5023 nullum
1131 4975 1179 5032 est,
1198 4969 1355 5034 duobusque
1366 4969 1528 5022 verbisoin's
1542 4975 1602 5024 tott-

283 5045 327 5094 bus
338 5046 413 5107 quast
430 5047 476 5096 uni
493 5046 598 5096 cuidam
616 5048 713 5097 notioni
725 5053 761 5098 tot
776 5048 908 5098 adiectum
925 5051 991 5098 est.»
1011 5049 1169 5098 Wrssrrmc
1185 5044 1334 5096 Emendrtt.
1352 5043 1455 5096 Tuscul.
1468 5047 1500 5096 11.
1517 5060 1544 5111 p.
1558 5047 1599 5099 tt.

285 5148 312 5158 -
329 5121 407 5182 Atque
423 5120 456 5180 E,
473 5121 559 5182 idque
574 5122 608 5170 Τε
626 5123 700 5183 Amas·
716 5124 737 5174 0
754 5149 782 5160 -
801 5124 946 5175 tbtnds'ces
961 5123 1040 5172 solida
1055 5122 1120 5171 TE:
1139 5121 1231 5181 rottdo,
1251 5121 1344 5170 iudicer
1359 5119 1380 5169 0
1398 5144 1427 5157 ·-
1445 5119 1485 5170 ta.
1502 5121 1600 5188 Moto]

281 5197 353 5258 (apat
369 5209 386 5244 o
403 5196 492 5246 TE-
512 5195 552 5246 tt.
572 5197 696 5247 blandiciis
712 5199 732 5248 E
751 5224 778 5235 -
795 5193 949 5261 aspiciturri
966 5196 1201 5247 mertuturT-
1225 5195 1266 5246 46.
1283 5199 1449 5256 torn-quom
1465 5195 1498 5245 E:
1521 5193 1601 5259 qud·

283 5265 334 5332 quci
352 5270 385 5328 Τ;
409 5281 550 5333 quo-quc
571 5273 592 5321 0
611 5299 637 5307 -
665 5273 705 5322 u.
724 5285 800 5335 quom
820 5274 852 5335 ts]
874 5272 1002 5334 quouttE
1028 5296 1055 5305 -
1080 5283 1169 5334 genem
1189 5270 1244 5319 dico
1263 5273 1288 5320 ct
1306 5269 1404 5319 somme
1426 5270 1597 5322 Garatonius:

281 5347 377 5409 genem
394 5346 448 5395 dico
464 5350 487 5397 st
502 5346 608 5395 comicis
624 5346 710 5396 ΤΕΟ.
736 5346 785 5405 Qui
801 5345 946 5396 ablativum
962 5344 1153 5409 supplevemnt
1168 5345 1287 5408 &prime
1302 5342 1344 5394 rel
1359 5343 1538 5405 sptosdmvel
1554 5347 1599 5397 de-

280 5434 337 5470 core
354 5433 406 5469 non
423 5421 616 5483 cogitaverunt,
635 5419 669 5469 ad
687 5432 729 5469 vv.
739 5434 792 5469 nos
807 5421 881 5470 nudis
896 5420 968 5470 rebar
983 5418 1077 5470 saltem
1089 5418 1142 5470 dno
1158 5419 1319 5470 substantiva
1331 5418 1489 5481 apponenda
1506 5419 1596 5471 tuisse.

226 5495 885 5562 fmuntctmomnT-taAoetrmuT-
911 5494 1267 5556 nomiomacensis:
1291 5496 1596 5556 mmmmm

283 5596 310 5606 -
332 5566 1596 5633 summopore-at.prmrsnttcmT-ctcchE-at.tnpomoenr-ac.asm

215 5689 220 5701 ,
282 5669 309 5677 -
328 5642 369 5691 26.
388 5645 493 5696 scenicos
509 5646 600 5701 TEO;
624 5644 672 5696 sed
690 5644 723 5694 cl.
742 5659 767 5695 v.
786 5645 811 5696 ³.
830 5671 857 5681 -
881 5645 1074 5696 aucmentum
1089 5644 1109 5693 T
1127 5669 1155 5679 -
1178 5644 1219 5694 ii.
1236 5643 1287 5708 cari]
1303 5644 1347 5705 qui
1362 5643 1410 5693 TE
1428 5669 1456 5680 -
1473 5641 1597 5693 obiciotur

280 5718 344 5767 T·-
363 5717 404 5767 28.
423 5719 551 5782 otiqutT:
570 5721 696 5782 utiqutsE
722 5744 748 5757 -
772 5719 794 5784 s]
812 5716 935 5772 tortio
957 5745 984 5756 -
1006 5717 1272 5780 upmrmuamn-
1294 5719 1336 5768 29.
1353 5721 1382 5767 ut
1401 5717 1522 5781 coquentis
1537 5730 1592 5769 om.

280 5793 520 5845 r-nacruartr
539 5821 564 5833 -
590 5795 934 5858 optimsudrtlescantisl-
958 5787 1593 5858 30.15oscodatusT-3t.cooiccta]conoiactc

279 5867 320 5920 vel
337 5869 468 5920 coniuncto
483 5871 503 5921 Τ
521 5894 548 5907 -
566 5869 607 5925 dl.
625 5870 684 5923 tato
699 5871 728 5921 T.
