3800 7350
317 1188 400 1257 titii
755 1198 906 1263 ORATIO
928 1198 1151 1264 PHILIPPICA
1173 1202 1197 1264 l.

318 1373 355 1431 ut
381 1386 481 1450 paene
509 1366 642 1431 liberum
671 1368 712 1431 sit
738 1369 875 1432 senatori
897 1389 963 1432 non
984 1370 1105 1432 adesse.
1148 1369 1211 1445 Qui
1239 1389 1311 1432 eum
1340 1356 1418 1433 mibi
1445 1389 1514 1433 mos
1542 1376 1640 1432 notus

319 1468 403 1523 esset
423 1480 557 1544 cumque
579 1481 597 1524 e
618 1461 670 1525 via
690 1461 872 1545 languerem
895 1470 927 1525 et
947 1462 1089 1527 mihimet
1102 1462 1319 1545 displicerem,
1341 1463 1412 1525 misi
1428 1482 1484 1544 pro
1499 1463 1642 1526 amicitia

318 1553 374 1635 qui
395 1553 456 1617 hoe
478 1554 508 1618 ei
530 1555 659 1619 diceret.
690 1557 731 1619 tt
751 1556 805 1620 ille
824 1556 915 1620 robis
930 1554 1130 1619 audientibus
1145 1575 1217 1620 cum
1232 1555 1328 1619 fabris
1343 1576 1377 1618 se
1393 1555 1519 1620 domum
1536 1576 1640 1619 meam

317 1654 484 1710 venturum
506 1668 576 1712 esse
597 1649 687 1712 dixit.
719 1649 818 1712 Nimis
839 1649 989 1712 iracunde
1009 1649 1069 1712 hoe
1084 1649 1215 1733 quidem
1230 1656 1262 1712 et
1276 1648 1367 1712 valde
1383 1650 1640 1732 intemperanter.

299 1738 417 1802 oGuius
446 1741 528 1804 enim
558 1739 702 1806 maleficii
723 1751 809 1806 tanta
830 1744 890 1806 ista
911 1762 1014 1826 poena
1036 1749 1100 1817 est,
1131 1750 1165 1806 ut
1186 1742 1292 1806 dicere
1313 1744 1347 1806 in
1369 1742 1430 1807 boc
1450 1744 1561 1807 ordine
1584 1764 1642 1808 au·

318 1830 408 1896 deret
429 1853 463 1897 se
489 1834 625 1917 publicis
647 1837 751 1919 operis
774 1835 1020 1899 disturbaturum
1048 1835 1174 1919 publice
1196 1856 1236 1899 ex
1259 1843 1387 1900 senatus
1409 1838 1566 1901 sententia
1588 1857 1643 1900 ae-

318 1923 476 1990 dilicatam
500 1927 652 1991 domum?
676 1928 754 2005 Quis
776 1936 880 1992 autem
902 1950 1054 2014 umquam
1075 1937 1163 1994 tanto
1185 1930 1300 1994 damno
1322 1938 1497 1994 senatorem
1514 1931 1643 2015 eodgit‘i

318 2027 372 2082 aut
392 2020 470 2103 quid
493 2030 540 2085 est
561 2021 643 2085 ultra
671 2022 785 2104 pignus
810 2031 865 2086 aut
893 2024 1047 2088 multam?
1085 2024 1229 2099 Quodsi
1255 2025 1367 2088 scisset
1391 2045 1486 2108 quam
1512 2035 1643 2089 senten·

216 2107 221 2116 '
319 2112 393 2176 tiam
420 2114 560 2178 dicturus
589 2135 706 2189 essem,
736 2116 907 2180 remisisset
934 2117 1055 2202 aliquid
1081 2118 1222 2201 prolecto
1245 2117 1285 2182 de
1307 2120 1475 2182 severitate
1497 2118 1642 2202 cogendi.

281 2207 371 2269 ton.
393 2202 444 2270 43.
466 2209 516 2270 bn
537 2229 586 2271 me
609 2208 760 2283 censetis,
791 2218 896 2293 patres
919 2212 1107 2293 conscripti,
1131 2211 1217 2294 quod
1241 2232 1298 2275 ros
1320 2210 1412 2275 inviti
1434 2214 1533 2276 secuti
1555 2212 1643 2285 estis,

320 2301 518 2367 decreturum
546 2302 660 2377 fuisse,
687 2310 723 2367 ut
749 2304 921 2386 parentalia
953 2325 1023 2367 eum
1053 2304 1335 2389 supplicationibus
1358 2306 1585 2369 miscerentur?
1607 2310 1644 2365 ut

319 2396 528 2479 inexpiabiles
549 2396 721 2480 religiones
742 2397 776 2460 in
797 2418 863 2461 rem
884 2397 1044 2481 publicam
1066 2397 1314 2462 inducerentur?
1341 2407 1375 2462 ut
1397 2398 1644 2462 deeemereutur

319 2490 565 2575 supplicationes
593 2494 739 2555 mortuo?
768 2491 853 2556 Nihil
883 2490 955 2554 dico
977 2493 1037 2554 cui.
1074 2492 1182 2556 Fuerit
1203 2493 1257 2556 ille
1279 2494 1413 2566 Brutus,
1443 2492 1497 2576 qui
1519 2492 1643 2575 etipse

319 2584 481 2649 dominatu
503 2586 590 2668 regio
612 2581 859 2668 rempublicam
881 2585 1026 2649 liberarit
1047 2594 1079 2649 et
1099 2586 1140 2648 ad
1162 2586 1297 2649 similem
1317 2586 1464 2650 virtutem
1486 2593 1518 2649 et
1539 2586 1644 2649 simile

281 2677 435 2743 tolactum
456 2679 587 2762 stirpem
610 2680 678 2742 iam·
693 2698 794 2762 prope
815 2680 849 2741 in
864 2679 1152 2762 quingentesimum
1166 2698 1284 2743 annum
1299 2679 1503 2762 propagarit:
1527 2678 1644 2742 adduci

318 2780 423 2836 tamen
444 2791 509 2835 nou
530 2792 674 2855 possem,
696 2780 731 2835 ut
752 2789 942 2855 quemquam
964 2781 1123 2836 mortuum
1146 2773 1371 2855 coniungerem
1390 2794 1463 2835 oum
1485 2773 1645 2836 immorta-

318 2866 395 2929 lium
417 2864 584 2947 religiooe,
613 2873 665 2939 ut,
695 2864 783 2928 cuius
805 2863 1005 2947 sepulchrum
1028 2884 1162 2947 usquam
1184 2874 1288 2929 exstet
1307 2866 1363 2930 ubi
1385 2871 1583 2950 parentetur,
1613 2866 1645 2928 ei

318 2957 443 3043 publice
465 2958 667 3043 supplicetur.
702 2959 770 3041 Ego
793 2978 868 3022 rero
890 2977 960 3023 eam
979 2960 1166 3022 sententiam
1182 2958 1352 3034 dixissem,
1375 2968 1409 3024 ut
1423 2981 1474 3023 me
1489 2958 1645 3023 adversus

210 3055 213 3063 “
319 3051 469 3134 populum
491 3053 682 3126 Romanum,
706 3052 732 3115 si
753 3050 809 3135 qui
830 3051 997 3117 occidisset
1018 3054 1143 3136 gravior
1164 3054 1211 3116 rei
1233 3054 1378 3135 publicae
1399 3073 1508 3129 casus,
1530 3055 1557 3117 si
1577 3053 1647 3117 bel·

281 3146 402 3220 solum,
431 3145 457 3209 si
485 3142 630 3220 morbus,
658 3147 686 3211 si
712 3144 827 3221 fames,
854 3145 946 3209 facile
976 3167 1101 3230 possem
1123 3146 1312 3222 delendere;
1341 3166 1423 3231 quae
1445 3147 1559 3229 partim
1582 3147 1645 3209 iarn

320 3246 408 3313 sunt,
438 3240 551 3322 partim
580 3239 677 3303 timeo
705 3259 745 3302 ne
772 3239 985 3322 impendeant
1030 3240 1091 3303 Sed
1120 3239 1182 3303 boc
1208 3240 1375 3323 ignoscant
1396 3239 1428 3301 di
1451 3237 1646 3302 immortales

320 3333 413 3395 velim
436 3340 468 3395 et
488 3332 604 3417 populo
625 3333 783 3406 Romano,
806 3331 915 3416 quiid
938 3353 1003 3396 non
1026 3333 1153 3416 probat,
1176 3341 1208 3397 et
1228 3332 1304 3396 buia
1324 3332 1443 3406 ordini,
1466 3334 1522 3417 qui
1538 3333 1646 3395 decre·

319 3428 366 3491 vit
392 3426 519 3490 invitus.
562 3420 613 3487 lb.
636 3426 744 3501 Quid?
777 3427 817 3489 de
848 3426 980 3511 reliquis
1008 3428 1053 3489 rei
1083 3427 1229 3509 publicae
1259 3427 1350 3491 malis
1377 3426 1491 3490 licetne
1516 3426 1647 3489 diceret

320 3520 398 3586 blihi
420 3541 495 3584 vero
516 3519 591 3582 lieet
612 3526 645 3583 et
666 3540 790 3603 semper
811 3519 920 3583 licebit
941 3518 1126 3602 dignitatem
1148 3521 1248 3595 tueri,
1276 3528 1407 3586 mortem
1430 3526 1646 3584 contemnere.

283 3617 462 3681 atPotestas
489 3612 584 3679 modo
611 3614 759 3678 veniendi
786 3612 820 3675 iu
840 3612 926 3677 bunc
946 3613 1052 3677 locum
1074 3613 1135 3677 sit:
1164 3612 1291 3678 dicendi
1312 3614 1487 3699 periculum
1509 3634 1575 3678 nou
1596 3634 1647 3675 re·

320 3731 406 3775 cuso.
442 3711 546 3793 Atque
576 3709 711 3782 utinam,
740 3715 846 3790 patres
867 3709 1055 3790 conscripti,
1084 3708 1236 3773 Kalendis
1259 3708 1432 3773 Sextilibus
1453 3708 1566 3771 adesse
1588 3727 1648 3790 po·

320 3804 468 3868 tuisseml
492 3822 557 3866 non
579 3821 644 3886 quo
666 3802 775 3885 profiei
797 3801 936 3885 potuerit
956 3801 1101 3885 aliquid,
1124 3801 1179 3864 sed
1195 3821 1235 3865 ne
1251 3822 1333 3866 unus
1347 3802 1442 3866 modo
1459 3801 1647 3875 consularis,

321 3896 407 3982 quod
434 3905 501 3961 tum
529 3896 661 3970 accidit,
693 3895 807 3978 dignus
836 3895 892 3958 illo
921 3894 1059 3970 bonore,
1091 3895 1204 3977 dignus
1221 3915 1267 3958 re
1293 3895 1419 3978 publica
1440 3896 1646 3958 inveniretur.

321 3991 393 4068 Qua
414 3990 543 4076 quidem
572 4010 613 4053 er
634 4009 669 4053 re
692 4009 839 4072 magnum
861 3989 984 4071 accipio
1008 3988 1167 4064 dolorem,
1198 3989 1343 4053 homiues
1364 3989 1568 4074 amplissimis
1591 4009 1648 4071 po·

387 4244 410 4292 4.
426 4253 488 4304 pene
504 4239 570 4289 Vat
593 4267 620 4277 -
647 4239 672 4288 4.
691 4252 704 4288 4
727 4240 770 4289 vio
791 4241 861 4290 mei:
890 4241 920 4290 de
936 4240 980 4289 eiu
995 4240 1015 4289 0
1033 4252 1093 4290 cum
1112 4239 1127 4288 3
1144 4238 1222 4289 codd.
1243 4239 1361 4288 Ferrarii.
1382 4265 1408 4274 -
1429 4238 1567 4301 displiceret
1583 4252 1598 4288 a
1617 4265 1645 4274 —

321 4319 345 4368 3.
363 4318 408 4368 boc
423 4318 446 4367 ei
462 4316 552 4366 4444444
567 4315 603 4364 V:
622 4314 666 4364 boo
683 4314 751 4376 tinec
767 4315 783 4376 4)
801 4315 905 4364 ediceret
921 4316 961 4365 ui
979 4341 1007 4351 -
1025 4316 1064 4365 Ad
1080 4315 1110 4363 V¹
1125 4341 1151 4351 -·
1169 4314 1326 4365 audientibus
1341 4328 1398 4364 cum
1413 4314 1493 4378 fabris
1507 4326 1533 4364 se
1547 4314 1569 4362 V
1585 4325 1646 4377 sup.

321 4393 365 4446 lin.
386 4408 401 4443 a
419 4405 455 4442 m.
473 4392 497 4441 4.
517 4417 544 4427 -
564 4389 588 4440 4.
607 4390 705 4452 44444444
721 4389 765 4439 boc
782 4402 797 4438 n
813 4417 839 4425 -
858 4390 882 4439 t.
900 4389 1007 4454 4444444444
1024 4392 1034 4438 4
1052 4392 1079 4440 44
1094 4390 1116 4437 V
1134 4401 1195 4439 curn
1215 4401 1267 4438 ras.
1286 4391 1347 4453 post
1362 4389 1386 4438 ci
1403 4416 1431 4425 -
1449 4393 1522 4438 touta
1537 4389 1572 4438 V:
1592 4401 1647 4438 om.

321 4471 360 4523 Di
381 4496 407 4505 -
424 4469 461 4517 ito
478 4469 489 4516 t
507 4492 533 4503 -·
553 4465 577 4514 6.
594 4464 687 4528 publici
704 4468 740 4529 gt
757 4491 784 4501 ·-
809 4465 834 4514 4.
853 4478 975 4527 umpuum
991 4464 1012 4511 V
1029 4478 1137 4529 quoque
1154 4462 1237 4514 habet
1259 4465 1379 4527 (usqum
1395 4464 1415 4514 0
1432 4466 1459 4514 et
1475 4465 1514 4514 sic
1530 4463 1647 4526 semper)

324 4545 448 4608 -eoepit
464 4546 509 4592 4444
524 4541 546 4589 V
563 4553 632 4590 corr.
651 4553 683 4590 ex
700 4539 833 4602 eoepitauit
846 4564 874 4576 -
893 4540 918 4590 8.
938 4540 987 4602 Qui
1002 4540 1024 4589 si
1041 4541 1048 4588 i
1067 4566 1094 4575 -
1112 4539 1187 4590 sciret
1202 4537 1295 4589 maluit
1312 4539 1442 4590 Garatoni.
1454 4566 1488 4576 -
1505 4540 1545 4589 44.
1563 4538 1650 4588 deere-

321 4627 374 4672 tum
391 4622 402 4671 4
419 4646 445 4655 -
466 4619 506 4668 44.
523 4616 653 4680 scipiones
674 4628 727 4666 om.
746 4616 757 4665 4
775 4640 800 4653 -
825 4615 852 4665 iu
872 4628 901 4664 re
918 4613 1023 4677 publicu
1040 4613 1073 4674 V,
1099 4615 1126 4662 in
1142 4628 1165 4663 r.
1182 4627 1209 4676 p.
1228 4616 1252 4671 t,
1278 4613 1324 4677 qni
1340 4612 1498 4677 plerumque
1514 4627 1538 4662 r.
1553 4625 1581 4674 p.
1601 4622 1650 4676 per

322 4708 416 4746 omues
433 4706 510 4745 cesus
526 4692 617 4742 habet.
636 4716 660 4727 -
688 4689 728 4741 43.
745 4695 845 4740 mutuo
860 4690 897 4739 V:
923 4694 1080 4739 mortuorum
1096 4689 1135 4738 Di
1154 4714 1181 4724 -
1208 4689 1249 4738 cui
1270 4702 1302 4738 a:
1326 4688 1369 4750 pui
1385 4688 1434 4740 Vb
1445 4691 1496 4752 gt,
1521 4687 1577 4750 puis
1593 4687 1600 4736 i
1620 4712 1648 4722 -

321 4772 397 4834 {uerit
412 4769 452 4819 iile
467 4769 522 4818 licet
538 4769 644 4828 Brutus,
662 4767 705 4829 qui
721 4771 745 4817 et
761 4766 811 4829 ipre
828 4766 853 4814 d.
871 4779 895 4814 r.
907 4777 931 4815 r.
948 4778 974 4827 p.
990 4763 1104 4813 liberauit
1119 4769 1143 4813 44
1157 4765 1260 4827 stirpem
1272 4777 1352 4826 prope
1368 4764 1589 4829 quingentarum
1605 4775 1651 4811 ae·

322 4860 383 4896 uum
396 4844 547 4908 propagavit
563 4841 650 4894 schol.
668 4842 766 4892 Lucani
783 4841 841 4899 Vll,
859 4839 916 4890 580.
932 4865 959 4874 -
976 4838 1054 4901 suerit
1070 4838 1154 4888 om.b
1172 4863 1198 4875 -
1217 4839 1311 4889 Brutus
1326 4838 1361 4885 V:
1381 4838 1410 4887 1..
1423 4838 1516 4887 antus
1532 4837 1601 4887 iDO
1621 4862 1648 4872 —

240 4911 249 4934 ¹
324 4920 363 4972 44.
382 4919 510 4970 dominatu
526 4917 690 4984 repioVbt:
708 4917 777 4982 regio
794 4915 924 4965 dominatu
938 4914 1038 4977 aig-
1058 4914 1099 4963 to.
1117 4914 1169 4963 iem
1184 4926 1262 4976 prope
1277 4912 1351 4962 iuV:
1370 4914 1397 4963 io
1411 4926 1490 4976 prope
1505 4911 1580 4970 abi,
1598 4911 1652 4959 44444

320 5008 399 5059 prope
420 5006 473 5044 om.
492 4998 535 5058 gt.
561 4993 600 5045 ct.
625 4992 659 5043 de
680 4992 734 5043 iam
754 5005 846 5054 prope,
870 4988 943 5053 quod
966 4988 1127 5039 Goerenzius
1149 4989 1286 5052 quondam
1308 4988 1427 5038 Latinum
1449 4999 1509 5038 esse
1531 4986 1650 5048 negavit,

324 5070 408 5123 llaud.
426 5070 500 5120 Ture.
519 5070 567 5130 111,
585 5082 612 5132 p.
632 5068 680 5119 ⁴³5
696 5079 737 5131 sq.
757 5070 784 5117 44
800 5065 872 5132 locos
889 5076 957 5127 quos
973 5063 1035 5113 Ern.
1054 5061 1101 5113 sd.
1120 5063 1243 5127 Vogelius
1260 5064 1286 5114 in
1304 5063 1419 5114 Obserou.
1437 5063 1471 5112 ad
1487 5061 1582 5124 uiipsot
1599 5059 1649 5111 044.

322 5146 388 5196 tuem
411 5144 522 5208 tiliponti
539 5143 610 5205 4830)
631 5156 659 5207 p.
677 5142 709 5193 46
732 5139 833 5192 attulit:
861 5140 932 5189 Brut.
952 5138 968 5202 5
985 5139 1026 5189 344.
1045 5138 1079 5190 de
1096 5140 1166 5189 Orat.
1185 5141 1206 5190 11
1212 5176 1219 5198 ,
1237 5138 1253 5202 5
1269 5139 1293 5188 i.
1312 5138 1346 5189 ad
1363 5140 1414 5189 Ait.
1433 5137 1476 5195 lV,
1494 5134 1518 5186 4.
1537 5147 1563 5199 p.
1577 5132 1649 5184 Cael.

324 5221 339 5286 5
356 5221 397 5271 25.
417 5219 441 5269 in
459 5217 534 5268 Verr.
552 5219 583 5278 V,
602 5217 617 5281 5
634 5217 691 5267 460.
711 5243 738 5253 -
764 5216 1028 5281 pmuquupesimuma
1052 5215 1155 5276 4444444444
1171 5214 1296 5277 meist.
1315 5213 1339 5276 g)
1359 5240 1387 5250 -
1412 5211 1451 5260 46.
1471 5221 1569 5272 quem·
1586 5221 1603 5257 a
1621 5233 1649 5242 -

324 5300 433 5347 mortum
453 5295 484 5342 V¹
503 5320 530 5329 -
555 5291 734 5343 immortalium
749 5292 784 5341 V:
806 5292 909 5342 4444444444
925 5288 1105 5339 immortalium
1121 5289 1159 5337 Di
1179 5314 1206 5324 -
1235 5288 1275 5338 47.
1294 5287 1450 5349 sepulchrum
1462 5285 1544 5347 Vgt:
1567 5283 1652 5345 sepul·

324 5385 396 5422 cusu
412 5368 541 5420 44440-
564 5380 671 5430 usquam
687 5365 745 5430 bg:
772 5379 895 5428 umorum
911 5363 1032 5415 aitVO.
1057 5362 1095 5413 Ct.
1114 5361 1235 5425 Madvigii
1252 5363 1346 5426 opusc.
1367 5362 1390 5419 l,
1412 5374 1438 5424 p.
1456 5359 1513 5410 404.
1534 5384 1562 5394 -
1585 5361 1652 5407 extet

326 5447 387 5497 mei.
406 5473 434 5482 -
457 5445 490 5496 404
508 5457 538 5508 g,
561 5443 606 5506 qui
623 5440 720 5492 deinde
741 5438 823 5490 habet
843 5445 867 5490 44
885 5438 1037 5500 supplicetur
1058 5462 1085 5473 -
1110 5438 1141 5487 48
1159 5439 1186 5488 44
1203 5438 1245 5487 40.
1264 5436 1398 5505 publich
1422 5461 1449 5471 -
1476 5434 1594 5484 dixissem
1614 5434 1649 5481 V:

324 5522 442 5572 dixissem
457 5534 483 5582 p.
501 5533 523 5567 4.
541 5515 637 5580 (potres
651 5513 793 5578 conscripti)
813 5513 881 5564 iDO
900 5539 927 5548 -
952 5512 992 5563 40.
1009 5525 1063 5561 rem
1081 5512 1207 5574 publicum
1229 5513 1266 5572 V:
1288 5513 1316 5562 at
1332 5522 1357 5561 ν.
1375 5511 1401 5561 iu
1419 5509 1493 5561 Catil.
1512 5511 1556 5571 1V,
1575 5508 1590 5572 5
1609 5510 1649 5558 44.

328 5591 735 5658 -sipuiVabzsiguisgi3
761 5580 1647 5652 aquus-suecosmvnitioeitumt-sopuuemuit-

325 5671 366 5720 44.
384 5667 588 5732 iepeudsuutVa
602 5692 630 5703 -
648 5666 708 5714 iaec
724 5677 779 5714 a-
799 5664 825 5714 di
841 5663 874 5711 V:
894 5661 966 5711 diiO
986 5687 1012 5698 -
1033 5662 1074 5712 44.
1093 5662 1120 5710 id
1141 5674 1195 5712 om.
1214 5664 1249 5711 at
1267 5686 1292 5697 -
1316 5660 1357 5710 23.
1375 5660 1456 5710 dicere
1472 5660 1541 5710 miii.
1562 5660 1651 5709 Verres

326 5742 383 5799 ab:
400 5741 461 5790 miii
478 5738 771 5802 dicereuerumlgt-
790 5736 830 5788 44.
848 5735 1018 5788 4444444444
1038 5762 1065 5771 -
1083 5734 1371 5799 semodoJuerob-
1388 5734 1651 5800 teleta-diemdi

328 5818 348 5865 V
366 5830 426 5867 cum
444 5828 496 5866 ms.
515 5818 576 5880 post
591 5813 649 5874 udi:
667 5815 727 5863 ante
743 5827 761 5862 u
772 5824 808 5862 m.
820 5814 836 5863 4
850 5812 880 5862 ds
896 5821 1030 5875 superser.
1043 5811 1092 5860 est.
1107 5838 1135 5849 -
1152 5808 1351 5874 4044444144
1365 5821 1391 5860 se
1402 5812 1413 5861 4
1425 5829 1455 5848 -ι
1471 5810 1512 5861 44.
1524 5809 1651 5872 soupuod

327 5891 391 5942 b-
410 5890 451 5943 48.
469 5890 548 5953 reip.
566 5888 584 5939 b
604 5916 631 5926 -
649 5887 842 5942 4404444444-
859 5884 902 5940 29.
919 5883 1116 5952 444444ιὼ4444.
