3800 7350
736 1724 780 1815 M.
807 1723 948 1815 TULLII
976 1724 1205 1818 CICERONIS

942 1937 992 1993 BE

381 2119 872 2209 PROVINCIIS
921 2121 1557 2211 consumit-inus

769 2350 810 2410 1u
832 2350 989 2412 sannru
1012 2349 1175 2413 nunno.

866 2564 1070 2614 nucouuovti

651 2740 710 2799 10.
735 2739 987 2800 (sunnonis
1010 2740 1268 2801 salubrium

863 2967 1070 2979 ἡ*

733 3135 928 3201 'NOTARUM
949 3143 1189 3202 exanclato.

344 3303 368 3321 ·-
388 3283 452 3335 Cod.
473 3284 604 3333 Parisinus
622 3296 694 3333 num.
714 3282 794 3342 7794,
812 3298 827 3333 n
846 3284 980 3334 Dursnano
998 3287 1025 3333 ei
1040 3284 1075 3334 ab
1094 3286 1192 3334 illasio
1210 3282 1328 3334 collatus.
1356 3284 1395 3335 ct.
1414 3298 1440 3349 p.
1459 3285 1516 3336 8344.
1535 3286 1593 3336 859.

344 3377 364 3394 =
387 3358 452 3408 cod.
472 3357 684 3416 Gembiacsnsrs,
703 3371 773 3409 nunc
791 3357 967 3410 Bruxeliensis
985 3372 1057 3410 nurn.
1076 3358 1154 3417 nutu.
1173 3373 1187 3407 a
1205 3373 1249 3409 ine
1267 3358 1385 3410 collatus.

344 3454 367 3472 =
387 3432 451 3484 Cod.
466 3432 634 3491 Eriurtensis,
653 3446 723 3483 nuuc
734 3432 919 3493 berolinensis,
934 3432 1005 3497 upud
1016 3434 1183 3484 Wunderurn
1196 3432 1257 3495 (vid.
1271 3447 1352 3498 supra
1369 3447 1395 3499 p.
1407 3433 1475 3496 4446.)
1486 3447 1513 3498 p.
1525 3434 1558 3486 53
1569 3446 1630 3500 sqq.

385 3512 413 3558 ct
428 3507 587 3558 FreuudIunr
605 3522 631 3572 p.
650 3507 683 3557 40
700 3522 741 3573 sq.

344 3599 368 3617 ·-·-
388 3582 501 3633 Codices
519 3584 595 3633 PGE
613 3584 682 3633 iuter
699 3597 727 3632 se
746 3586 952 3635 consentientes.

369 3667 463 3718 Cetera
481 3664 545 3730 sigla
563 3666 624 3717 vide
641 3681 720 3730 supra
742 3681 766 3731 p.
786 3668 842 3719 Isti.

367 3753 499 3814 integram
517 3749 636 3802 lectionis
654 3753 808 3802 varietatem
825 3753 993 3804 exhibuimus
1011 3768 1041 3804 ex
1060 3754 1123 3804 solis
1140 3756 1197 3804 PG.

388 4006 412 4068 Ι.
433 4003 462 4068 Ἰ.
486 4007 518 4069 Si
541 4007 614 4089 quis
636 4016 786 4080 vostrum,
807 4016 911 4089 patres
934 4010 1122 4092 conscripti,
1141 4018 1317 4091 exspectat,
1335 4030 1414 4093 quas
1429 4010 1489 4074 sim
1503 4011 1631 4092 provin·

302 4101 366 4163 cias
389 4102 592 4174 decreturus,
615 4101 794 4163 consideret
816 4102 883 4186 ipsa
905 4122 1022 4174 secum,
1047 4104 1101 4185 qui
1126 4102 1201 4164 mibi
1224 4103 1369 4166 homiues
1395 4123 1436 4166 ex
1458 4103 1630 4185 provinciis

302 4194 498 4276 potissimum
528 4194 713 4256 detrahendi
740 4195 818 4257 siut:
850 4215 912 4258 non
935 4195 1109 4269 dubitabit,
1140 4197 1218 4279 quid
1241 4197 1358 4260 sentire
1380 4218 1431 4261 me
1453 4196 1630 4270 conveniat,

302 4309 390 4362 cum,
413 4287 490 4370 quid
513 4286 590 4349 mibi
614 4288 730 4349 sentire
753 4308 882 4351 necesse
905 4291 962 4363 sit,
988 4292 1144 4373 cogitarit.
1178 4292 1222 4353 Ac
1247 4290 1273 4352 si
1295 4291 1443 4374 princeps
1465 4310 1535 4355 eam
1557 4309 1629 4353 seu·

278 4382 430 4445 otentiam
453 4380 606 4455 dicerem,
629 4381 800 4444 laudaretis
823 4381 981 4464 proiecto;
1007 4383 1033 4445 si
1057 4382 1161 4455 solus,
1185 4391 1269 4446 certe
1290 4382 1511 4465 ignosceretis3
1533 4382 1628 4447 etiam

302 4474 327 4536 si
357 4474 451 4556 paulo
483 4477 586 4539 minus
607 4475 696 4538 utilis
718 4476 809 4538 vobis
832 4477 990 4539 sententia
1009 4475 1187 4549 videretur,
1215 4476 1340 4539 veniam
1363 4485 1467 4540 tamen
1488 4477 1629 4561 aliquam

301 4568 404 4631 dolori
427 4589 497 4631 meo
521 4567 716 4631 tribueretis:
741 4589 823 4631 nuuc
845 4590 937 4642 vcro,
967 4577 1073 4651 patres
1095 4570 1282 4652 conscripti,
1304 4590 1368 4633 uon
1390 4589 1487 4652 parva
1507 4568 1630 4634 afficior

301 4662 479 4744 voluptate,
502 4661 552 4725 vel
574 4661 661 4744 quod
683 4660 745 4724 boc
767 4663 902 4724 maxime
924 4662 970 4724 rei
994 4662 1136 4745 publicae
1153 4662 1318 4737 conducit,
1341 4663 1462 4746 Syriam
1480 4663 1629 4728 Macedo-

301 4756 448 4838 niamque
471 4755 614 4827 decerni,
635 4764 671 4816 ut
693 4754 783 4817 dolor
804 4775 892 4818 meus
915 4755 994 4818 nibil
1017 4774 1035 4817 a
1054 4757 1211 4819 communi
1235 4757 1369 4820 utilitate
1384 4757 1556 4832 dissentiat,
1577 4756 1629 4820 vel

263 4862 290 4906 to
302 4847 387 4932 quod
408 4848 510 4911 babeo
532 4856 692 4933 auctorem
716 4849 748 4909 P.
772 4848 955 4923 Servilium,
980 4850 1034 4932 qui
1050 4856 1124 4912 ante
1138 4869 1188 4912 me
1202 4850 1389 4913 senientiam
1405 4849 1503 4924 dixit,
1525 4850 1628 4914 virum

301 4941 505 5003 clarissimum
529 4935 657 5007 etcum*
674 4943 708 5004 in
730 4942 909 5031 universam
930 4963 998 5005 rem
1020 4942 1194 5026 publicam,
1223 4950 1292 5025 tum
1313 4943 1406 5006 etiam
1430 4961 1504 5025 arga
1524 4961 1628 5006 meam

300 5033 432 5096 salutem
461 5033 525 5097 lide
554 5055 590 5099 ac
617 5024 848 5099 benevolendi
870 5035 1034 5118 singulari.
1077 5030 1108 5097 2.
1131 5035 1225 5111 Quod
1247 5035 1273 5099 si
1296 5035 1350 5098 ille
1373 5044 1406 5100 et
1425 5036 1522 5119 paulo
1543 5044 1628 5110 unte,

301 5137 332 5189 nt
353 5129 638 5212 quotienscumque
660 5131 688 5193 ei
712 5130 800 5192 Iocus
822 5129 949 5193 dicendi
972 5149 1008 5192 ac
1030 5137 1170 5212 potestas
1191 5127 1266 5203 luit,
1298 5129 1466 5194 Gabinium
1487 5137 1520 5192 et
1540 5130 1627 5194 Piso·

278 5344 280 5353 '
364 5359 501 5407 insenuno
517 5369 654 5407 onnrrorns.
682 5359 710 5408 In
724 5370 841 5410 ssnuruir
856 5370 892 5408 ns
907 5371 1048 5409 rnorrnrns
1065 5370 1224 5409 consolinus.
1238 5361 1272 5410 P:
1290 5371 1318 5409 nr
1333 5370 1476 5409 sunuruns
1485 5369 1627 5411 enormem

299 5443 478 5483 consociemus
495 5433 531 5490 Gi
550 5432 718 5496 inscriptione
736 5446 828 5483 carere
846 5433 952 5483 videtur
969 5435 1001 5493 E;
1020 5446 1049 5483 nr
1064 5446 1162 5485 sanato
1177 5447 1231 5485 orn.
1250 5435 1280 5483 0.

364 5516 388 5565 4.
406 5515 432 5565 Ρ.
446 5514 472 5565 c.
492 5517 511 5565 P
529 5515 645 5580 (ubique)
665 5543 688 5553 -
708 5518 850 5578 prottlniias
865 5518 898 5575 P;
917 5518 956 5567 sio
974 5515 1139 5581 pierumque.
1160 5543 1186 5552 —
1206 5517 1231 5568 3.
1246 5517 1402 5580 pausum
1420 5532 1475 5571 om.
1487 5522 1509 5570 G
1522 5547 1548 5559 -
1569 5526 1626 5571 nsit

299 5592 320 5637 t}
333 5615 359 5626 -
373 5591 462 5641 mutin
477 5604 517 5640 ma
527 5592 586 5640 PG:
605 5605 645 5641 mo
660 5593 749 5642 sentiro
766 5593 826 5652 1303
844 5604 941 5643 consus
950 5605 990 5642 ms
1001 5592 1086 5643 Cobet
1099 5594 1281 5656 (Mnemosyne
1293 5594 1336 5653 III,
1349 5607 1375 5658 p.
1388 5594 1456 5658 sat).
1465 5623 1491 5631 -
1512 5596 1537 5647 s.
1548 5596 1626 5659 poulo

299 5666 356 5716 PG:
375 5665 462 5727 paullo
479 5668 509 5727 0,
527 5667 718 5717 lieniutb-
737 5668 942 5733 inunum?-
963 5667 1046 5718 &boc
1063 5669 1129 5729 quod
1145 5667 1194 5717 Gli
1213 5694 1240 5704 -
1259 5681 1289 5718 rc
1306 5669 1414 5719 .P.P-
1435 5670 1513 5720 ltin
1530 5669 1624 5720 oruc

300 5767 326 5773 -
347 5741 388 5790 43.
406 5741 621 5803 puotionmmoua
637 5744 669 5791 P:
688 5742 879 5802 quotiescunque
894 5744 924 5792 0.
