3800 7350
308 1200 391 1268 t308
740 1203 891 1268 ΟΜΔΤΙΟ
913 1201 1137 1268 PHILIPPICA
1158 1202 1196 1266 V.

308 1374 461 1459 populum
489 1376 664 1439 Romanum
693 1373 827 1438 liberum
854 1372 955 1437 voluit
982 1371 1216 1454 maximumque
1244 1369 1368 1453 signum
1390 1369 1446 1432 illo
1470 1366 1525 1432 die
1550 1365 1645 1430 dedit

306 1469 479 1534 volontatis
508 1476 540 1533 et
569 1469 678 1533 iudicii
707 1468 773 1543 sui,
803 1460 874 1531 cum
901 1465 1040 1529 Antonio
1070 1464 1216 1528 diadema
1238 1463 1361 1527 Caesari
1387 1464 1583 1548 imponente
1605 1481 1642 1526 se

232 1557 235 1563 ’
306 1563 422 1642 avertit
447 1564 630 1647 gemituque
657 1570 689 1625 et
716 1560 873 1626 maestitia
894 1559 1081 1634 declaravit,
1109 1566 1263 1642 quantum
1283 1557 1413 1621 baberet
1433 1554 1547 1620 odium
1572 1574 1643 1619 ser·

306 1656 430 1731 vitatis,
453 1676 548 1741 quam
569 1654 722 1740 populum
743 1656 917 1718 Romanum
939 1654 1070 1716 liberum
1094 1657 1237 1735 cuperet,
1267 1671 1360 1735 quam
1381 1651 1454 1725 illa,
1478 1668 1566 1734 quae
1589 1655 1643 1712 tu·

281 1749 395 1824 olerat,
418 1757 595 1834 temporum
615 1749 715 1833 magis
730 1746 922 1812 'necessitate
945 1767 1039 1832 quam
1060 1746 1177 1809 iudicio
1199 1744 1333 1809 tulisset.
1366 1744 1493 1820 Quanta
1506 1762 1589 1807 vero
1611 1739 1642 1806 is
1723 1814 1727 1822 ¹

306 1843 522 1908 moderatione
551 1864 628 1907 usus
658 1844 700 1907 sit
719 1842 753 1905 in
775 1841 829 1904 illo
853 1849 993 1924 tempore
1016 1838 1165 1914 civitatis,
1195 1839 1280 1922 quod
1302 1847 1375 1923 post
1396 1845 1533 1903 mortem
1558 1838 1644 1902 Cae·

306 1937 385 2002 saris
409 1946 612 2001 consecutum
636 1945 700 2013 est,
732 1935 802 2019 quis
824 1942 967 1998 nostrum
990 1932 1132 1997 oblivisci
1154 1935 1281 2016 potest‘l
1312 1934 1425 2016 Magna
1446 1933 1547 2007 haec,
1578 1932 1642 1998 sed

306 2032 346 2095 ad
374 2032 494 2096 maiora
520 2038 670 2115 properat
698 2029 809 2093 oratio.
852 2024 903 2090 39.
926 2028 1012 2105 Quid
1034 2028 1133 2101 enim,
1162 2046 1181 2090 o
1204 2026 1237 2089 di
1258 2026 1465 2090 immortales!
1495 2026 1644 2092 admira·

305 2125 400 2188 bilius
431 2124 578 2187 omnibus
606 2123 767 2207 gentibus,
795 2121 873 2206 quid
894 2123 1032 2207 optatius
1060 2120 1179 2205 populo
1201 2121 1342 2183 Romano
1363 2121 1505 2184 accidere
1529 2122 1643 2206 potuit

269 2230 417 2303 coquam,
447 2238 518 2282 cum
548 2216 666 2280 bellum
695 2215 788 2280 civile
817 2216 988 2279 maximum
1017 2223 1119 2289 esset,
1148 2213 1237 2277 cuius
1264 2213 1341 2277 belli
1370 2216 1491 2279 exitum
1520 2235 1641 2281 omnes

305 2313 505 2396 timeremur,
534 2311 688 2394 sapientia
710 2309 734 2392 †
756 2309 851 2373 etiam
881 2308 914 2372 id
943 2310 1050 2393 potius
1072 2308 1230 2391 exstingui
1253 2327 1348 2392 quam
1378 2309 1472 2373 armis
1495 2318 1529 2374 et
1549 2310 1641 2375 ferro

306 2425 373 2470 rem
393 2406 426 2469 in
449 2405 617 2469 discrimen
639 2403 819 2467 adduceret
841 2403 934 2480 Quod
957 2405 984 2467 si
1006 2403 1116 2468 eadem
1138 2403 1218 2465 ratio
1235 2400 1376 2465 Caesaris
1397 2402 1510 2467 luisset
1524 2404 1560 2467 in
1576 2404 1639 2468 illo

305 2506 405 2564 taetro
427 2499 608 2582 miseroque
629 2497 732 2572 bello,
761 2504 796 2559 ut
826 2498 969 2561 omittam
989 2505 1127 2582 patrem,
1156 2495 1236 2558 duos
1260 2494 1315 2557 Cn.
1339 2496 1484 2579 Pompei,
1513 2498 1640 2561 summi

308 2599 339 2656 st
360 2590 527 2675 singularis
546 2591 623 2666 viri,
644 2591 728 2654 lilios
749 2590 923 2656 incolumes
945 2591 1150 2655 haberemus:
1173 2588 1289 2673 quibus
1304 2597 1389 2651 certe
1410 2590 1511 2674 pietas
1526 2590 1640 2656 fraudi

269 2699 377 2749 stesso
399 2704 465 2747 non
486 2684 602 2748 debuit.
638 2684 760 2748 Utinam
783 2703 893 2749 omnes
909 2686 952 2748 Μ.
968 2685 1105 2768 Lepidus
1127 2702 1251 2746 servare
1272 2682 1441 2765 potuissetl
1463 2686 1638 2750 Facturum

304 2778 404 2841 luisse
426 2776 596 2842 declaravit
617 2777 652 2841 in
673 2797 729 2853 eo,
752 2777 836 2861 quod
858 2778 981 2862 potuit,
1004 2797 1074 2842 cum
1097 2778 1172 2841 Sex.
1187 2777 1371 2860 Pompeium
1392 2778 1531 2842 restituit
1553 2780 1639 2843 civi-

304 2872 378 2945 tati,
400 2870 573 2934 maximum
594 2879 813 2935 ornamentum
834 2872 882 2935 rei
903 2871 1068 2955 publicae,
1090 2870 1299 2935 clarissimum
1315 2881 1553 2943 monumentum
1569 2872 1640 2936 cle-

305 2963 441 3029 mentiae
462 2981 548 3027 suae.
585 2964 696 3029 Gravis
718 2964 774 3029 illa
794 2964 921 3031 fortuna
942 2966 1054 3051 populi
1068 2965 1217 3039 Romani,
1239 2983 1333 3048 grave
1347 2963 1455 3027 iatum.
1478 2966 1637 3049 Pompeio

306 3058 391 3120 enim
417 3064 523 3142 patre,
552 3059 638 3143 quod
666 3059 799 3142 imperio
827 3060 937 3143 populi
965 3061 1097 3124 Romani
1119 3060 1225 3124 lumen
1247 3058 1323 3134 fuit,
1355 3058 1508 3123 exstincto
1531 3060 1639 3124 inter-

267 3152 406 3217 :olectus
428 3161 476 3216 est
497 3152 595 3235 patris
617 3152 795 3217 simillimos
816 3150 908 3218 lilius.
952 3150 1002 3217 l0.
1027 3153 1087 3217 Sed
1110 3154 1215 3217 omnia
1235 3152 1313 3216 mihi
1330 3151 1476 3216 videntur
1496 3153 1638 3218 deorum

304 3245 527 3309 immortalium
559 3244 677 3309 iudicio
708 3247 850 3329 expiata,
884 3248 958 3311 Sex.
997 3249 1145 3332 Pompeio
1177 3247 1224 3310 rei
1256 3246 1402 3329 publicae
1433 3256 1637 3313 conservato.

305 3339 373 3402 XV.
395 3337 498 3414 Quam
520 3338 561 3401 ob
584 3359 710 3402 eausam
732 3340 846 3403 iustam
867 3348 964 3424 atqua
985 3360 1129 3424 magnam
1158 3348 1189 3404 et
1212 3339 1298 3424 quod
1326 3340 1637 3423 periculosissimum

305 3433 396 3498 civile
424 3432 543 3497 bellum
571 3436 807 3519 maximumque
837 3433 1033 3498 humanitate
1055 3441 1087 3497 et
1108 3434 1265 3518 sapientia
1286 3454 1343 3497 sua
1364 3435 1406 3497 Μ.
1428 3435 1569 3519 Lepidus
1591 3434 1637 3500 ad

306 3549 416 3613 pacem
443 3527 710 3613 concordiamque
737 3529 908 3604 convertit,
939 3537 1066 3594 senatus
1097 3530 1274 3592 consultum
1301 3527 1351 3591 bis
1380 3529 1483 3593 verbis
1514 3550 1636 3595 censeo

259 3621 579 3708 superscribendum:
603 3622 680 3687 Cum
702 3643 722 3687 a
742 3624 783 3687 Μ.
806 3622 927 3706 Lepido
950 3623 1154 3707 imperatore,
1181 3622 1331 3709 pontifice
1355 3623 1511 3700 maximo,
1534 3643 1636 3711 saepe

305 3737 437 3781 numero
459 3737 510 3780 res
538 3717 662 3801 publica
684 3725 716 3780 et
732 3718 814 3780 bene
837 3727 869 3781 et
890 3717 1025 3781 feliciter
1045 3727 1133 3800 gesta
1154 3720 1210 3792 sit,
1245 3717 1447 3800 populusque
1470 3720 1635 3783 Romanus

305 3812 495 3877 intellexerit
515 3813 544 3874 ei
566 3811 761 3874 dominatum
783 3813 904 3894 regium
926 3813 1061 3876 maxime
1080 3811 1263 3894 displicere,
1286 3830 1422 3894 cumque
1438 3813 1507 3875 eius
1523 3832 1635 3895 opera,

304 3908 438 3981 virtute,
460 3904 595 3969 consilio
618 3904 832 3989 singularique
855 3906 1021 3969 clementia
1043 3912 1075 3968 et
1094 3903 1336 3968 mansuetudine
1358 3905 1474 3968 bellurn
1491 3907 1636 3971 acerbis·

304 4000 418 4064 simum
440 3999 532 4063 civile
554 3999 595 4062 sit
615 3999 814 4074 restinctum,
837 3994 888 4063 ll.
910 4000 1089 4084 Sextusque
1108 4001 1291 4081 Pompeius,
1315 3998 1413 4062 Gnaei
1437 3997 1540 4073 lilius,
1563 4002 1635 4063 bla-

266 4110 399 4177 tognus,
421 4092 515 4156 huius
538 4093 658 4156 ordinis
680 4093 864 4157 auctoritate
886 4095 924 4156 ab
947 4094 1042 4157 armis
1065 4092 1245 4155 discesserit
1267 4099 1298 4154 et
1319 4111 1338 4154 a
1360 4094 1403 4155 Μ.
1427 4092 1550 4176 Lepido
1572 4096 1634 4157 im·

303 4194 466 4270 peratore,
488 4182 637 4269 pontifice
659 4188 813 4261 maximo,
835 4207 956 4251 summa
977 4196 1105 4251 senatus
1126 4187 1304 4271 populique
1320 4187 1453 4250 Romani
1468 4188 1633 4252 voluntate

305 4282 422 4346 civitati
444 4281 606 4344 restitutus
627 4280 688 4343 sit:
712 4286 856 4344 senatum
876 4281 1092 4365 populumque
1114 4281 1289 4343 Romanum
1309 4300 1368 4364 pro
1391 4280 1536 4343 maximis
1559 4280 1634 4366 plu·

303 4375 459 4460 rimisque
481 4375 514 4437 in
536 4393 603 4437 rem
624 4374 783 4459 publicam
805 4377 846 4439 Μ.
868 4374 980 4458 Lepidi
1000 4373 1120 4437 meritis
1143 4393 1288 4457 magnam
1310 4393 1398 4457 spem
1420 4373 1454 4436 in
1475 4375 1544 4437 eius
1567 4375 1632 4438 vir·

305 4473 390 4542 tuto,
419 4467 624 4545 auctoritate,
651 4468 805 4535 felicitate
826 4488 981 4553 reponere
1003 4467 1076 4543 otii,
1106 4468 1208 4553 pacis,
1236 4468 1436 4544 concordiae,
1463 4467 1631 4544 libertatis,

370 4776 459 4829 tell.
474 4777 716 4840 popuosrorsaoor
733 4777 754 4825 V
772 4803 798 4814 -
817 4777 842 4827 i.
860 4776 990 4841 inponente
1006 4777 1029 4825 V
1046 4802 1073 4812 -
1093 4777 1117 4828 3.
1137 4776 1262 4826 mcteatito
1277 4776 1310 4825 Vt
1329 4802 1355 4811 -
1375 4775 1399 4826 l.
1418 4775 1461 4838 qui
1476 4774 1522 4824 illo
1537 4776 1629 4825 binre-

303 4856 355 4904 tus.
376 4879 403 4888 —
422 4853 495 4916 quos]
513 4867 537 4916 q.
556 4852 618 4901 V-
637 4852 661 4903 l.
679 4857 820 4904 :moestos
837 4852 858 4901 V
876 4877 903 4887 -
927 4851 953 4902 8.
972 4852 998 4901 (tt
1014 4851 1049 4900 V:
1068 4851 1103 4900 dii
1119 4850 1157 4900 i0
1182 4875 1209 4887 -
1229 4850 1355 4913 apopuu
1371 4849 1563 4901 romoniV1-
1579 4853 1630 4902 oct-

302 4927 421 4979 cidereV
440 4951 467 4964 -
487 4928 527 4977 tt).
546 4941 603 4978 cum
618 4928 643 4977 i:
667 4929 735 4991 quim
751 4924 800 4987 V¹·,
822 4929 888 4989 quod
903 4927 935 4977 V²
954 4955 981 4966 -
1002 4927 1082 4976 mutos
1098 4926 1120 4975 V
1139 4951 1166 4962 -
1185 4927 1225 4976 tt.
1243 4928 1367 4988 sapientia
1384 4927 1460 4977 ctiam
1477 4927 1531 4977 Vi:
1551 4930 1630 4978 ettam

304 5018 357 5055 om.
377 5003 468 5055 Lamb.
491 5004 621 5069 probante
643 5005 767 5066 Graevio,
790 5005 833 5055 coi
855 5004 929 5054 uiam
946 5015 979 5052 ex
996 5000 1092 5051 ultimis
1109 5000 1201 5051 litteris
1218 5014 1243 5050 v.
1261 5003 1384 5063 sapientie
1400 5005 1488 5051 ortum
1506 5001 1627 5062 videtur:

302 5081 425 5143 sapientie
441 5083 494 5130 etur
509 5080 667 5143 Naugerius:
686 5080 791 5141 soponit
807 5079 935 5128 clementio
952 5078 1011 5126 Ant.
1024 5077 1197 5138 Augustinus3
1218 5088 1265 5125 nos
1283 5074 1424 5126 lectionem
1441 5074 1569 5126 librorum
1587 5080 1629 5128 in-

303 5157 401 5206 tactam
424 5153 590 5217 reliquimus,
614 5154 740 5216 quoniam
762 5154 862 5203 incerta
885 5153 926 5203 est
943 5150 1110 5210 emendatio:
1134 5164 1197 5202 nam
1213 5153 1299 5215 possis
1317 5154 1397 5201 etiarn
1415 5154 1560 5215 corrigere:
1583 5167 1630 5202 so·

298 5230 396 5293 pientio
411 5235 434 5278 et
450 5229 578 5278 clementio
596 5227 636 5289 (cl.
655 5241 682 5277 v.
696 5228 725 5278 tt
738 5227 815 5288 etas)
833 5225 875 5277 vel
891 5240 911 5276 s.
931 5231 954 5276 et
969 5226 1124 5276 bomonitote
1141 5225 1182 5287 (cl.
1201 5238 1227 5274 v.
1246 5225 1288 5287 23)
1305 5224 1346 5275 vel
1363 5240 1383 5276 s.
1401 5233 1425 5277 et
1441 5229 1630 5278 mansetudine

304 5303 346 5367 (cl.
364 5317 390 5353 v.
408 5303 461 5362 28.)
480 5330 508 5339 -
531 5304 610 5367 actipt
626 5303 648 5352 V
667 5327 694 5337 -
718 5303 758 5352 li.
776 5303 893 5354 oddecm
913 5303 949 5362 V:
975 5302 1067 5351 Mdoci
1087 5300 1194 5358 bamb:
1217 5299 1250 5350 cl.
1276 5301 1361 5351 nauv.
1380 5301 1414 5352 ad
1437 5303 1491 5353 Cic.
1510 5302 1543 5352 de
1561 5303 1626 5353 tino.

302 5394 329 5445 p.
350 5379 405 5430 ⁴78.
426 5403 453 5413 -
472 5380 570 5428 comari
586 5379 607 5427 si
622 5378 707 5441 [olom
723 5376 785 5426 V-
804 5378 843 5428 ta.
862 5377 960 5440 Pompei
977 5377 1011 5425 V:
1030 5376 1138 5438 Pompeii
1154 5376 1192 5425 io
1212 5402 1239 5411 -
1259 5375 1298 5427 tt.
1317 5377 1446 5427 incolumis
1462 5376 1493 5426 V¹
1506 5405 1534 5418 .-
1551 5378 1629 5440 [rou-

302 5457 340 5504 dis
356 5455 377 5503 V
396 5480 423 5490 -
443 5454 483 5504 lb.
502 5454 569 5504 debet
585 5456 593 5505 i
612 5479 640 5491 -
660 5455 700 5504 ⁴7.
718 5466 866 5504 murnum
878 5451 921 5516 ll,
940 5466 1009 5517 quae
1027 5448 1179 5515 superlativi
1196 5450 1325 5515 scripturo
1344 5453 1449 5516 saepius
1466 5454 1491 5502 in
1508 5453 1529 5501 V
1545 5466 1628 5504 manu

303 5528 558 5580 secundarestituta
570 5531 624 5590 est,
643 5528 670 5579 id
688 5527 760 5592 quod
778 5530 804 5579 in
821 5528 927 5593 singulis
939 5528 1003 5580 locis
1015 5541 1068 5577 non
1081 5525 1239 5576 notabimus.
1255 5552 1282 5562 -
1297 5527 1336 5577 ts.
1348 5527 1462 5590 factumi
1477 5554 1504 5563 -
1525 5528 1563 5576 49.
1577 5529 1627 5577 im-

300 5605 371 5667 perto
387 5604 440 5654 Vi:
461 5604 559 5667 imperti
576 5605 595 5654 0
616 5631 643 5641 -
661 5603 784 5653 costrimto
800 5603 822 5652 V
840 5631 867 5641 -
886 5605 926 5653 at.
945 5605 1049 5666 aopioto
1066 5602 1194 5651 Faernus:
1213 5601 1313 5663 repieta
1326 5600 1371 5657 V¹;
1389 5606 1412 5651 et
1424 5602 1518 5663 pietate
1533 5599 1581 5649 V²i
1597 5627 1624 5637 -

302 5680 343 5731 23.
361 5681 523 5731 bmnoouotir
538 5676 569 5727 V¹
587 5702 615 5714 -
638 5677 679 5729 at.
697 5690 748 5728 seo.
767 5678 843 5740 coam]
866 5678 893 5728 S.
911 5692 934 5728 c.
953 5679 978 5737 i:
1001 5692 1026 5728 se
1045 5679 1063 5727 V
1084 5703 1111 5714 -
1136 5677 1178 5727 Μ.
1197 5690 1272 5739 quum
1288 5677 1315 5726 b.
1334 5675 1350 5726 Ι.
1369 5676 1417 5726 V¹i
1437 5704 1463 5713 -
1488 5677 1627 5738 imperator

300 5755 414 5818 pontisas:
431 5756 462 5804 V¹
479 5781 507 5792 -
531 5754 572 5805 26.
589 5766 655 5815 resp.
674 5752 697 5811 i;
720 5765 744 5802 r.
761 5752 785 5801 V
802 5778 830 5788 -
854 5753 894 5804 28.
913 5754 1095 5818 eupompus
1111 5752 1133 5801 V
1150 5777 1178 5788 -
1204 5751 1238 5801 ad
1259 5752 1388 5802 etonmtto
1409 5752 1436 5801 in
1451 5752 1474 5800 V
1490 5754 1516 5802 in
1541 5764 1623 5815 marg.

305 5833 370 5881 mi
387 5831 537 5883 adiectum:
554 5831 655 5882 coemto
671 5829 796 5895 :temtari
807 5853 835 5865 -
853 5828 893 5880 29.
911 5829 951 5894 sit]
969 5830 989 5879 u
1005 5829 1065 5877 V·
1084 5840 1176 5890 seoque
1189 5828 1316 5891 pompeios
1331 5840 1371 5876 co.
1383 5825 1402 5879 ν’.
1417 5826 1454 5876 Vi
1474 5853 1501 5862 -
1520 5826 1561 5877 30.
1574 5839 1625 5876 oo-

304 5908 444 5960 etorttotem
454 5909 475 5960 V
490 5936 517 5947 -
529 5907 556 5960 at
564 5944 570 5959 .
579 5906 733 5973 populusque
742 5918 863 5958 romono:
872 5904 895 5954 V
904 5930 931 5941 —
945 5904 986 5956 32.
996 5904 1132 5968 populique
1141 5904 1241 5956 romoni
1251 5900 1283 5954 V¹
1293 5928 1320 5939 -
1333 5901 1374 5955 at.
1386 5914 1505 5967 reponere
1515 5902 1537 5953 t:
1555 5914 1583 5954 re
1591 5901 1622 5952 V.
