3800 7350
699 1245 949 1312 cmx-xa.
978 1239 1193 1327 §saa-ao.
1524 1235 1606 1304 rore

285 1437 382 1504 quem
403 1417 456 1482 bic
478 1415 557 1480 ordo
576 1417 767 1480 assentiente
791 1416 882 1480 ltalia
900 1416 1084 1497 cunctisque
1107 1413 1251 1497 gentibus
1274 1418 1528 1477 conservatorem
1549 1431 1607 1498 pt·

282 1511 364 1577 triae
385 1510 548 1586 iudicarat,
570 1510 658 1574 nullo
680 1510 809 1584 indicio,
832 1510 921 1573 nulla
942 1510 1022 1591 lege,
1044 1507 1134 1571 nullo
1156 1527 1243 1571 more
1259 1507 1386 1571 servitio
1401 1514 1496 1593 atque
1511 1509 1606 1572 armis

281 1606 469 1692 pelleretur,
497 1625 561 1668 non
583 1606 684 1667 dicam
706 1604 827 1667 auxilio
849 1611 971 1677 vestro,
1001 1600 1087 1686 qnod
1109 1620 1181 1665 vere
1203 1600 1278 1664 licet
1298 1599 1421 1675 dicere,
1443 1602 1499 1665 sed
1522 1609 1605 1667 certe

282 1699 428 1764 silentio:
450 1707 516 1763 tum
531 1699 649 1762 Romae
663 1696 763 1760 luisse
778 1697 924 1761 consules
940 1697 1108 1781 quisquam
1123 1694 1337 1759 existimabit?
1359 1691 1409 1757 24.
1432 1695 1495 1771 Qui
1510 1697 1607 1760 latro-

282 1813 341 1858 nes
362 1794 467 1877 igitur,
489 1794 517 1856 si
539 1793 668 1877 quidem
684 1813 740 1855 vos
759 1792 928 1855 consules?
952 1792 1007 1874 qui
1022 1789 1208 1873 praedones,
1223 1789 1279 1873 qui
1296 1788 1414 1863 hostes,
1429 1790 1485 1873 qui
1499 1791 1630 1874 prodi-o

281 1894 382 1961 tores,
403 1887 458 1971 qui
473 1885 597 1970 tyranni
613 1884 878 1948 nominabuntur?
901 1885 956 1946 Xl.
972 1886 1120 1967 Magnum
1134 1903 1249 1946 nomen
1269 1890 1327 1957 est,
1342 1902 1456 1966 magna
1473 1886 1606 1968 species,

281 1999 396 2064 magna
413 1979 559 2063 dignitas,
582 1999 695 2061 magna
714 1978 860 2042 maiestas
876 1977 1033 2043 consulis:
1054 1996 1119 2040 non
1138 1977 1266 2061 capiunt
1286 1978 1450 2059 angustiae
1471 1979 1606 2061 pectoris

282 2072 345 2149 tni,
372 2092 439 2136 non
464 2073 576 2157 recipit
603 2074 713 2136 levitas
734 2074 811 2147 ista,
841 2091 906 2134 non
929 2078 1050 2155 egestas
1072 2069 1185 2145 animi;
1214 2089 1280 2133 non
1302 2069 1466 2133 infirmitas
1487 2071 1606 2153 ingenii

282 2166 435 2241 sustinet,
462 2187 527 2231 non
548 2167 719 2231 insolentia
740 2185 845 2230 rernm
869 2164 1079 2230 secundarum
1101 2170 1221 2227 tantam
1242 2181 1424 2246 personam,
1453 2170 1514 2226 tam
1537 2183 1607 2246 gra·

282 2259 363 2336 rem,
378 2269 442 2325 tam
456 2281 609 2325 severam.
632 2262 774 2344 Seplasia
795 2281 845 2324 me
867 2259 1006 2331 bercnle,
1029 2264 1064 2321 ut
1087 2255 1148 2319 dici
1163 2256 1339 2331 audiebam,
1360 2263 1392 2319 te
1414 2262 1450 2318 ut
1471 2257 1645 2340 primnmro

283 2355 444 2439 adspexit,
477 2356 670 2440 Campanum
700 2355 861 2419 consulem
890 2352 1077 2436 repudiavit.
1127 2351 1277 2415 Audierat
1298 2351 1411 2415 Decios
1432 2351 1554 2435 Magios
1576 2358 1609 2415 et

283 2448 324 2513 de
345 2449 469 2512 'l'anrea
495 2448 551 2512 illo
576 2450 711 2514 Vibellio
739 2446 861 2534 aliquid
889 2453 1070 2529 acceperat:
1103 2446 1136 2509 in
1159 2446 1274 2529 quibus
1297 2446 1325 2510 si
1347 2444 1522 2511 moderatio
1542 2446 1607 2518 illa,

285 2561 366 2626 quae
392 2543 426 2606 iu
455 2543 572 2606 nostris
600 2544 681 2606 solet
708 2564 777 2606 esse
808 2543 1008 2617 consulibus,
1041 2562 1105 2605 nou
1131 2541 1208 2617 luit,
1241 2552 1274 2606 at
1302 2542 1363 2607 fuit
1383 2560 1517 2626 pompa,
1548 2538 1609 2602 fnit

285 2637 425 2720 species,
458 2636 520 2700 fuit
545 2638 690 2701 incessus
712 2638 822 2702 saltem
845 2637 987 2721 Seplasia
1009 2637 1124 2719 dignus
1146 2643 1179 2701 et
1200 2636 1317 2722 Capua.
1360 2634 1412 2700 25.
1440 2635 1608 2698 Gabinium

286 2727 424 2814 denique
453 2732 481 2794 si
509 2731 665 2796 vidissent
686 2733 884 2796 duumvirum
907 2731 1004 2795 vestri
1026 2731 1073 2794 illi
1096 2731 1314 2814 unguentarii,
1347 2731 1441 2795 citius
1462 2727 1646 2813 agnovis-rn

285 2830 365 2889 sent
407 2826 506 2889 Erant
536 2827 583 2889 illi
612 2828 730 2924 compti
760 2826 863 2911 capilli
893 2835 925 2889 et
957 2826 1120 2889 madentes
1152 2824 1372 2889 cincinnorum
1400 2824 1545 2889 fimbriae
1578 2827 1610 2883 et

284 2915 419 2982 fluentes
439 2919 686 3003 †pulsataeque
706 2920 837 2994 buccae,
860 2920 974 3004 dignae
999 2919 1120 3004 Capua,
1144 2918 1202 2983 sed
1222 2919 1278 2984 illa
1298 2926 1414 2984 vetere.
1436 2919 1516 2982 Num
1530 2916 1609 2979 baec

285 3011 430 3096 quidem,
465 3032 548 3096 quae
581 3032 667 3076 nuuc
699 3021 766 3087 est,
798 3012 1125 3097 splendidissimorum
1154 3013 1335 3088 bominum,
1366 3010 1610 3076 fortissimorum

284 3107 441 3182 virorum,
471 3107 660 3189 optimorum
682 3107 797 3169 civium
818 3107 961 3192 mihique
983 3108 1246 3172 amicissimorum
1268 3104 1474 3170 multitudine
1495 3101 1612 3168 redun-

287 3199 356 3279 dat3
389 3220 525 3286 quorum
550 3200 675 3283 Capuae
696 3211 728 3264 te
749 3210 980 3285 praetextatum
1002 3222 1095 3266 nemo
1117 3202 1279 3287 adspexit,
1309 3201 1365 3286 qui
1386 3217 1450 3264 nou
1473 3198 1648 3283 gemeretao

286 3293 444 3359 desiderio
467 3294 545 3368 mei,
574 3293 666 3357 cuius
689 3294 824 3357 oonsilio
847 3316 919 3359 cnm
941 3296 1121 3360 nniversam
1142 3316 1209 3361 rem
1231 3294 1406 3381 publicam,
1435 3301 1502 3357 tum
1525 3291 1613 3355 illam

285 3388 386 3472 ipsam
416 3388 527 3453 orbem
557 3389 765 3452 meminerant
787 3409 857 3452 esse
879 3397 1043 3453 serratam.
1087 3392 1138 3453 lle
1159 3391 1304 3454 inaurata
1325 3396 1428 3454 statua
1449 3390 1613 3463 donarant,

286 3501 337 3545 ure
358 3490 526 3567 patronum
545 3503 642 3546 unum
662 3482 873 3558 adsciverant,
896 3502 914 3546 a
934 3504 985 3546 me
1005 3503 1039 3547 se
1055 3483 1171 3549 babere
1190 3485 1297 3560 vitam,
1319 3483 1481 3559 fortunas,
1496 3482 1613 3547 liberos

287 3576 533 3653 arbitrabantur3
566 3596 616 3640 me
647 3583 677 3640 et
703 3584 901 3659 praesentem
929 3585 1038 3641 contra
1059 3577 1255 3641 latrocinium
1276 3586 1367 3642 tunm
1389 3577 1456 3641 suis
1478 3577 1614 3641 decretis

287 3670 464 3757 legatisque
486 3671 709 3746 defenderant,
742 3678 775 3735 et
802 3671 966 3737 absentem
986 3671 1131 3755 principe
1154 3672 1210 3735 Cn.
1232 3671 1381 3757 Pompeio
1404 3670 1560 3736 referente
1583 3677 1651 3734 etto

289 3763 328 3828 de
359 3784 491 3851 corpore
519 3768 565 3831 rei
595 3766 739 3850 publicae
776 3773 902 3830 tuorum
934 3767 1088 3830 scelerum
1119 3764 1182 3828 tela
1211 3766 1386 3830 revellente
1416 3772 1613 3830 revocarant

287 3855 340 3922 26.
360 3860 410 3922 Au
431 3867 496 3924 tum
520 3880 588 3925 eras
611 3860 740 3935 consul,
763 3881 833 3923 curn
855 3861 889 3923 in
910 3859 1033 3922 Palatio
1055 3878 1127 3921 mea
1149 3859 1260 3923 domus
1282 3858 1428 3934 ardebat,
1450 3878 1516 3923 uon
1539 3879 1614 3923 casn

288 3950 414 4038 aliquo,
446 3952 502 4017 sed
530 3954 655 4037 ignibus
677 3954 799 4018 iniectis
820 3954 989 4036 instigante
1020 3955 1078 4015 tet
1111 3950 1243 4036 Eeqnod
1271 3953 1305 4016 in
1331 3953 1391 4017 hac
1412 3954 1492 4017 urbe·
1512 3952 1613 4016 mains

288 4069 440 4135 umquam
468 4050 649 4114 incendium
675 4049 752 4125 fuit,
784 4050 835 4114 coi
863 4068 927 4112 non
955 4045 1066 4110 consul
1096 4044 1302 4109 subvenerit?
1347 4049 1390 4111 At
1411 4045 1522 4112 tn‘illo
1543 4048 1612 4132 ipso

287 4151 431 4229 ternpore
459 4142 543 4227 apud
573 4162 698 4209 socrum
728 4154 815 4207 tuam
842 4161 939 4227 prope
969 4159 989 4201 a
1016 4139 1095 4203 meis
1124 4139 1273 4215 aedibus,
1308 4141 1400 4205 cuins
1422 4142 1551 4205 domum
1574 4139 1651 4204 adso

289 4256 391 4301 meam
421 4235 669 4301 exhauriendam
697 4234 908 4320 patefeceras,
941 4232 1073 4298 sedebas
1104 4252 1167 4297 non
1194 4234 1384 4310 exstinctor,
1418 4235 1474 4300 sed
1503 4243 1615 4300 auctor

287 4330 443 4407 incendii,
472 4338 504 4396 et
532 4328 678 4394 ardentes
700 4330 785 4393 iaces
808 4330 899 4394 furiis
926 4325 1088 4392 Clodianis
1110 4346 1211 4412 paene
1232 4328 1301 4411 ipse
1323 4329 1434 4393 consul
1456 4330 1615 4394 ministra·

289 4422 355 4490 bar.
396 4424 469 4490 ΧΠ.
489 4427 539 4489 An
560 4444 635 4489 vero
656 4422 780 4509 reliquo
801 4431 943 4509 tempore
965 4422 1129 4488 consulem
1151 4430 1182 4487 te
1200 4422 1370 4506 qnisquam
1388 4424 1505 4488 duriti
1527 4423 1615 4509 qais·

298 4588 462 4598 —————·
780 4589 783 4593 ·
942 4588 984 4593 --
1085 4586 1113 4592 ¹·
1161 4584 1613 4593 ·————--——-—-

354 4668 379 4720 3.
396 4673 465 4720 certo
485 4669 502 4718 S
519 4693 547 4703 -
569 4667 593 4718 9.
611 4681 697 4718 rerum
716 4665 837 4718 4440444444(
857 4666 922 4717 E-
950 4667 991 4716 40.
1009 4665 1322 4729 scptmio--rcpootostt
1343 4663 1425 4715 babet
1440 4666 1461 4716 Δ
1479 4667 1507 4717 et
1522 4668 1615 4720 Festus

290 4757 318 4809 p.
334 4741 383 4795 340
399 4739 498 4802 lluell„
521 4740 570 4792 sed
593 4741 678 4793 codes
700 4743 768 4793 Festi
789 4743 887 4807 partim
910 4743 937 4791 in
954 4739 1003 4791 lac.
1023 4765 1052 4778 -
1075 4740 1229 4791 nemean
1248 4764 1275 4778 -
1301 4739 1393 4790 cern
1413 4762 1440 4776 -
1459 4740 1500 4791 44.
1517 4744 1617 4806 aspecit

290 4818 382 4870 Festus
404 4819 431 4868 et
450 4817 513 4868 mei.
532 4842 559 4852 -
583 4817 683 4880 Demos,
708 4817 806 4882 4444ρί444
829 4817 862 4879 0,
885 4815 935 4868 sed
955 4817 1049 4866 vitium
1072 4814 1243 4866 distinctionis
1260 4827 1329 4866 corr.
1348 4815 1375 4865 in
1396 4815 1531 4868 Onomast.
1549 4816 1614 4868 lull.

290 4893 448 5021 babilon.
464 4891 939 5028 iisifflrb'ixbifbwain‘?
945 4888 1474 5028 puppiboppprpduppupppoppg
1490 4890 1617 5016 ciiiiii'

290 5042 335 5104 424
351 5040 612 5095 sumbernensis
630 5040 724 5092 Valerii
741 5042 847 5093 Maximi
863 5043 910 5104 111,
927 5042 957 5104 2,
975 5042 1033 5091 Eut.
1052 5042 1076 5091 4.
1095 5040 1134 5092 Cl.
1152 5040 1420 5106 impr.lnscr.1leap.
1435 5039 1614 5093 edllomms.

290 5130 316 5169 u.
333 5116 412 5180 3l28,
430 5114 476 5168 ubl
493 5120 535 5167 est
550 5130 648 5169 nomen
665 5118 691 5168 in
709 5116 782 5169 titulo
800 5117 936 5182 Campano
955 5118 982 5167 et
998 5130 1024 5167 n.
1043 5116 1100 5167 aot.
1127 5116 1211 5167 Ellam
1228 5127 1309 5180 supra
1326 5126 1353 5178 p.
1372 5113 1435 5176 036,
1453 5112 1485 5165 tt
1505 5113 1616 5164 thctltos

290 5189 463 5244 scrtbenddm
479 5192 544 5242 erat.
564 5216 592 5230 -
612 5191 652 5243 43.
671 5197 699 5243 ct
714 5192 762 5257 0444
778 5205 831 5242 om.
844 5192 865 5243 Ε
880 5189 962 5243 solus.
981 5218 1009 5228 -
1029 5191 1069 5241 46.
1086 5191 1166 5256 fibros
1181 5192 1353 5242 acassam
1367 5189 1495 5240 modestos
1508 5190 1614 5240 Servios

290 5268 352 5321 cert
368 5267 403 5320 ad
418 5269 498 5333 Verg.
517 5271 611 5333 Georg.
630 5270 652 5330 l,
672 5270 728 5320 420.
744 5297 771 5306 -
790 5270 830 5319 tl.
845 5269 1009 5331 monacos
1025 5267 1115 5331 codd..
1134 5266 1287 5327 attinetur,
1306 5277 1402 5317 omnes
1419 5266 1447 5315 et
1463 5263 1524 5315 edd.
1537 5267 1613 5316 vett:

288 5349 476 5406 maeque
492 5342 535 5394 ed.
552 5344 654 5394 luntina
671 5347 699 5394 ct
715 5345 749 5403 0;
774 5343 833 5394 tort.
847 5342 1102 5406 purpurissataeque,
1121 5343 1208 5392 otest
1224 5343 1250 5392 in
1267 5339 1350 5393 Plauti
1367 5340 1445 5390 bruc.
1463 5341 1500 5401 ll,
1518 5340 1547 5400 2,
1566 5339 1612 5390 35:

289 5418 582 5484 commonentes
600 5445 628 5456 -
647 5419 686 5470 48.
704 5419 830 5469 hominm
847 5412 937 5469 omssE
954 5415 1036 5468 sobls.
1056 5445 1084 5455 -
1103 5419 1144 5469 24.
1162 5417 1211 5467 met
1227 5415 1347 5467 (4444444444
1363 5414 1423 5465 1²-
1440 5413 1482 5464 22.
1500 5415 1616 5465 memine-

290 5494 341 5547 slrrt
355 5494 433 5547 FGP
451 5520 479 5531 ·-
498 5496 624 5545 (4044040444
640 5494 718 5544 EGS
735 5496 762 5544 et
777 5495 936 5555 Arusianus,
955 5493 1000 5556 qut
1018 5492 1094 5544 suen
1108 5505 1136 5558 p.
1153 5491 1203 5543 222
1218 5491 1456 5551 crr--oosamt,
1475 5490 1502 5539 ct
1517 5488 1614 5539 deinde

290 5582 316 5637 p·
332 5568 395 5623 233:
420 5569 741 5621 oure--orbitrobontor
758 5594 786 5605 -
808 5568 850 5619 23.
868 5570 1060 5620 scombros.
1079 5593 1107 5603 -
1128 5565 1171 5618 24.
1189 5565 1249 5632 aro]
1264 5567 1287 5616 tt
1301 5565 1376 5616 ron
1393 5589 1422 5602 -
1440 5565 1482 5614 25.
1501 5565 1615 5629 (444444444-

289 5650 348 5697 m
363 5645 390 5697 ll
402 5670 430 5683 -·
445 5644 571 5709 panope
586 5646 683 5708 Garat,
697 5645 813 5708 principe
827 5644 919 5695 0404040
935 5640 1027 5704 Orelli,
1043 5645 1157 5707 uterque
1168 5638 1247 5693 male.
1261 5666 1290 5678 -
1308 5640 1351 5691 26.
1367 5644 1519 5691 revocarant
1535 5641 1615 5690 Lam·

290 5719 382 5773 bluus:
398 5727 549 5773 revocem
565 5722 615 5773 CO
633 5748 661 5758 -
679 5722 722 5772 27.
739 5727 792 5772 teon
809 5722 846 5772 C:
865 5725 892 5770 to
908 5719 970 5770 0-
987 5718 1030 5770 23.
1048 5718 1139 5780 stoood
1155 5718 1175 5768 C
1192 5718 1220 5767 et
1236 5715 1316 5767 codd.
1332 5714 1452 5783 Asconii,
1470 5715 1516 5778 qui
1532 5712 1615 5764 babet

290 5792 392 5858 detecti
401 5822 416 5834 -
426 5822 442 5834 ·
451 5796 551 5849 sedebas
563 5824 591 5835 -
608 5796 649 5847 20.
661 5797 802 5848 incruditos
816 5808 929 5859 usquam
940 5792 999 5845 cod.
1012 5791 1105 5844 Ambr.
1117 5793 1234 5844 Monuit.
1246 5819 1274 5830 -
1285 5792 1340 5856 ipro
1351 5802 1405 5842 om.
1416 5791 1437 5840 G
1450 5815 1478 5826 -
1491 5789 1532 5840 30.
1544 5794 1615 5840 trum

292 5866 780 5941 l-propeam.oedtbsrom.at—
799 5871 976 5923 (44444444444444
994 5868 1312 5922 odmdomtnsc-
1330 5864 1613 5920 32444344440304>8

295 5972 322 5986 -
338 5944 380 6001 33.
397 5946 473 6002 osec
487 5937 531 6001 dd.
543 5948 610 6003 Veu.
622 5947 700 6002 44324
719 5947 785 6000 dicte
800 5947 830 6000 C.
