3800 7350
646 1196 720 1261 css.
741 1196 961 1261 avar-cx.
988 1192 1035 1279 ss
1057 1190 1247 1260 aaa-tae.
1543 1190 1605 1258 aaa

281 1367 440 1453 invisique
466 1364 646 1430 fuerimus?
682 1365 764 1428 LIX.
785 1365 942 1449 Equidem
972 1365 1118 1430 existimo
1150 1364 1273 1428 nullum
1302 1372 1428 1447 tempus
1454 1383 1525 1428 esse
1545 1362 1608 1426 fre-

282 1462 459 1547 quentioris
479 1460 610 1544 populi,
633 1480 727 1544 qoam
742 1458 822 1523 illud
837 1459 1075 1541 gladiatorium,
1097 1478 1203 1542 neque
1217 1458 1376 1521 contionis
1389 1457 1487 1521 ullius
1502 1477 1607 1539 neque

283 1575 358 1621 varo
378 1555 518 1619 ullorum
540 1553 752 1618 comitiorum.
785 1553 872 1615 llaec
890 1553 986 1635 igitur
1000 1552 1238 1615 innumerabilis
1251 1551 1415 1616 bominum
1429 1550 1608 1624 multitudo,

282 1650 360 1714 baec
389 1648 500 1733 populi
522 1648 657 1711 Romani
679 1654 765 1710 tanta
788 1642 978 1729 significatio
1000 1646 1069 1709 sine
1091 1645 1158 1709 nlla
1179 1645 1329 1709 varietate
1350 1644 1506 1720 universi,
1535 1664 1608 1708 cum

282 1743 343 1808 illia
370 1743 450 1827 ipsis
477 1741 590 1805 diebus
618 1742 658 1804 de
681 1761 731 1805 me
753 1747 856 1803 actum
877 1739 917 1800 iri
937 1747 1119 1822 putaretur,
1150 1738 1229 1822 quid
1251 1737 1422 1802 declaravit
1441 1740 1504 1804 nisi
1526 1739 1632 1823 opti-s

282 1855 403 1902 moroan
433 1836 548 1899 civium
580 1834 712 1898 salutem
741 1841 774 1897 et
801 1832 986 1914 dignitatem
1015 1832 1134 1915 populo
1157 1833 1298 1895 Romano
1319 1852 1424 1896 caram
1445 1854 1516 1898 esse
1537 1835 1609 1898 uni-

282 1930 396 1994 maso?
433 1924 505 1990 ⁴26.
525 1929 568 1990 At
596 1947 672 1990 vero
695 1927 749 1990 ille
771 1935 916 2010 praetor,
946 1926 1002 2008 qui
1024 1925 1064 1990 de
1086 1945 1136 1988 me
1158 1945 1223 1988 non
1246 1925 1360 2007 patris,
1390 1927 1458 2003 avi,
1488 1928 1609 2011 proavi,

282 2023 437 2086 maiorum
459 2020 599 2103 denique
621 2041 749 2084 suorum
764 2019 922 2094 omnium,
945 2020 1002 2082 sed
1017 2019 1246 2084 Graeculorum
1267 2019 1409 2083 institaato
1426 2022 1609 2086 contionem

282 2117 476 2199 interrogare
496 2113 636 2188 solebat,
663 2114 801 2178 velletne
830 2133 880 2176 me
906 2115 1027 2189 redire,
1056 2109 1181 2178 etcum
1203 2122 1271 2178 erat
1291 2113 1494 2178 reclamatum
1516 2116 1609 2180 aemi·

281 2211 361 2275 viris
389 2208 679 2276 mercennariorum
708 2207 855 2281 vocibus,
884 2207 1040 2290 populum
1069 2209 1245 2272 Romanum
1272 2227 1390 2290 negare
1412 2206 1550 2271 dicebat:
1571 2209 1647 2282 is,so

282 2324 353 2368 enm
382 2301 526 2386 qnotidie
556 2301 747 2383 gladiatores
769 2308 943 2385 spectaret,
970 2320 1142 2384 numquam
1165 2308 1213 2364 est
1233 2308 1437 2385 conspectus,
1463 2323 1535 2365 cum
1556 2322 1609 2365 ve-

281 2400 372 2462 niret
411 2394 600 2477 Emergebat
629 2394 752 2469 subito,
779 2415 852 2457 cum
880 2394 939 2458 sub
967 2394 1090 2458 mbulas
1119 2395 1334 2478 subrepserat,
1365 2403 1401 2458 ut
1430 2406 1549 2460 «mater
1577 2403 1608 2459 te

281 2491 426 2576 appello»
458 2489 598 2553 dicturus
619 2486 790 2552 videretur.
834 2488 944 2572 ltaque
966 2488 1020 2552 illa
1043 2489 1095 2551 via
1117 2488 1323 2564 latebrosior,
1350 2508 1414 2572 qua
1434 2496 1608 2573 spectatum

281 2585 335 2650 ille
356 2582 520 2657 veniebat,
541 2574 645 2664 'Appia
665 2581 725 2645 iam
749 2582 929 2645 vocabatur.
964 2581 1025 2657 Qui
1047 2590 1153 2645 tamen
1170 2601 1302 2666 quoquo
1320 2590 1462 2664 tempore
1476 2602 1610 2666 conspe·

282 2686 349 2742 ctus
371 2684 454 2752 erat,
482 2696 546 2739 non
568 2674 663 2737 modo
685 2674 893 2757 gladiatores,
926 2674 983 2739 sed
1013 2675 1088 2758 equi
1119 2676 1181 2757 ipsi
1203 2675 1414 2757 gladiatorum
1435 2676 1609 2761 repentinis
1619 2691 1647 2735 ss

282 2772 381 2836 sibilis
402 2770 662 2835 extimescebam.
706 2764 777 2830 ⁴27.
801 2769 963 2833 Videtisne
988 2769 1100 2851 igitur,
1130 2776 1283 2853 qnantum
1304 2770 1429 2833 intersit
1449 2769 1534 2832 inter
1552 2788 1610 2852 po·

280 2865 391 2949 pulum
418 2864 594 2928 Romanum
623 2870 655 2925 et
684 2863 889 2925 contionem?
920 2862 1067 2926 dominos
1089 2863 1274 2926 contionum
1296 2863 1382 2925 omni
1403 2863 1477 2926 odio
1498 2860 1609 2949 populi

280 2958 407 3022 notari?
430 2956 546 3041 quibus
568 2964 674 3019 autem
696 2955 869 3019 consistere
891 2957 926 3019 in
947 2974 1115 3040 operarum
1130 2955 1330 3021 contionibus
1343 2975 1410 3019 non
1427 2955 1532 3031 liceat,
1554 2976 1609 3019 eos

282 3053 368 3116 omni
388 3050 501 3135 populi
521 3049 655 3112 liomani
682 3043 910 3131 significatione
934 3049 1102 3113 decorari?

364 3145 412 3207 Tu
441 3142 519 3206 mibi
548 3143 643 3205 etiam
673 3144 715 3206 Μ.
737 3142 868 3205 Atilium
889 3143 1043 3226 Regulum
1066 3163 1308 3218 commemoras,
1336 3145 1393 3228 qui
1414 3144 1517 3209 redire
1539 3144 1647 3229 ipseso

280 3236 506 3321 Karthaginem
528 3255 585 3300 sua
608 3236 769 3299 voluntate
790 3237 831 3299 ad
852 3237 1061 3321 supplicium,
1083 3256 1178 3321 qnam
1200 3237 1268 3300 sine
1286 3237 1326 3301 iis
1341 3239 1484 3322 captivis,
1504 3240 1610 3322 aqui·

279 3332 340 3395 bus
367 3331 409 3394 ad
437 3334 582 3393 senatum
612 3330 728 3393 missus
755 3337 837 3403 erat,
867 3332 985 3393 Romae
1013 3350 1140 3395 manere
1168 3331 1331 3405 maluerit,
1360 3331 1491 3395 etmihi
1513 3352 1610 3416 negas

280 3425 454 3508 optandum
483 3422 619 3487 reditum
648 3422 747 3486 tuisse
777 3443 834 3507 per
854 3423 991 3486 familias
1013 3432 1209 3507 comparatas
1231 3431 1264 3488 et
1284 3424 1430 3488 homines
1450 3429 1609 3489 armatos?

281 3519 348 3583 tx.
370 3518 442 3583 Vim
464 3516 587 3582 scilicet
608 3536 667 3600 ego
689 3516 884 3591 desideravi,
908 3518 981 3601 qui,
1003 3517 1078 3581 dum
1100 3517 1149 3580 vis
1170 3515 1248 3592 tuit,
1270 3515 1352 3580 nibil
1368 3518 1434 3600 egi,
1455 3526 1488 3581 et
1503 3537 1610 3601 quem,

281 3613 308 3678 si
330 3612 378 3675 vis
400 3631 465 3675 non
486 3610 725 3686 fuisset,.nulla
746 3631 797 3674 res
820 3610 1010 3674 labefactare
1031 3610 1197 3695 potuisset.
1241 3606 1427 3675 l28.11unc
1448 3632 1508 3697 ego
1526 3612 1647 3678 redi-as

280 3716 347 3771 tum
370 3705 588 3791 repudiarem,
610 3706 665 3788 qui
687 3705 730 3769 ita
751 3706 869 3768 tlorens
891 3703 967 3780 tuit,
995 3712 1031 3767 ut
1052 3724 1180 3780 verear,
1202 3725 1243 3768 ne
1266 3705 1321 3787 qni
1343 3723 1394 3768 me
1416 3707 1523 3771 studio
1542 3707 1610 3791 glo·

281 3803 346 3866 riae
366 3806 459 3885 putet
479 3798 598 3862 idcirco
622 3800 743 3875 exisse,
771 3807 807 3862 ut
828 3800 871 3862 ita
892 3799 1049 3862 redirem?
1080 3799 1184 3875 Quem
1205 3798 1290 3862 enim
1310 3817 1462 3882 umquam
1483 3809 1610 3865 senatus

282 3895 384 3959 civem
396 3893 467 3956 nisi
488 3913 539 3956 me
561 3892 744 3956 nationibus
766 3893 884 3955 exteris
907 3891 1161 3956 commendavit?
1191 3893 1283 3956 cuius
1310 3912 1460 3975 umqamm
1480 3902 1611 3978 propter

282 3988 415 4052 salutem
445 3985 507 4049 nisi
536 4004 637 4048 meam
669 3994 797 4049 senatus
826 3986 953 4068 publice
983 3987 1077 4050 sociis
1099 3985 1208 4068 populi
1230 3985 1364 4049 Romani
1384 3988 1500 4068 gratias
1521 3988 1610 4070 egit?

283 4083 329 4145 lle
350 4100 402 4144 me
423 4097 489 4143 uno
504 4086 609 4162 patres
624 4080 795 4162 conscripti
810 4079 1037 4154 decreverunt,
1058 4087 1110 4155 ut,
1132 4081 1187 4163 qui
1201 4079 1378 4163 provincias
1391 4100 1463 4142 cum
1476 4080 1647 4165 imperioso

282 4176 477 4248 obtinerent,
506 4171 561 4255 qui
591 4180 776 4255 quaestores
806 4172 968 4255 legatique
990 4180 1112 4247 essent,
1142 4172 1276 4236 salutem
1298 4179 1331 4235 et
1351 4172 1448 4237 vitam
1470 4174 1610 4238 custodi·

282 4277 361 4335 rent.
401 4269 438 4330 ln
467 4284 532 4329 una
559 4285 630 4330 mea
659 4286 753 4330 causa
785 4275 858 4348 post
878 4267 1009 4330 Romam
1031 4265 1189 4329 conditam
1210 4265 1326 4330 iactum
1347 4274 1412 4341 est,
1440 4275 1477 4331 ut
1496 4268 1610 4332 litteris

283 4361 501 4428 consularibus
520 4358 567 4423 'ex
596 4368 724 4423 senatus
747 4360 891 4424 consulto
918 4366 1032 4422 cuncta
1054 4380 1094 4423 ex
1116 4360 1207 4423 ltalia
1228 4380 1355 4435 omnes,
1386 4360 1441 4443 qui
1463 4382 1530 4425 rem
1552 4383 1610 4447 pu·

282 4457 397 4521 blicam
419 4454 538 4518 salvam
560 4452 696 4528 vellent,
729 4461 987 4518 convocarentur.
1025 4453 1118 4530 Quod
1141 4475 1313 4539 numquam
1335 4461 1464 4519 senatus
1484 4457 1518 4519 in
1539 4456 1611 4520 uni-

281 4569 391 4614 versae
413 4548 459 4613 rei
481 4545 629 4631 publicae
651 4547 795 4629 periculo
812 4547 967 4624 decrevit,
989 4548 1021 4611 id
1037 4548 1070 4611 in
1085 4551 1179 4612 unius
1195 4568 1265 4612 mea
1279 4547 1381 4613 salute
1394 4550 1647 4615 conservandam

283 4641 516 4707 decernendum
536 4640 670 4724 putavit
700 4642 803 4717 Quem
826 4643 914 4706 curia
936 4641 1036 4724 magis
1057 4642 1245 4726 requisivit?
1268 4662 1363 4727 quem
1384 4642 1488 4708 forum
1505 4644 1609 4707 luxit?

282 4756 378 4820 quem
398 4755 500 4820 aeque
523 4733 592 4817 ipsa
612 4735 780 4800 tribunalia
795 4734 1077 4801 desideraverunt?
1099 4735 1214 4801 Omnia
1228 4736 1371 4801 discessu
1385 4757 1462 4803 meo.
1473 4736 1609 4814 deserta,

286 4918 452 4926 ..—---—-
466 4918 491 4924 .-
511 4917 608 4924 .-·-
619 4918 624 4922 -
639 4919 652 4923 -.
695 4919 698 4924 .
716 4920 729 4924 ,.
742 4919 777 4925 ....
811 4917 1087 4927 -......---.--.---

346 5053 371 5106 l.
388 5053 499 5105 merei
515 5054 686 5106 omit-b.
704 5057 939 5118 mamaeamr-
958 5055 1154 5117 tatemerem
1169 5053 1608 5118 qulGamtonitilliot.lt.qail³;

280 5128 670 5195 {balimleomlletiqoll
689 5130 1089 5194 emoneoawptqaw
1109 5158 1136 5168 -
1156 5129 1611 5182 temnendos-anidma-

281 5205 477 5256 maimo
496 5228 523 5241 -
543 5205 583 5254 44.
602 5205 784 5256 eetldicse-
804 5206 845 5256 ti.
863 5205 1013 5268 tobellosl,
1032 5207 1077 5269 qui
1094 5205 1176 5258 babet
1191 5203 1608 5270 maoch-daemomo-

282 5279 983 5333 lbdloaenaaidstunssoidetorA-lotsbroaiorl:
1002 5277 1478 5342 maootntmormeq-
1497 5278 1612 5342 taem

282 5356 456 5417 qnot’oorr.
473 5368 511 5407 m.
529 5356 545 5407 2
564 5369 675 5418 exque:
695 5367 727 5418 qq
744 5354 901 5407 conlinit
918 5383 946 5392 -
967 5359 1007 5407 td.
1025 5361 1060 5407 m
1077 5358 1138 5407 P-
1157 5355 1198 5406 46.
1215 5352 1610 5418 mmmweseubsrgtm

282 5430 468 5495 (ptdsqqqz
486 5431 653 5481 mntem.
671 5429 763 5490 codd.;
783 5428 1236 5495 postconte'oaembabentedd.-
1255 5430 1296 5481 44.
1313 5430 1610 5481 mumadam

284 5529 312 5540 -·
331 5504 373 5556 48.
390 5504 483 5567 mass]
499 5505 545 5557 loc
562 5507 583 5556 G
599 5519 650 5570 per
665 5504 864 5570 compendium.
884 5535 912 5544 -
931 5508 973 5558 20.
990 5505 1103 5557 tudima
1118 5505 1140 5555 0
1157 5529 1184 5540 -
1203 5505 1245 5554 tt.
1263 5504 1435 5570 mabar
1450 5504 1479 5566 P,
1496 5507 1611 5569 cartegi-

280 5578 1021 5644 mo-mmP-mqotoucodqilnrsint-
1044 5578 1611 5632 tantuma-matremque

281 5657 363 5707 444444»
377 5668 423 5720 ego
440 5658 468 5717 Ρ,
486 5655 535 5708 scd
551 5656 632 5721 signis
649 5655 856 5719 transpositionis
873 5657 885 5706 4
903 5670 940 5707 m.
953 5655 1072 5708 adiectis.
1087 5682 1115 5692 -
1134 5656 1175 5707 tt.
1192 5667 1225 5706 ae
1240 5655 1284 5717 qa?
1299 5653 1479 5705 Klotaius1ae
1494 5654 1555 5716 qaid
1570 5656 1609 5716 ΡΙ,

281 5728 1608 5795 merovaeo-saepememo-aeeaan¹-seameo:eoassmbo‚prob.

283 5804 381 5857 laoobo
395 5819 423 5870 p.
435 5807 494 5858 m
517 5808 550 5857 A?
565 5821 592 5857 v.
610 5806 699 5857 adnot.
717 5807 837 5858 nostram
853 5808 881 5858 in
897 5806 941 5858 ed.
960 5807 1030 5872 lips.
1048 5819 1073 5858 a.
1087 5805 1160 5858 tate.
1174 5828 1203 5842 -
1221 5805 1432 5870 ei.tseturu1³
1451 5828 1479 5842 -
1497 5801 1539 5856 tl.
1556 5805 1611 5855 aol-

281 5880 549 5933 memmasce
569 5882 853 5933 -eonuecmnsea
