3800 7350
661 1241 735 1306 Can.
756 1241 972 1307 XIII-XIV.
999 1240 1046 1326 §3
1067 1238 1216 1307 32-38.
1518 1235 1601 1303 tuot

366 1409 452 1473 XIII.
474 1406 525 1472 35.
547 1410 653 1475 Altera
679 1431 730 1475 res
759 1420 807 1476 est
835 1412 874 1475 de
905 1409 1095 1490 bonoribus:
1125 1410 1165 1475 de
1195 1411 1309 1497 quibus
1334 1409 1483 1494 deinceps
1511 1408 1604 1473 intel-

284 1504 348 1588 ligo
370 1522 440 1567 esse
462 1503 641 1567 dicendum.
679 1504 741 1568 Sed
763 1505 817 1588 qui
845 1503 923 1569 ordo
950 1505 984 1569 in
1013 1505 1177 1569 sententiis
1199 1504 1348 1588 rogandis
1370 1505 1486 1568 servari
1507 1502 1606 1578 solet,

284 1598 419 1661 eundem
448 1598 562 1661 tenebo
590 1598 622 1661 in
651 1598 727 1663 viris
759 1598 892 1664 fortibus
919 1598 1123 1662 honorandis.
1165 1599 1310 1663 ABruto
1332 1599 1447 1682 igitur,
1476 1595 1605 1662 consule

286 1691 465 1774 designato,
487 1712 574 1755 more
597 1692 750 1756 maiorum
770 1693 930 1777 capiamus
953 1691 1135 1756 exordium:
1165 1693 1253 1755 euius
1274 1699 1310 1755 nt
1331 1690 1495 1776 superiora
1516 1690 1607 1753 omit-

188 1820 195 1831 ·
284 1792 364 1859 tam,
387 1805 468 1870 quae
491 1793 564 1849 sunt
592 1784 730 1848 maxima
750 1785 806 1849 illa
828 1786 974 1870 quidem,
1005 1784 1062 1849 sed
1087 1785 1191 1849 adbuc
1216 1785 1379 1850 bominum
1403 1783 1502 1867 magis
1523 1780 1632 1847 iudi-o

285 1879 341 1942 ciis
372 1898 468 1962 quam
496 1878 622 1961 publice
650 1878 791 1953 laudata,
822 1880 1012 1964 quibusnam
1034 1879 1137 1943 verbis
1160 1879 1228 1942 eius
1258 1876 1370 1943 laudes
1390 1877 1485 1941 buius
1504 1875 1606 1958 ipsius

284 1972 435 2058 temporis
475 1973 625 2056 consequi
660 1976 852 2056 possumus?
896 1975 1010 2057 Neque
1045 1974 1129 2052 enlm
1166 1973 1264 2037 ullam
1301 1971 1478 2036 mercedem
1518 1977 1607 2033 muta

283 2068 382 2133 virtus
409 2075 533 2151 praeter
560 2064 642 2129 banc
668 2066 772 2129 laudis
800 2067 981 2151 gloriaeque
1005 2067 1181 2131 desiderat:
1216 2086 1279 2151 qua
1308 2066 1402 2131 etiam
1431 2067 1458 2130 si
1484 2071 1605 2139 careat,

283 2171 387 2226 umen
414 2161 455 2225 sit
476 2181 510 2224 se
537 2160 606 2242 ipsa
634 2167 795 2223 contenta:
828 2180 1019 2244 quamquam
1050 2161 1083 2224 in
1116 2163 1267 2226 memoria
1298 2169 1456 2245 gratorum
1490 2158 1606 2223 civium

283 2263 442 2340 umquam
469 2256 501 2318 in
529 2253 600 2317 luce
628 2253 731 2337 posita
759 2253 901 2318 laetetur.
938 2256 1021 2319 Laus
1043 2255 1137 2339 igitur
1159 2254 1269 2319 iudicii
1291 2254 1527 2338 testimoniique
1548 2266 1644 2315 noio

283 2350 339 2413 stri
373 2347 539 2412 tribuenda
569 2349 667 2410 Bruto
695 2354 752 2410 est
795 2345 846 2410 36.
876 2347 977 2422 Quam
1007 2349 1047 2413 ob
1076 2370 1142 2414 rem
1169 2349 1220 2412 bis
1248 2348 1366 2423 verbis,
1399 2355 1503 2430 patres
1530 2365 1606 2409 con·

283 2443 407 2527 scripti,
436 2449 563 2505 senatus
592 2441 771 2505 consultum
792 2441 969 2506 iaciendum
992 2462 1124 2507 censeo:
1162 2442 1240 2506 Cum
1269 2444 1306 2506 n.
1328 2443 1443 2505 Brutus
1472 2441 1606 2525 impera·

283 2545 349 2611 tor,
371 2534 483 2598 consul
505 2534 698 2618 designatus,
721 2534 914 2617 provinciam
930 2535 1063 2600 Galliam
1085 2537 1118 2599 in
1135 2543 1261 2600 senatus
1283 2534 1458 2620 populique
1471 2530 1604 2596 Romani

282 2637 437 2715 potestate
466 2636 590 2703 teneat,
619 2648 754 2713 eumque
783 2630 956 2693 exercitum
979 2638 1100 2694 tantnm
1121 2638 1184 2694 tam
1206 2630 1295 2695 brevi
1317 2638 1459 2714 tempore
1480 2644 1604 2691 summo

283 2723 389 2787 studio
422 2721 666 2806 municipiorum
695 2721 952 2807 coloniarumque
984 2723 1165 2806 provinciae
1187 2723 1324 2799 Galliae,
1354 2723 1473 2806 optime
1503 2721 1542 2784 de
1570 2732 1643 2784 rest

282 2817 409 2903 publiea
441 2815 571 2880 meritae
603 2818 835 2900 merentIsque,
867 2817 1087 2901 conscripserit
1115 2817 1319 2901 compararit,
1351 2816 1385 2879 id
1419 2836 1490 2880 cum
1519 2819 1604 2877 reete

283 2919 315 2976 et
342 2908 452 2975 ordine
484 2929 588 2994 exque
619 2929 654 2974 re
685 2910 812 2995 publica
838 2910 971 2985 iecisse,
1003 2909 1100 2995 idque
1127 2912 1164 2974 li.
1186 2911 1275 2974 Bruti
1302 2908 1605 2994 praestantissimum

283 3006 427 3068 meritum
460 3008 492 3068 in
532 3025 599 3068 rem
637 3004 796 3087 publicam
834 3005 958 3069 senatui
990 3005 1172 3090 populoque
1207 3006 1349 3069 Bomano
1381 3009 1503 3086 gratum
1535 3020 1605 3065 esse

283 3107 315 3162 et
343 3097 428 3161 iore:
462 3098 568 3181 itaque
597 3106 739 3161 senatum
772 3099 991 3182 populumque
1023 3099 1197 3163 Romanum
1223 3098 1422 3172 existimare,
1454 3097 1492 3159 I).
1517 3094 1604 3158 Bruti

283 3192 500 3274 imperatoris,
532 3190 671 3254 consulis
702 3191 871 3274 designati,
899 3211 1014 3274 opera,
1043 3192 1194 3267 consiIIo,
1221 3191 1337 3257 virtute
1363 3190 1643 3274 incredibiliqueso

282 3285 387 3350 studio
417 3292 450 3348 et
478 3304 633 3349 consensu
659 3285 839 3369 provinciae
865 3284 989 3349 Gallim
1015 3287 1061 3350 rei
1090 3284 1235 3367 publicae
1256 3283 1442 3350 ditficillimo
1463 3294 1605 3368 tempore

282 3400 352 3443 esse
374 3377 574 3442 subventum.
618 3375 669 3441 37.
690 3378 773 3442 Huic
794 3386 881 3441 tanto
903 3379 1016 3442 merito
1039 3380 1144 3453 Bruti,
1166 3386 1271 3462 patres
1294 3379 1480 3462 conscripti,
1503 3385 1606 3442 unio-

284 3492 346 3556 que
367 3473 401 3535 in
422 3492 490 3534 rem
512 3471 669 3553 publicam
691 3467 846 3534 beneficio
869 3472 940 3556 quis
964 3479 1013 3536 est
1033 3481 1138 3536 tantus
1159 3473 1263 3537 bonos
1278 3474 1332 3556 qui
1351 3492 1416 3536 non
1431 3469 1606 3537 debeatur?

281 3567 359 3630 Nam
383 3568 410 3630 si
434 3568 475 3629 ld.
498 3565 636 3628 Antonio
658 3564 813 3648 patuisset
834 3565 954 3641 Gallia,
986 3567 1012 3630 si
1036 3567 1198 3649 oppressis
1218 3567 1399 3650 municipiis
1421 3572 1452 3630 et
1472 3564 1606 3629 coloniis

282 3660 443 3744 imparatis
466 3659 499 3722 in
521 3657 607 3723 illam
629 3658 771 3723 ultimam
789 3659 922 3724 Galliam
942 3668 1108 3744 penetrare
1129 3660 1301 3744 potuisset,
1324 3666 1460 3744 quantus
1479 3658 1525 3723 rei
1547 3666 1653 3743 pu-st'

281 3752 383 3817 blieae
412 3762 515 3817 terror
536 3752 758 3835 impenderet?
790 3753 969 3828 Dubitaret,
996 3755 1107 3829 oredo,
1136 3755 1231 3818 bomo
1253 3753 1488 3818 amentissimus
1510 3759 1606 3837 atque

282 3849 315 3910 in
346 3847 492 3911 omnibns
522 3846 663 3910 consiliis
693 3866 844 3931 praeceps
873 3854 905 3910 et
933 3848 1043 3911 devius
1070 3868 1133 3912 non
1159 3849 1260 3912 solum
1283 3867 1353 3913 eum
1376 3848 1515 3913 exercitu
1536 3865 1605 3922 suo,

283 3940 339 4004 sed
362 3941 457 4003 etiam
479 3960 551 4003 cum
573 3940 658 4003 omni
681 3941 874 4003 immanitate
897 3939 1058 4004 herbariae
1079 3941 1198 4005 bellum
1220 3941 1337 4006 inferre
1359 3940 1466 4016 nobis,
1488 3947 1523 4004 ut
1537 3939 1605 4002 eins

281 4033 419 4096 furorem
450 4053 490 4096 ne
518 4033 644 4116 Alpium
673 4031 804 4116 quidem
834 4054 923 4097 muro
946 4034 1092 4098 cohibere
1119 4054 1292 4118 possemus.
1328 4035 1414 4098 Ilaec
1435 4035 1529 4117 igitur
1549 4031 1606 4095 ba·

282 4126 386 4190 benda
417 4127 516 4208 gratia
543 4135 591 4190 est
620 4128 657 4188 D.
679 4129 793 4202 Bruto,
824 4128 878 4211 qui
908 4127 1015 4203 illum,
1045 4128 1187 4192 nondum
1208 4128 1397 4212 interposita
1417 4125 1642 4190 auctoritatem

281 4227 400 4294 vestra,
428 4240 485 4283 suo
507 4220 640 4284 consilio
662 4228 757 4302 atque
778 4220 898 4284 iudicio
919 4240 985 4283 non
1008 4230 1044 4285 ut
1065 4222 1228 4287 consulem
1249 4221 1384 4306 recepit,
1412 4219 1469 4284 sed
1490 4227 1526 4282 nt
1545 4219 1604 4282 bo-

282 4321 361 4376 stem
383 4312 482 4376 arcuit
503 4312 606 4376 Gallia
627 4333 725 4397 seque
748 4314 884 4378 obsideri
908 4333 1003 4398 qnam
1024 4314 1106 4378 bane
1121 4314 1230 4380 urbem
1245 4315 1365 4380 maluit.
1392 4314 1515 4378 Habeat
1528 4332 1603 4394 ergo

261 4406 376 4487 ¹buius
396 4406 476 4469 tanti
497 4407 570 4470 facti
593 4414 719 4491 temque
740 4408 894 4491 praeclari
917 4409 1043 4472 decreto
1068 4416 1178 4473 nostro
1200 4409 1416 4474 testimonium
1438 4407 1604 4490 sempiter-

281 4519 377 4562 num:
408 4500 590 4584 Galliaque,
620 4520 703 4586 quae
730 4522 854 4586 semper
882 4502 1043 4586 praesidet
1068 4509 1166 4587 'atque
1193 4502 1352 4587 praesedit
1371 4501 1446 4566 huic
1470 4500 1603 4584 imperio

281 4594 483 4678 libertatique
505 4597 682 4673 communi,
710 4598 821 4661 merito
844 4616 982 4682 vereque
1003 4596 1165 4672 laudetur,
1194 4598 1282 4682 quod
1303 4616 1338 4662 se
1359 4615 1497 4680 suasque
1519 4594 1640 4660 uireses

282 4708 346 4751 non
369 4688 514 4763 tradidit,
536 4688 592 4752 sed
615 4692 764 4774 opposuit
784 4691 932 4754 Antonio.

365 4781 449 4844 XIV.
471 4778 523 4844 38.
544 4785 650 4866 Atque
672 4785 767 4848 etlam
788 4786 830 4847 ld.
851 4786 972 4870 Lepido
993 4805 1052 4871 pro
1074 4787 1141 4851 eins
1156 4786 1290 4871 egregiis
1310 4786 1344 4848 in
1358 4804 1424 4849 rem
1445 4783 1602 4867 publicam

282 4875 402 4941 meritis
435 4875 650 4940 decernendos
682 4876 821 4942 bonores
850 4898 944 4964 mam
974 4880 1188 4965 amplissimos
1221 4899 1345 4944 censeo.
1389 4879 1522 4963 Semper
1547 4876 1602 4941 ille

346 5174 372 5224 3.
389 5174 475 5225 censat
488 5175 512 5224 V
524 5200 552 5211 -
570 5175 596 5224 9.
614 5188 768 5239 quemquern
783 5176 836 5227 Vi:
855 5183 931 5242 etque
948 5178 1043 5230 ocum
1061 5177 1160 5242 aliquot
1177 5177 1239 5229 edd.
1252 5179 1316 5229 vett.
1328 5202 1354 5214 ·-
1373 5177 1408 5228 ios
1425 5179 1460 5240 (is
1475 5179 1491 5240 ii
1508 5190 1603 5228 memo-

280 5250 348 5300 riesu
364 5249 402 5300 Vl
421 5276 447 5287 -
469 5250 507 5299 io.
526 5250 704 5301 loetsotchl
721 5255 846 5304 -uestri
863 5254 870 5304 i
889 5280 917 5291 -
937 5251 1162 5305 ltceosmrv-
1181 5252 1604 5317 iestispopotssqnsremonas

280 5325 343 5374 V-
362 5323 540 5387 liquoremque
556 5323 863 5390 b.l.primumV,inira
880 5331 986 5393 saepius
1002 5331 1029 5380 in
1045 5331 1096 5381 boc
1113 5327 1229 5380 libro·
1249 5329 1288 5380 48.
1304 5330 1439 5393 populique
1454 5330 1555 5380 moroni
1571 5328 1603 5378 V¹

283 5426 310 5436 -
323 5400 364 5450 20.
382 5401 519 5462 imperator
534 5401 797 5466 conclusim-
815 5405 856 5455 II.
870 5404 1087 5467 difficillamoV-
1105 5405 1148 5455 tt.
1165 5404 1239 5454 Bruti
1252 5418 1279 5467 p.
1291 5417 1314 5455 c.
1332 5405 1358 5453 i:
1373 5417 1401 5468 p.
1414 5419 1436 5456 e.
1455 5405 1521 5456 bruti
1536 5406 1559 5455 V
1573 5432 1599 5441 -

280 5474 321 5524 23.
339 5487 392 5524 rem
405 5475 507 5536 publico
522 5476 545 5524 V
561 5503 589 5512 -
607 5476 744 5527 debeoon
758 5478 780 5527 V
800 5505 827 5515 -
845 5476 886 5528 ut.
905 5480 1024 5529 emunim
1040 5478 1102 5527 V·
1120 5479 1208 5543 gladiis
1223 5478 1244 5528 si
1260 5480 1371 5542 appresto
1385 5481 1517 5543 municipis
1532 5480 1555 5530 V
1571 5504 1599 5516 -

280 5550 372 5599 selonts
388 5550 425 5599 Vl
445 5575 472 5586 —
496 5550 536 5600 25.
555 5550 680 5612 inparatis
694 5552 718 5601 V
731 5578 758 5590 -
776 5553 816 5602 Id.
834 5552 957 5604 ionicam
972 5554 1124 5604 misso
1140 5567 1206 5617 oque
1222 5554 1313 5617 (adque
1329 5554 1408 5618 corr.)
1424 5557 1446 5604 V
1468 5581 1492 5590 -
1515 5556 1556 5606 27.
1575 5556 1603 5604 iss

282 5625 397 5675 om.l-
416 5625 658 5681 IllolwiumV-
676 5626 777 5677 bocci:
795 5627 912 5676 bucV-
932 5627 1057 5679 ao.o.1:
1076 5629 1175 5691 q.V-
1194 5629 1402 5680 :trucem-
1421 5629 1599 5680 dieresin:

184 5754 188 5765 Ι
281 5699 368 5762 uagam
383 5697 406 5747 V
423 5724 449 5735 -
468 5699 574 5763 gauium
590 5701 646 5759 Vi3
665 5714 733 5751 corr.
746 5702 889 5754 FerrarIus.
905 5731 932 5741 -
951 5703 992 5755 33.
1010 5705 1075 5754 teeti
1090 5704 1153 5767 (ecit
1168 5702 1273 5768 tempori
1287 5705 1310 5755 V
1323 5732 1350 5743 -
1367 5710 1451 5755 semro
1468 5705 1503 5754 Vt
1520 5711 1602 5756 uestro

282 5773 319 5823 io
338 5798 366 5810 -
392 5771 433 5823 ei.
450 5775 603 5837 paulumque
618 5775 657 5826 Vi
682 5802 708 5813 -
735 5775 775 5827 35.
794 5777 896 5840 iureque
911 5777 1010 5843 ailquot
1026 5778 1106 5831 codd.
1124 5780 1252 5840 Ferrerll;
1279 5781 1307 5831 at
1322 5794 1347 5830 v.
1366 5794 1409 5844 ep.
1427 5780 1461 5831 ad
1478 5782 1549 5832 Fam.
1567 5782 1600 5840 X,

282 5848 324 5900 26.
341 5848 372 5897 t:
396 5848 510 5899 leudibus
525 5850 613 5912 quibus
633 5854 657 5901 te
672 5863 755 5902 comm
771 5852 799 5902 io
815 5854 912 5903 coslum
927 5854 983 5905 iuro
998 5866 1103 5917 uosque
1123 5854 1215 5920 [mat.
1241 5856 1304 5908 Iler.
1323 5866 1366 5922 cp.
1384 5856 1409 5920 I,
1432 5855 1477 5918 ti,
1495 5855 1541 5908 23:
1564 5856 1601 5907 eil

283 5922 409 5987 Grosphus
423 5924 473 5975 uisi
486 5936 573 5977 om
588 5924 671 5976 mabit
685 5930 709 5978 et
723 5938 831 5989 esum
847 5931 899 5980 cet.
