3800 7350
317 1204 379 1273 988
736 1209 887 1275 ORATIO
908 1212 950 1276 IN
972 1214 1006 1276 P.
1027 1212 1225 1278 vasmmn

317 1386 350 1442 et
371 1381 447 1445 mihi
467 1380 700 1456 inimicissimo,
722 1401 857 1465 quaero,
879 1382 1000 1457 Vatini,
1025 1389 1129 1445 utrum
1151 1382 1279 1446 tandem
1299 1392 1390 1466 putes
1411 1384 1484 1449 huic
1506 1386 1633 1461 civitati,

316 1472 390 1537 hnic
411 1474 457 1538 rei
479 1473 639 1557 publicae,
659 1474 734 1538 huic
755 1475 839 1549 urbi,
861 1475 913 1538 bis
927 1475 1069 1559 templis,
1091 1478 1228 1550 aerario,
1251 1478 1365 1551 curiae,
1387 1478 1462 1542 viris
1476 1478 1537 1554 his,
1553 1500 1633 1564 quos

316 1566 423 1642 vides,
450 1566 561 1631 horum
589 1569 683 1632 bonis
709 1568 843 1634 fortunis
872 1567 997 1645 liberis,
1032 1570 1152 1633 civibus
1182 1572 1309 1644 ceteris,
1339 1570 1477 1655 denique
1505 1572 1634 1637 deorum

317 1662 538 1725 immortalium
560 1663 717 1739 delubris,
740 1664 907 1745 auspiciis,
928 1663 1133 1746 religionibus
1156 1664 1269 1728 melius
1290 1664 1389 1729 fuisse
1410 1674 1442 1729 et
1463 1667 1634 1749 praestabi·

294 1756 395 1831 iiius,
416 1777 466 1820 me
488 1756 590 1820 civem
610 1758 642 1819 in
664 1758 724 1821 hac
745 1757 870 1821 civitate
892 1757 980 1820 nasci
1002 1777 1042 1820 an
1064 1760 1118 1821 tei
1154 1758 1230 1821 Cum
1252 1758 1330 1820 mibi
1351 1759 1412 1822 hoc
1433 1758 1634 1842 responderis

316 1856 372 1913 aut
391 1849 436 1913 ita
456 1850 673 1933 impudenter,
701 1859 737 1914 ut
765 1871 874 1914 manus
895 1872 914 1913 a
935 1859 967 1914 te
988 1850 1132 1914 homines
1156 1853 1209 1915 vix
1230 1852 1390 1916 abstinere
1410 1855 1550 1936 possint,
1580 1863 1635 1919 aut

316 1943 361 2006 ita
388 1944 546 2027 dolenter,
576 1952 611 2008 ut
638 1944 810 2028 aliquando
840 1946 901 2009 ista
922 1963 1004 2028 quae
1029 1952 1102 2007 sunt
1123 1946 1230 2009 inflata
1252 1954 1452 2030 rumpantur,
1481 1956 1548 2012 tum
1568 1969 1634 2012 me-

316 2038 445 2100 moriter
464 2037 657 2121 respondeto
678 2038 718 2100 ad
741 2057 793 2115 ea,
815 2058 897 2122 quae
918 2046 949 2102 te
964 2039 1003 2100 de
1018 2046 1049 2101 te
1071 2039 1140 2122 ipso
1155 2058 1276 2122 rogaro.
1313 2040 1351 2101 V.
1367 2034 1416 2101 ll.
1431 2043 1535 2126 Atque
1556 2043 1633 2107 illud

315 2132 638 2196 tenebricosissimum
659 2139 785 2214 tempus
805 2133 941 2197 ineuntis
962 2133 1075 2195 aetatis
1091 2128 1188 2216 [tuae]
1211 2134 1312 2218 patiar
1333 2134 1439 2198 latere.
1467 2135 1557 2199 Licet
1576 2136 1635 2199 im·

279 2245 400 2308 iopune
432 2246 491 2309 per
519 2245 569 2288 me
597 2225 733 2309 parietes
762 2225 795 2287 in
825 2225 1038 2290 adolescentia
1066 2225 1259 2309 perfoderis,
1291 2226 1414 2291 vicinos
1445 2229 1634 2313 compilatis,

315 2325 447 2383 matrem
467 2319 658 2384 verberaris:
686 2319 802 2383 habeat
822 2320 882 2384 hoe
901 2321 1032 2404 praemii
1057 2328 1111 2384 tua
1132 2320 1320 2404 indignitas,
1348 2329 1383 2383 ut
1404 2320 1634 2386 adolescentiae

315 2412 477 2498 turpitudo
499 2413 689 2478 obscuritate
711 2420 743 2477 et
764 2414 910 2478 sordibus
931 2414 992 2477 tuis
1014 2413 1188 2496 obtegatur.

400 2506 609 2582 Quaesturam
638 2508 744 2592 petisti
773 2528 844 2571 cum
874 2510 908 2570 P.
932 2509 1053 2584 Sestio,
1081 2529 1151 2572 cum
1180 2507 1232 2571 hic
1259 2507 1339 2572 nihil
1368 2508 1552 2593 loqueretur
1571 2510 1633 2575 nisi

316 2600 402 2685 quod
424 2601 553 2684 agebat,
574 2608 608 2664 tu
630 2601 670 2665 de
691 2600 791 2666 altero
813 2603 978 2667 consulatu
1001 2601 1138 2685 gerendo
1154 2610 1184 2665 te
1199 2602 1320 2665 diceres
1336 2604 1485 2685 cogitare.
1508 2604 1634 2680 Quaero

279 2696 371 2761 lcabs
393 2702 439 2770 te,
462 2701 611 2759 teneasne
633 2696 800 2772 memoria,
822 2717 892 2760 cum
914 2698 949 2758 P.
973 2696 1093 2759 Sestius
1116 2703 1264 2779 quaestor
1285 2697 1326 2760 sit
1346 2698 1464 2762 eunctis
1479 2699 1635 2781 suffragiis

315 2787 432 2864 faetus,
460 2798 534 2853 tunc
561 2799 592 2854 te
621 2790 675 2853 vis
703 2790 808 2853 invitis
832 2790 979 2853 omnibus
1000 2809 1063 2853 non
1085 2789 1195 2871 populi
1216 2790 1388 2865 beneficio,
1416 2789 1472 2853 sed
1495 2790 1635 2855 consulis

316 2889 490 2947 extremum
518 2883 722 2947 adhaesisset
766 2879 816 2946 is.
838 2884 875 2946 In
897 2905 935 2948 eo
957 2885 1159 2967 magistratu,
1190 2903 1261 2946 cum
1283 2883 1341 2945 tibi
1363 2903 1476 2967 magno
1499 2885 1635 2949 clamore

315 2977 445 3061 aquaria
465 2977 627 3060 provincia
648 2985 732 3040 sorte
754 2977 937 3060 obtigisset,
966 2980 1119 3041 missusne
1148 2977 1191 3040 sis
1213 2997 1232 3041 a
1253 2997 1303 3040 me
1325 2978 1454 3041 consule
1476 2978 1635 3054 Puteolos,

314 3078 351 3134 ut
370 3070 446 3134 inde
467 3091 577 3135 aarum
599 3073 758 3155 exportari
780 3079 1008 3155 argentumque
1031 3071 1237 3153 prohiberes?
1258 3072 1291 3134 in
1314 3090 1352 3133 eo
1374 3072 1502 3154 negotio
1517 3091 1589 3136 cum
1604 3079 1634 3135 te

191 3200 194 3205 ·
278 3184 379 3230 eonon
400 3164 562 3229 custodem
583 3164 622 3229 ad
645 3166 866 3242 continendas,
888 3166 943 3229 sed
966 3165 1149 3249 portitorem
1172 3163 1212 3228 ad
1232 3165 1414 3248 partiendas
1429 3186 1548 3229 merces
1562 3165 1636 3229 mis·

275 3279 386 3334 „sum
408 3266 533 3341 putares
555 3279 691 3343 cumque
713 3261 853 3324 omnium
877 3261 1004 3335 domos,
1027 3259 1207 3342 apothecas,
1230 3279 1326 3322 naves
1341 3258 1537 3322 furacissime
1551 3279 1637 3322 scru-

317 3360 417 3416 tarere
446 3353 656 3437 hominesque
686 3354 805 3437 negotii
827 3363 972 3437 gerentes
993 3354 1117 3417 iudiciis
1140 3353 1348 3438 iniquissimis
1370 3353 1526 3428 irretires,
1555 3372 1636 3415 mer-

317 3454 439 3510 catores
470 3466 488 3509 e
520 3448 592 3511 navi
621 3446 818 3531 egredientes
851 3457 993 3520 terreres,
1031 3447 1250 3510 cmucmdcates
1277 3466 1450 3521 morerere,
1486 3453 1636 3510 teneasne

317 3538 467 3603 memoria
487 3540 544 3604 tibi
565 3541 598 3605 in
620 3547 778 3605 conventu
799 3542 938 3606 Puteolis
960 3561 1071 3606 manus
1093 3561 1162 3605 esse
1185 3540 1319 3604 allatas?
1340 3539 1381 3603 ad
1403 3559 1453 3603 me
1474 3540 1634 3604 consulem

280 3634 474 3721 sequerellas
495 3635 736 3701 Puteolanorum
757 3655 826 3700 esse
849 3637 990 3701 delatasl
1020 3636 1094 3700 Post
1116 3640 1315 3719 quaesturam
1338 3634 1495 3698 exierisne
1515 3634 1636 3719 legatus

318 3729 352 3793 in
372 3730 552 3794 ulteriorem
574 3730 759 3813 Hispaniam
784 3730 817 3794 C.
840 3731 992 3794 Cosconio
1014 3729 1226 3814 proconsule?
1248 3748 1319 3791 cum
1340 3727 1420 3792 illud
1441 3729 1503 3791 iter
1523 3728 1636 3811 Rispa-

317 3822 428 3888 niense
449 3823 581 3908 pedibus
602 3823 669 3887 fere
691 3824 804 3888 confici
826 3824 940 3899 soleat,
966 3833 1036 3898 aut,
1067 3822 1093 3887 si
1117 3824 1172 3906 qui
1194 3823 1343 3906 navigare
1364 3821 1458 3896 velit,
1488 3830 1573 3885 certa
1594 3823 1636 3885 sit

317 3919 397 3982 ratio
420 3917 608 4001 navigandi:
631 3918 796 3981 venerisne
816 3919 848 3981 in
871 3917 1045 3982 Sardiniam
1060 3926 1155 4000 atque
1169 3917 1243 3981 inde
1258 3919 1290 3980 in
1305 3915 1464 3979 Africam?
1486 3915 1635 3991 fuerisne,

318 4013 404 4095 quod
426 4014 495 4076 sine
517 4021 645 4076 senatus
668 4013 812 4076 consulto
834 4013 891 4077 tibi
910 4012 1014 4076 facere
1035 4031 1101 4074 non
1123 4012 1230 4086 licuit,
1252 4012 1285 4073 in
1308 4030 1405 4094 regno
1426 4009 1635 4092 Hiempsalis?

280 4103 456 4175 scfuerisne
483 4105 517 4168 in
544 4126 642 4189 regno
664 4107 895 4171 Mastanesosii
927 4107 1093 4170 venerisne
1121 4107 1161 4169 ad
1182 4105 1298 4168 fretum
1320 4124 1377 4187 per
1397 4103 1635 4167 Mauritaniam?

317 4493 370 4557 Ego
387 4490 506 4542 defectus
523 4492 627 4555 signum
639 4492 699 4554 post
709 4503 760 4540 ooo
770 4490 849 4541 solum
865 4488 1019 4555 ponendum
1031 4501 1090 4540 esse
1103 4491 1175 4538 ratus
1185 4485 1246 4537 talia
1258 4486 1313 4537 fere
1324 4486 1489 4537 intercidisse
1501 4488 1634 4539 existimo:

317 4573 345 4618 ut
360 4573 454 4628 reema,
471 4580 527 4616 eum
543 4567 640 4617 bomine
656 4580 706 4615 noo
722 4566 802 4615 solum
818 4565 995 4628 [sordidissimo
1012 4571 1087 4626 atque
1102 4565 1187 4627 infimo
1202 4562 1342 4625 coeluum,
1360 4564 1402 4611 sed
1417 4562 1502 4628 mium]
1518 4564 1638 4627 inpuden-

316 4643 409 4692 tissimo
426 4642 478 4692 cet.
501 4640 539 4691 Cf.
558 4642 638 4691 etiam
655 4640 740 4691 bladv.
759 4653 785 4704 p.
804 4641 862 4690 bil.
882 4666 910 4677 -
933 4640 958 4690 3.
977 4640 1045 4689 bools
1060 4640 1150 4690 borum
1166 4641 1186 4689 G
1206 4665 1231 4676 -
1258 4638 1282 4689 l.
1301 4639 1409 4700 auspicis
1425 4640 1454 4688 Ρι
1473 4666 1500 4675 -
1519 4640 1544 4689 6.
1562 4641 1637 4702 iopes·

316 4719 401 4768 denter
412 4719 430 4766 P
442 4740 469 4750 —
485 4720 508 4764 te
523 4716 549 4764 in
561 4718 580 4765 P
591 4717 617 4765 in
631 4713 690 4766 loco
702 4726 778 4766 eraso
795 4714 923 4778 scriptum
940 4717 990 4773 est,
1008 4715 1034 4763 in
1052 4727 1105 4777 quo
1122 4712 1181 4778 plus
1193 4712 1262 4775 duae
1278 4710 1380 4762 litterae
1392 4713 1506 4778 scriptae
1517 4716 1635 4775 fueranl;

316 4790 377 4841 vide
399 4802 432 4840 ne
454 4789 533 4839 fuerit
548 4789 593 4838 abs
615 4795 638 4839 te
660 4816 686 4824 -
709 4790 733 4839 7.
751 4793 990 4850 uiuraempooiur
1005 4787 1122 4839 habeta
1142 4812 1169 4824 -
1193 4789 1242 4837 isto
1258 4787 1303 4836 ilio
1319 4799 1384 4846 quoe
1400 4787 1492 4839 Lamb.
1512 4803 1574 4840 eum
1591 4791 1634 4841 ed.

317 4868 384 4916 lunt.
405 4888 431 4900 -
451 4866 511 4914 aute
528 4865 618 4929 inploro
634 4865 660 4915 in
677 4868 696 4915 P
712 4869 817 4928 rogante
834 4865 859 4913 in
877 4876 961 4926 marg.
980 4875 1015 4913 m.
1035 4877 1090 4914 sec.
1109 4863 1228 4914 additum
1246 4865 1295 4913 est.
1310 4889 1337 4898 -
1356 4862 1380 4913 8.
1399 4876 1440 4918 σα.
1456 4868 1475 4915 Ρ
1490 4892 1516 4902 -
1536 4879 1600 4928 quoe
1614 4872 1637 4917 te

317 4942 380 4992 PG:
407 4951 472 5002 quoe
488 4939 504 4988 S
521 4941 548 4988 et
564 4937 625 4989 edd.
654 4939 692 4990 Cf.
711 4939 726 5002 ἕ
744 4939 775 4989 43
793 4951 819 5003 p.
838 4938 894 4998 989,
913 4939 938 4988 7.
956 4965 990 4975 -
1013 4952 1138 5002 rogauero
1155 4940 1216 4988 G-
1235 4938 1259 4987 9.
1278 4936 1498 4988 tenebrosissimam
1514 4942 1535 4989 G
1553 4967 1580 4976 —
1599 4941 1637 4991 io-

315 5013 403 5079 esmtis]
420 5013 540 5064 incoacto
557 5014 576 5063 G
595 5039 622 5049 -
642 5018 699 5064 tuoe
715 5016 734 5064 P
751 5026 809 5078 sup.
828 5011 871 5063 liu.
891 5026 905 5062 a
923 5025 959 5063 m.
973 5017 1062 5063 vetere
1081 5013 1170 5065 babet.
1192 5041 1219 5051 -
1239 5014 1334 5076 pocior
1349 5015 1368 5063 P
1387 5039 1413 5048 —
1434 5014 1475 5063 44.
1492 5014 1637 5066 Habeat·-

316 5089 447 5153 mugetus
462 5087 544 5138 babet
560 5091 580 5139 Α
598 5114 626 5123 -
642 5090 741 5151 praemi
757 5087 816 5140 AP¹
834 5089 951 5152 memnii
966 5089 1016 5151 1³²2:
1033 5090 1174 5151 praemium
1191 5090 1240 5139 G0
1259 5113 1286 5125 -
1306 5089 1415 5152 dipiiitos
1431 5091 1491 5139 Α-
1510 5094 1634 5143 ulomh

318 5190 345 5201 -
363 5163 543 5213 adulescentiae
558 5164 606 5213 ΑΡ
626 5190 653 5200 -
671 5164 711 5214 ⁴2.
729 5164 779 5213 tuis
795 5176 849 5213 om.
867 5167 888 5215 Α
907 5162 985 5230 prob.
1003 5163 1131 5227 Madvigio
1148 5177 1174 5229 p.
1188 5166 1245 5216 cti.
1260 5190 1287 5199 -
1307 5168 1438 5227 spumae
1453 5167 1473 5215 P
1493 5192 1514 5202 -
1540 5166 1578 5216 lb.
1591 5180 1637 5230 ops

316 5243 375 5291 Ρ-
394 5243 494 5301 poesim
509 5240 557 5289 PG
575 5264 603 5273 -
620 5239 740 5302 somogia
754 5238 827 5301 {cetis
842 5236 871 5290 ΡΙ
885 5266 912 5276 -
932 5239 973 5289 46.
991 5239 1101 5302 benefitio
1117 5243 1148 5298 P,
1166 5241 1196 5288 ut
1212 5239 1327 5303 saepius.
1343 5264 1368 5273 -
1389 5239 1428 5287 47.
1447 5239 1475 5289 io
1490 5241 1637 5292 eo--obtl-

315 5313 388 5379 piseet
410 5311 490 5363 habet
510 5315 530 5364 Α
550 5326 603 5366 om.
622 5327 664 5364 vv.
682 5328 774 5378 magno
794 5315 903 5366 clamore
925 5342 952 5353 -
978 5314 1018 5365 48.
1033 5314 1164 5376 proaemio
1182 5318 1247 5363 sorte
1262 5313 1385 5376 optigiseet
1400 5315 1420 5362 P
1438 5338 1466 5350 -
1484 5314 1516 5364 sit
1531 5314 1589 5366 PG¹
1606 5342 1634 5353 -

315 5388 557 5450 reprimendae
575 5416 602 5426 -
626 5390 668 5440 2⁴.
686 5395 804 5452 apotecas
819 5392 838 5441 P
858 5418 885 5427 -
907 5391 983 5440 souis
997 5391 1046 5440 PG
1069 5415 1096 5424 -
1119 5388 1160 5437 ΞΡ.
1179 5388 1304 5452 negotium
1321 5389 1342 5437 G
1363 5399 1430 5436 corr.
1450 5399 1486 5437 m.
1504 5390 1535 5448 ²3
1559 5392 1586 5440 at
1601 5391 1635 5442 cf.

316 5477 342 5529 p.
360 5464 445 5515 Sestio
462 5462 477 5527 s
493 5465 534 5515 97.
550 5492 577 5499 -
595 5465 710 5516 imeliree
726 5466 775 5516 PG
789 5492 816 5501 -
836 5465 877 5516 23.
894 5464 1041 5529 egredientis
1056 5466 1104 5514 PG
1117 5489 1144 5499 -
1164 5469 1269 5513 terreres
1285 5462 1469 5513 conscendentes
1484 5468 1503 5516 P
1515 5465 1540 5515 in
1552 5478 1635 5530 marg.

316 5552 353 5589 m.
371 5539 387 5589 2
404 5537 523 5604 suppleta
549 5538 642 5598 babei3
670 5552 720 5603 pro
744 5545 850 5591 terreres
870 5538 969 5591 mavult
988 5540 1017 5590 C.
1036 5541 1063 5590 F.
1083 5540 1249 5590 Hermanaus
1270 5545 1374 5597 teones,
1401 5550 1450 5601 ego
1472 5550 1580 5588 vacares
1594 5538 1636 5590 vel

316 5612 401 5665 simile
418 5614 541 5664 verbum.
561 5640 588 5649 -
606 5615 787 5664 ccmcmdeolis
804 5617 824 5665 G
841 5641 868 5650 -
887 5627 989 5664 morere
1004 5612 1085 5670 P¹G¹;
1103 5628 1216 5664 morores
1232 5618 1251 5665 P
1268 5625 1337 5663 corr.
1350 5613 1365 5662 Ρ
1376 5625 1413 5662 m.
1433 5639 1460 5648 -
1479 5612 1520 5664 ai.
1539 5615 1638 5664 udatus

316 5692 335 5740 P
355 5717 382 5725 -
400 5689 442 5739 25.
461 5688 583 5750 querellas
599 5688 720 5751 (querelas
737 5690 765 5750 G)
783 5690 873 5740 Putem.
891 5692 955 5741 PG:
973 5689 1064 5740 Puteol.
1083 5690 1196 5751 querelas
1212 5690 1257 5739 SO
1276 5714 1301 5724 -
1321 5688 1363 5736 26.
1379 5686 1476 5749 procos.
1495 5691 1514 5739 P
1535 5715 1560 5724 -
1578 5688 1637 5739 illuc

318 5765 338 5813 G
358 5790 384 5800 -
401 5765 450 5813 lter
465 5765 484 5814 P
501 5775 559 5828 sup.
579 5761 623 5814 lin.
643 5777 678 5813 m.
696 5764 726 5824 Ξ,
745 5764 794 5815 sed
811 5767 910 5815 vetere.
927 5793 952 5802 -
971 5765 1012 5815 27.
1030 5766 1097 5827 serre
1113 5767 1142 5816 Ρ1
1155 5790 1183 5801 -
1202 5764 1296 5814 soleant
1312 5765 1379 5814 G—
1395 5763 1476 5825 siqui
1492 5764 1552 5815 GP‘
1568 5764 1634 5829 (sup.

316 5836 385 5899 lini:
408 5851 461 5888 om.
479 5833 521 5897 P¹3
546 5839 639 5901 spuis
655 5838 713 5895 8ος
740 5839 783 5899 que·
800 5839 861 5902 (om.
879 5840 908 5898 si)
927 5838 1019 5890 Lamb.
1038 5839 1097 5890 cod.
1115 5841 1202 5900 vetus,
1228 5836 1300 5902 quod
1317 5835 1439 5903 pmetulit
1456 5838 1585 5889 Garatoni.
1603 5865 1636 5875 —

318 5912 576 5977 ibamtecmG-
595 5911 1477 5978 29.siee.8.G.P-30.mastueosiG-permmeretieiomP.
