<?xml version="1.0" encoding="UTF-8"?>
<!DOCTYPE html PUBLIC "-//W3C//DTD XHTML 1.0 Transitional//EN"
    "http://www.w3.org/TR/xhtml1/DTD/xhtml1-transitional.dtd">
<html xmlns="http://www.w3.org/1999/xhtml" xml:lang="en" lang="en">
 <head>
  <title>
</title>
<meta http-equiv="Content-Type" content="text/html;charset=utf-8" />
  <meta name='ocr-system' content='tesseract 3.04.00' />
  <meta name='ocr-capabilities' content='ocr_page ocr_carea ocr_par ocr_line ocrx_word'/>
</head>
<body>
  <div class='ocr_page' id='page_1' title='image "./operaquaesupers08halmgoog/operaquaesupers08halmgoog_0666.png"; bbox 0 0 3800 7350; ppageno 0'>
   <div class='ocr_carea' id='block_1_1' title="bbox 301 1183 1213 1253">
    <p class='ocr_par' dir='ltr' id='par_1_1' title="bbox 301 1183 1213 1253">
     <span class='ocr_line' id='line_1_1' title="bbox 301 1183 1213 1253; baseline -0.001 -2"><span class='ocrx_word' id='word_1_1' title='bbox 301 1183 383 1252; x_wconf 83' lang='grc'><strong>4388</strong></span> <span class='ocrx_word' id='word_1_2' title='bbox 712 1186 862 1253; x_wconf 78' lang='lat' dir='ltr'>ORATIO</span> <span class='ocrx_word' id='word_1_3' title='bbox 884 1185 1107 1253; x_wconf 78' lang='lat' dir='ltr'><strong>PHILIPPICA</strong></span> <span class='ocrx_word' id='word_1_4' title='bbox 1128 1188 1213 1250; x_wconf 83' lang='lat' dir='ltr'><strong>xm.</strong></span> 
     </span>
    </p>
   </div>
   <div class='ocr_carea' id='block_1_2' title="bbox 266 1354 1634 4255">
    <p class='ocr_par' dir='ltr' id='par_1_2' title="bbox 266 1354 1634 4255">
     <span class='ocr_line' id='line_1_2' title="bbox 302 1354 1632 1442; baseline -0.002 -21"><span class='ocrx_word' id='word_1_5' title='bbox 302 1379 366 1442; x_wconf 91' lang='lat' dir='ltr'><strong>que</strong></span> <span class='ocrx_word' id='word_1_6' title='bbox 392 1358 529 1421; x_wconf 81' lang='lat' dir='ltr'><strong>Hirtium</strong></span> <span class='ocrx_word' id='word_1_7' title='bbox 556 1356 717 1422; x_wconf 89' lang='lat' dir='ltr'><strong>consulem</strong></span> <span class='ocrx_word' id='word_1_8' title='bbox 745 1376 803 1419; x_wconf 88' lang='lat' dir='ltr'><strong>nec</strong></span> <span class='ocrx_word' id='word_1_9' title='bbox 830 1364 1053 1440; x_wconf 86' lang='lat' dir='ltr'><strong>propraetore</strong></span> <span class='ocrx_word' id='word_1_10' title='bbox 1075 1354 1251 1420; x_wconf 87' lang='lat' dir='ltr'><strong>Caesarem.</strong></span> <span class='ocrx_word' id='word_1_11' title='bbox 1295 1357 1377 1421; x_wconf 91' lang='lat' dir='ltr'><strong>Satis</strong></span> <span class='ocrx_word' id='word_1_12' title='bbox 1406 1358 1470 1423; x_wconf 90' lang='lat' dir='ltr'><strong>hoc</strong></span> <span class='ocrx_word' id='word_1_13' title='bbox 1492 1355 1632 1442; x_wconf 86' lang='lat' dir='ltr'><strong>quidem</strong></span> 
     </span>
     <span class='ocr_line' id='line_1_3' title="bbox 301 1449 1633 1534; baseline -0.001 -20"><span class='ocrx_word' id='word_1_14' title='bbox 301 1452 395 1516; x_wconf 81' lang='lat' dir='ltr'><strong>scite:</strong></span> <span class='ocrx_word' id='word_1_15' title='bbox 423 1451 582 1534; x_wconf 79' lang='lat' dir='ltr'><strong>deponere</strong></span> <span class='ocrx_word' id='word_1_16' title='bbox 609 1450 746 1514; x_wconf 84' lang='lat' dir='ltr'><strong>alienum</strong></span> <span class='ocrx_word' id='word_1_17' title='bbox 774 1469 889 1513; x_wconf 89' lang='lat' dir='ltr'><strong>nomeu</strong></span> <span class='ocrx_word' id='word_1_18' title='bbox 916 1450 985 1533; x_wconf 87' lang='lat' dir='ltr'><strong>ipse</strong></span> <span class='ocrx_word' id='word_1_19' title='bbox 1015 1449 1125 1513; x_wconf 91' lang='lat' dir='ltr'><strong>maluit</strong></span> <span class='ocrx_word' id='word_1_20' title='bbox 1153 1468 1248 1534; x_wconf 90' lang='lat' dir='ltr'><strong>quam</strong></span> <span class='ocrx_word' id='word_1_21' title='bbox 1276 1450 1340 1514; x_wconf 89' lang='lat' dir='ltr'><strong>illis</strong></span> <span class='ocrx_word' id='word_1_22' title='bbox 1362 1471 1453 1516; x_wconf 91' lang='lat' dir='ltr'><strong>suum</strong></span> <span class='ocrx_word' id='word_1_23' title='bbox 1475 1449 1633 1515; x_wconf 85' lang='lat' dir='ltr'><strong>reddere.</strong></span> 
     </span>
     <span class='ocr_line' id='line_1_4' title="bbox 303 1541 1634 1630; baseline 0.002 -22"><span class='ocrx_word' id='word_1_24' title='bbox 303 1544 471 1628; x_wconf 75' lang='lat' dir='ltr'><strong>Cognita</strong></span> <span class='ocrx_word' id='word_1_25' title='bbox 492 1550 618 1608; x_wconf 89' lang='lat' dir='ltr'><strong>morte</strong></span> <span class='ocrx_word' id='word_1_26' title='bbox 641 1542 674 1607; x_wconf 89' lang='lat' dir='ltr'><strong>C.</strong></span> <span class='ocrx_word' id='word_1_27' title='bbox 697 1542 886 1606; x_wconf 87' lang='lat' dir='ltr'><strong>Trebouii</strong></span> <span class='ocrx_word' id='word_1_28' title='bbox 909 1562 987 1606; x_wconf 91' lang='lat' dir='ltr'><strong>nou</strong></span> <span class='ocrx_word' id='word_1_29' title='bbox 1009 1541 1098 1626; x_wconf 89' lang='lat' dir='ltr'><strong>plus</strong></span> <span class='ocrx_word' id='word_1_30' title='bbox 1121 1544 1293 1626; x_wconf 76' lang='lat' dir='ltr'><strong>gavisus</strong></span> <span class='ocrx_word' id='word_1_31' title='bbox 1316 1565 1395 1608; x_wconf 88' lang='lat' dir='ltr'><strong>sum</strong></span> <span class='ocrx_word' id='word_1_32' title='bbox 1418 1566 1539 1630; x_wconf 89' lang='lat' dir='ltr'><strong>quam</strong></span> <span class='ocrx_word' id='word_1_33' title='bbox 1563 1547 1634 1610; x_wconf 91' lang='lat' dir='ltr'><strong>do·</strong></span> 
     </span>
     <span class='ocr_line' id='line_1_5' title="bbox 302 1635 1634 1724; baseline 0.003 -24"><span class='ocrx_word' id='word_1_34' title='bbox 302 1637 371 1700; x_wconf 89' lang='lat' dir='ltr'><strong>lui.</strong></span> <span class='ocrx_word' id='word_1_35' title='bbox 407 1635 521 1700; x_wconf 84' lang='lat' dir='ltr'><strong>Videte</strong></span> <span class='ocrx_word' id='word_1_36' title='bbox 543 1636 620 1722; x_wconf 93' lang='lat' dir='ltr'><strong>quid</strong></span> <span class='ocrx_word' id='word_1_37' title='bbox 642 1656 676 1700; x_wconf 88' lang='lat' dir='ltr'><strong>se</strong></span> <span class='ocrx_word' id='word_1_38' title='bbox 697 1637 856 1720; x_wconf 78' lang='lat' dir='ltr'><strong>gavisum,</strong></span> <span class='ocrx_word' id='word_1_39' title='bbox 878 1636 956 1719; x_wconf 90' lang='lat' dir='ltr'><strong>quid</strong></span> <span class='ocrx_word' id='word_1_40' title='bbox 979 1635 1117 1701; x_wconf 79' lang='lat' dir='ltr'><strong>doluisse</strong></span> <span class='ocrx_word' id='word_1_41' title='bbox 1140 1637 1239 1700; x_wconf 86' lang='lat' dir='ltr'><strong>dicat:</strong></span> <span class='ocrx_word' id='word_1_42' title='bbox 1260 1637 1383 1702; x_wconf 81' lang='lat' dir='ltr'><strong>facilius</strong></span> <span class='ocrx_word' id='word_1_43' title='bbox 1404 1641 1445 1703; x_wconf 89' lang='lat' dir='ltr'><strong>de</strong></span> <span class='ocrx_word' id='word_1_44' title='bbox 1465 1661 1550 1724; x_wconf 85' lang='lat' dir='ltr'><strong>pace</strong></span> <span class='ocrx_word' id='word_1_45' title='bbox 1573 1640 1634 1703; x_wconf 86' lang='lat' dir='ltr'><strong>de·</strong></span> 
     </span>
     <span class='ocr_line' id='line_1_6' title="bbox 279 1730 1631 1816; baseline -0.001 -18"><span class='ocrx_word' id='word_1_46' title='bbox 279 1730 479 1798; x_wconf 82' lang='lat' dir='ltr'><strong>eliberabitis.</strong></span> <span class='ocrx_word' id='word_1_47' title='bbox 515 1731 685 1794; x_wconf 81' lang='lat' dir='ltr'><strong>Dedisse</strong></span> <span class='ocrx_word' id='word_1_48' title='bbox 715 1749 867 1813; x_wconf 87' lang='lat' dir='ltr'><strong>poenas</strong></span> <span class='ocrx_word' id='word_1_49' title='bbox 889 1730 1137 1794; x_wconf 88' lang='lat' dir='ltr'><strong>sceleratum</strong></span> <span class='ocrx_word' id='word_1_50' title='bbox 1158 1731 1294 1795; x_wconf 89' lang='lat' dir='ltr'><strong>cineri</strong></span> <span class='ocrx_word' id='word_1_51' title='bbox 1316 1740 1439 1816; x_wconf 87' lang='lat' dir='ltr'><strong>atque</strong></span> <span class='ocrx_word' id='word_1_52' title='bbox 1460 1735 1631 1797; x_wconf 88' lang='lat' dir='ltr'><strong>ossibus</strong></span> 
     </span>
     <span class='ocr_line' id='line_1_7' title="bbox 302 1823 1629 1908; baseline 0.004 -22"><span class='ocrx_word' id='word_1_53' title='bbox 302 1824 516 1888; x_wconf 77' lang='lat' dir='ltr'><strong>clarissimi</strong></span> <span class='ocrx_word' id='word_1_54' title='bbox 538 1823 612 1887; x_wconf 82' lang='lat' dir='ltr'><strong>viri</strong></span> <span class='ocrx_word' id='word_1_55' title='bbox 635 1830 671 1887; x_wconf 92' lang='lat' dir='ltr'><strong>et</strong></span> <span class='ocrx_word' id='word_1_56' title='bbox 691 1825 921 1908; x_wconf 89' lang='lat' dir='ltr'><strong>apparuisse</strong></span> <span class='ocrx_word' id='word_1_57' title='bbox 942 1844 1082 1888; x_wconf 89' lang='lat' dir='ltr'><strong>numen</strong></span> <span class='ocrx_word' id='word_1_58' title='bbox 1097 1824 1257 1889; x_wconf 92' lang='lat' dir='ltr'><strong>deorum</strong></span> <span class='ocrx_word' id='word_1_59' title='bbox 1279 1825 1629 1891; x_wconf 81' lang='lat' dir='ltr'><strong>intrafinemauui</strong></span> 
     </span>
     <span class='ocr_line' id='line_1_8' title="bbox 301 1918 1631 2005; baseline 0.002 -24"><span class='ocrx_word' id='word_1_60' title='bbox 301 1921 507 1993; x_wconf 80' lang='lat' dir='ltr'><strong>vertentis,</strong></span> <span class='ocrx_word' id='word_1_61' title='bbox 542 1924 609 1982; x_wconf 89' lang='lat' dir='ltr'><strong>aut</strong></span> <span class='ocrx_word' id='word_1_62' title='bbox 638 1918 707 1982; x_wconf 86' lang='lat' dir='ltr'><strong>iam</strong></span> <span class='ocrx_word' id='word_1_63' title='bbox 741 1918 874 1981; x_wconf 88' lang='lat' dir='ltr'><strong>soluto</strong></span> <span class='ocrx_word' id='word_1_64' title='bbox 907 1918 1106 2002; x_wconf 93' lang='lat' dir='ltr'><strong>supplicio</strong></span> <span class='ocrx_word' id='word_1_65' title='bbox 1137 1920 1344 2003; x_wconf 87' lang='lat' dir='ltr'><strong>parricidii</strong></span> <span class='ocrx_word' id='word_1_66' title='bbox 1378 1927 1447 1985; x_wconf 85' lang='lat' dir='ltr'><strong>aut</strong></span> <span class='ocrx_word' id='word_1_67' title='bbox 1480 1921 1631 2005; x_wconf 89' lang='lat' dir='ltr'><strong>impen-</strong></span> 
     </span>
     <span class='ocr_line' id='line_1_9' title="bbox 302 2010 1629 2099; baseline 0.001 -23"><span class='ocrx_word' id='word_1_68' title='bbox 302 2012 431 2087; x_wconf 85' lang='lat' dir='ltr'><strong>dente,</strong></span> <span class='ocrx_word' id='word_1_69' title='bbox 453 2010 673 2076; x_wconf 88' lang='lat' dir='ltr'><strong>laetaudum</strong></span> <span class='ocrx_word' id='word_1_70' title='bbox 695 2019 766 2074; x_wconf 87' lang='lat' dir='ltr'><strong>est.</strong></span> <span class='ocrx_word' id='word_1_71' title='bbox 803 2011 830 2074; x_wconf 91' lang='lat'>0</span> <span class='ocrx_word' id='word_1_72' title='bbox 853 2012 1020 2095; x_wconf 71' lang='lat' dir='ltr'><strong>Spartace!</strong></span> <span class='ocrx_word' id='word_1_73' title='bbox 1043 2032 1138 2097; x_wconf 89' lang='lat' dir='ltr'><strong>quem</strong></span> <span class='ocrx_word' id='word_1_74' title='bbox 1159 2015 1243 2077; x_wconf 90' lang='lat' dir='ltr'><strong>euim</strong></span> <span class='ocrx_word' id='word_1_75' title='bbox 1266 2022 1297 2077; x_wconf 98' lang='lat' dir='ltr'><strong>te</strong></span> <span class='ocrx_word' id='word_1_76' title='bbox 1319 2015 1424 2098; x_wconf 89' lang='lat' dir='ltr'><strong>potius</strong></span> <span class='ocrx_word' id='word_1_77' title='bbox 1444 2013 1629 2099; x_wconf 72' lang='lat' dir='ltr'><strong>appellem?</strong></span> 
     </span>
     <span class='ocr_line' id='line_1_10' title="bbox 303 2104 1630 2190; baseline 0 -21"><span class='ocrx_word' id='word_1_78' title='bbox 303 2108 393 2170; x_wconf 93' lang='lat' dir='ltr'><strong>cuius</strong></span> <span class='ocrx_word' id='word_1_79' title='bbox 413 2114 543 2190; x_wconf 86' lang='lat' dir='ltr'><strong>propter</strong></span> <span class='ocrx_word' id='word_1_80' title='bbox 562 2104 699 2168; x_wconf 90' lang='lat' dir='ltr'><strong>nefanda</strong></span> <span class='ocrx_word' id='word_1_81' title='bbox 720 2104 841 2168; x_wconf 87' lang='lat' dir='ltr'><strong>scelera</strong></span> <span class='ocrx_word' id='word_1_82' title='bbox 862 2104 1033 2168; x_wconf 87' lang='lat' dir='ltr'><strong>tolerabilis</strong></span> <span class='ocrx_word' id='word_1_83' title='bbox 1054 2105 1151 2170; x_wconf 85' lang='lat' dir='ltr'><strong>fuisse</strong></span> <span class='ocrx_word' id='word_1_84' title='bbox 1174 2107 1300 2171; x_wconf 84' lang='lat' dir='ltr'><strong>videtur</strong></span> <span class='ocrx_word' id='word_1_85' title='bbox 1322 2108 1472 2171; x_wconf 80' lang='lat' dir='ltr'><strong>Catilina:</strong></span> <span class='ocrx_word' id='word_1_86' title='bbox 1504 2106 1630 2170; x_wconf 88' lang='lat' dir='ltr'><strong>laetan-</strong></span> 
     </span>
     <span class='ocr_line' id='line_1_11' title="bbox 266 2197 1628 2285; baseline -0.002 -19"><span class='ocrx_word' id='word_1_87' title='bbox 266 2198 377 2267; x_wconf 80' lang='lat' dir='ltr'><strong>sodum</strong></span> <span class='ocrx_word' id='word_1_88' title='bbox 399 2221 469 2265; x_wconf 87' lang='lat' dir='ltr'><strong>esse</strong></span> <span class='ocrx_word' id='word_1_89' title='bbox 483 2220 579 2264; x_wconf 89' lang='lat' dir='ltr'><strong>ausus</strong></span> <span class='ocrx_word' id='word_1_90' title='bbox 594 2219 628 2262; x_wconf 90' lang='lat' dir='ltr'><strong>es</strong></span> <span class='ocrx_word' id='word_1_91' title='bbox 644 2197 802 2262; x_wconf 83' lang='lat' dir='ltr'><strong>scriberet</strong></span> <span class='ocrx_word' id='word_1_92' title='bbox 835 2198 1027 2261; x_wconf 83' lang='lat' dir='ltr'><strong>Trebonium</strong></span> <span class='ocrx_word' id='word_1_93' title='bbox 1042 2199 1166 2263; x_wconf 83' lang='lat' dir='ltr'><strong>dedisse</strong></span> <span class='ocrx_word' id='word_1_94' title='bbox 1182 2204 1322 2285; x_wconf 75' lang='lat' dir='ltr'><strong>poenas?</strong></span> <span class='ocrx_word' id='word_1_95' title='bbox 1346 2202 1532 2264; x_wconf 89' lang='lat' dir='ltr'><strong>sceleratum</strong></span> <span class='ocrx_word' id='word_1_96' title='bbox 1548 2202 1628 2263; x_wconf 87' lang='lat' dir='ltr'><strong>Tre-</strong></span> 
     </span>
     <span class='ocr_line' id='line_1_12' title="bbox 302 2290 1628 2380; baseline 0.002 -25"><span class='ocrx_word' id='word_1_97' title='bbox 302 2293 456 2357; x_wconf 84' lang='lat' dir='ltr'><strong>boniuml</strong></span> <span class='ocrx_word' id='word_1_98' title='bbox 484 2313 548 2378; x_wconf 93' lang='lat' dir='ltr'><strong>quo</strong></span> <span class='ocrx_word' id='word_1_99' title='bbox 578 2292 710 2367; x_wconf 88' lang='lat' dir='ltr'><strong>scelere,</strong></span> <span class='ocrx_word' id='word_1_100' title='bbox 736 2293 799 2356; x_wconf 89' lang='lat' dir='ltr'><strong>nisi</strong></span> <span class='ocrx_word' id='word_1_101' title='bbox 828 2290 916 2375; x_wconf 91' lang='lat' dir='ltr'><strong>quod</strong></span> <span class='ocrx_word' id='word_1_102' title='bbox 944 2302 976 2355; x_wconf 92' lang='lat' dir='ltr'><strong>te</strong></span> <span class='ocrx_word' id='word_1_103' title='bbox 1006 2292 1114 2356; x_wconf 91' lang='lat' dir='ltr'><strong>Idibus</strong></span> <span class='ocrx_word' id='word_1_104' title='bbox 1140 2294 1260 2358; x_wconf 82' lang='lat' dir='ltr'><strong>Martiis</strong></span> <span class='ocrx_word' id='word_1_105' title='bbox 1282 2315 1301 2358; x_wconf 89' lang='lat' dir='ltr'><strong>n</strong></span> <span class='ocrx_word' id='word_1_106' title='bbox 1323 2295 1427 2359; x_wconf 89' lang='lat' dir='ltr'><strong>debita</strong></span> <span class='ocrx_word' id='word_1_107' title='bbox 1449 2295 1506 2358; x_wconf 94' lang='lat' dir='ltr'><strong>tibi</strong></span> <span class='ocrx_word' id='word_1_108' title='bbox 1533 2302 1628 2380; x_wconf 88' lang='lat' dir='ltr'><strong>peste</strong></span> 
     </span>
     <span class='ocr_line' id='line_1_13' title="bbox 303 2383 1628 2471; baseline 0.002 -21"><span class='ocrx_word' id='word_1_109' title='bbox 303 2388 454 2451; x_wconf 74' lang='lat' dir='ltr'><strong>seduxit?</strong></span> <span class='ocrx_word' id='word_1_110' title='bbox 496 2383 548 2450; x_wconf 79' lang='lat'><strong>23.</strong></span> <span class='ocrx_word' id='word_1_111' title='bbox 569 2388 650 2471; x_wconf 77' lang='lat' dir='ltr'><strong>Age,</strong></span> <span class='ocrx_word' id='word_1_112' title='bbox 671 2386 732 2449; x_wconf 89' lang='lat' dir='ltr'><strong>boc</strong></span> <span class='ocrx_word' id='word_1_113' title='bbox 755 2386 896 2449; x_wconf 86' lang='lat' dir='ltr'><strong>lactaris:</strong></span> <span class='ocrx_word' id='word_1_114' title='bbox 919 2386 1081 2450; x_wconf 83' lang='lat' dir='ltr'><strong>videamus</strong></span> <span class='ocrx_word' id='word_1_115' title='bbox 1096 2387 1172 2470; x_wconf 93' lang='lat' dir='ltr'><strong>quid</strong></span> <span class='ocrx_word' id='word_1_116' title='bbox 1193 2388 1325 2453; x_wconf 81' lang='lat' dir='ltr'><strong>moleste</strong></span> <span class='ocrx_word' id='word_1_117' title='bbox 1341 2389 1433 2453; x_wconf 83' lang='lat' dir='ltr'><strong>teras.</strong></span> <span class='ocrx_word' id='word_1_118' title='bbox 1469 2389 1628 2453; x_wconf 87' lang='lat' dir='ltr'><strong>Iudica-</strong></span> 
     </span>
     <span class='ocr_line' id='line_1_14' title="bbox 303 2479 1629 2564; baseline 0.002 -20"><span class='ocrx_word' id='word_1_119' title='bbox 303 2488 381 2544; x_wconf 93' lang='lat' dir='ltr'><strong>tum</strong></span> <span class='ocrx_word' id='word_1_120' title='bbox 406 2481 478 2544; x_wconf 92' lang='lat' dir='ltr'><strong>boc</strong></span> <span class='ocrx_word' id='word_1_121' title='bbox 510 2489 684 2564; x_wconf 90' lang='lat' dir='ltr'><strong>tempore</strong></span> <span class='ocrx_word' id='word_1_122' title='bbox 705 2479 856 2543; x_wconf 86' lang='lat' dir='ltr'><strong>hostem</strong></span> <span class='ocrx_word' id='word_1_123' title='bbox 876 2479 1139 2554; x_wconf 77' lang='lat' dir='ltr'><strong>Dolabellam,</strong></span> <span class='ocrx_word' id='word_1_124' title='bbox 1166 2500 1209 2545; x_wconf 87' lang='lat' dir='ltr'><strong>co</strong></span> <span class='ocrx_word' id='word_1_125' title='bbox 1231 2481 1333 2564; x_wconf 93' lang='lat' dir='ltr'><strong>quod</strong></span> <span class='ocrx_word' id='word_1_126' title='bbox 1356 2484 1544 2547; x_wconf 90' lang='lat' dir='ltr'><strong>sicarium</strong></span> <span class='ocrx_word' id='word_1_127' title='bbox 1568 2503 1629 2548; x_wconf 87' lang='lat' dir='ltr'><strong>oc·</strong></span> 
     </span>
     <span class='ocr_line' id='line_1_15' title="bbox 304 2572 1628 2657; baseline 0.002 -19"><span class='ocrx_word' id='word_1_128' title='bbox 304 2574 465 2649; x_wconf 90' lang='lat' dir='ltr'><strong>ciderit,</strong></span> <span class='ocrx_word' id='word_1_129' title='bbox 493 2582 530 2638; x_wconf 92' lang='lat' dir='ltr'><strong>et</strong></span> <span class='ocrx_word' id='word_1_130' title='bbox 554 2573 682 2639; x_wconf 83' lang='lat' dir='ltr'><strong>rideri</strong></span> <span class='ocrx_word' id='word_1_131' title='bbox 711 2574 900 2637; x_wconf 92' lang='lat' dir='ltr'><strong>cariorem</strong></span> <span class='ocrx_word' id='word_1_132' title='bbox 929 2572 1079 2657; x_wconf 93' lang='lat' dir='ltr'><strong>populo</strong></span> <span class='ocrx_word' id='word_1_133' title='bbox 1107 2574 1278 2638; x_wconf 85' lang='lat' dir='ltr'><strong>Romano</strong></span> <span class='ocrx_word' id='word_1_134' title='bbox 1306 2574 1434 2638; x_wconf 79' lang='lat' dir='ltr'><strong>lilium</strong></span> <span class='ocrx_word' id='word_1_135' title='bbox 1457 2595 1628 2640; x_wconf 84' lang='lat' dir='ltr'><strong>scurrae</strong></span> 
     </span>
     <span class='ocr_line' id='line_1_16' title="bbox 269 2668 1629 2754; baseline 0.001 -20"><span class='ocrx_word' id='word_1_136' title='bbox 269 2684 421 2754; x_wconf 79' lang='lat' dir='ltr'><strong>tequam</strong></span> <span class='ocrx_word' id='word_1_137' title='bbox 444 2668 478 2733; x_wconf 87' lang='lat' dir='ltr'><strong>C.</strong></span> <span class='ocrx_word' id='word_1_138' title='bbox 502 2668 728 2742; x_wconf 86' lang='lat' dir='ltr'><strong>Caesarem,</strong></span> <span class='ocrx_word' id='word_1_139' title='bbox 758 2668 913 2750; x_wconf 84' lang='lat' dir='ltr'><strong>patriae</strong></span> <span class='ocrx_word' id='word_1_140' title='bbox 934 2672 1158 2750; x_wconf 87' lang='lat' dir='ltr'><strong>parentem,</strong></span> <span class='ocrx_word' id='word_1_141' title='bbox 1185 2668 1530 2751; x_wconf 79' lang='lat' dir='ltr'><strong>ingemiscendum</strong></span> <span class='ocrx_word' id='word_1_142' title='bbox 1555 2678 1629 2735; x_wconf 81' lang='lat' dir='ltr'><strong>cst</strong></span> 
     </span>
     <span class='ocr_line' id='line_1_17' title="bbox 305 2760 1631 2846; baseline 0 -18"><span class='ocrx_word' id='word_1_143' title='bbox 305 2763 388 2840; x_wconf 85' lang='lat' dir='ltr'><strong>Quid</strong></span> <span class='ocrx_word' id='word_1_144' title='bbox 410 2763 588 2846; x_wconf 78' lang='lat' dir='ltr'><strong>ingemiscis</strong></span> <span class='ocrx_word' id='word_1_145' title='bbox 609 2762 734 2826; x_wconf 88' lang='lat' dir='ltr'><strong>bostem</strong></span> <span class='ocrx_word' id='word_1_146' title='bbox 755 2760 973 2825; x_wconf 70' lang='lat' dir='ltr'><strong>Dolabellam?</strong></span> <span class='ocrx_word' id='word_1_147' title='bbox 994 2761 1091 2845; x_wconf 85' lang='lat' dir='ltr'><strong>quidl</strong></span> <span class='ocrx_word' id='word_1_148' title='bbox 1113 2770 1144 2824; x_wconf 88' lang='lat' dir='ltr'><strong>te</strong></span> <span class='ocrx_word' id='word_1_149' title='bbox 1166 2781 1231 2825; x_wconf 93' lang='lat' dir='ltr'><strong>non</strong></span> <span class='ocrx_word' id='word_1_150' title='bbox 1254 2760 1404 2845; x_wconf 75' lang='lat' dir='ltr'><strong>intelligis</strong></span> <span class='ocrx_word' id='word_1_151' title='bbox 1424 2763 1543 2828; x_wconf 90' lang='lat' dir='ltr'><strong>dilectu</strong></span> <span class='ocrx_word' id='word_1_152' title='bbox 1559 2772 1631 2828; x_wconf 79' lang='lat' dir='ltr'><strong>tota</strong></span> 
     </span>
     <span class='ocr_line' id='line_1_18' title="bbox 303 2854 1630 2941; baseline 0.001 -21"><span class='ocrx_word' id='word_1_153' title='bbox 303 2854 394 2920; x_wconf 88' lang='lat' dir='ltr'><strong>ltalia</strong></span> <span class='ocrx_word' id='word_1_154' title='bbox 414 2856 538 2931; x_wconf 88' lang='lat' dir='ltr'><strong>habito,</strong></span> <span class='ocrx_word' id='word_1_155' title='bbox 566 2855 748 2921; x_wconf 87' lang='lat' dir='ltr'><strong>consulibus</strong></span> <span class='ocrx_word' id='word_1_156' title='bbox 771 2856 889 2929; x_wconf 88' lang='lat' dir='ltr'><strong>missis,</strong></span> <span class='ocrx_word' id='word_1_157' title='bbox 917 2855 1049 2918; x_wconf 88' lang='lat' dir='ltr'><strong>Caesare</strong></span> <span class='ocrx_word' id='word_1_158' title='bbox 1071 2863 1199 2930; x_wconf 90' lang='lat' dir='ltr'><strong>ornato,</strong></span> <span class='ocrx_word' id='word_1_159' title='bbox 1228 2856 1311 2939; x_wconf 76' lang='lat' dir='ltr'><strong>sapis</strong></span> <span class='ocrx_word' id='word_1_160' title='bbox 1332 2855 1470 2941; x_wconf 90' lang='lat' dir='ltr'><strong>denique</strong></span> <span class='ocrx_word' id='word_1_161' title='bbox 1492 2859 1630 2941; x_wconf 89' lang='lat' dir='ltr'><strong>sumptis</strong></span> 
     </span>
     <span class='ocr_line' id='line_1_19' title="bbox 303 2947 1631 3033; baseline 0.001 -19"><span class='ocrx_word' id='word_1_162' title='bbox 303 2950 427 3014; x_wconf 86' lang='lat' dir='ltr'><strong>hostem</strong></span> <span class='ocrx_word' id='word_1_163' title='bbox 448 2950 643 3014; x_wconf 71' lang='lat' dir='ltr'><strong>iudicatum?</strong></span> <span class='ocrx_word' id='word_1_164' title='bbox 666 2949 751 3025; x_wconf 86' lang='lat' dir='ltr'><strong>Quid</strong></span> <span class='ocrx_word' id='word_1_165' title='bbox 774 2955 823 3013; x_wconf 88' lang='lat' dir='ltr'><strong>est</strong></span> <span class='ocrx_word' id='word_1_166' title='bbox 843 2954 964 3021; x_wconf 88' lang='lat' dir='ltr'><strong>autem,</strong></span> <span class='ocrx_word' id='word_1_167' title='bbox 993 2947 1158 3023; x_wconf 87' lang='lat' dir='ltr'><strong>scelerate,</strong></span> <span class='ocrx_word' id='word_1_168' title='bbox 1181 2950 1267 3032; x_wconf 90' lang='lat' dir='ltr'><strong>quod</strong></span> <span class='ocrx_word' id='word_1_169' title='bbox 1290 2970 1396 3033; x_wconf 76' lang='lat' dir='ltr'><strong>gemas</strong></span> <span class='ocrx_word' id='word_1_170' title='bbox 1416 2949 1540 3015; x_wconf 90' lang='lat' dir='ltr'><strong>bostem</strong></span> <span class='ocrx_word' id='word_1_171' title='bbox 1563 2953 1631 3015; x_wconf 83' lang='lat' dir='ltr'><strong>llo-</strong></span> 
     </span>
     <span class='ocr_line' id='line_1_20' title="bbox 305 3038 1631 3124; baseline 0.002 -17"><span class='ocrx_word' id='word_1_172' title='bbox 305 3043 450 3109; x_wconf 86' lang='lat' dir='ltr'><strong>labellsm</strong></span> <span class='ocrx_word' id='word_1_173' title='bbox 478 3038 698 3108; x_wconf 83' lang='lat' dir='ltr'><strong>iudicatum&#39;a</strong></span> <span class='ocrx_word' id='word_1_174' title='bbox 726 3044 859 3107; x_wconf 80' lang='lat' dir='ltr'><strong>senatui</strong></span> <span class='ocrx_word' id='word_1_175' title='bbox 892 3061 987 3124; x_wconf 89' lang='lat' dir='ltr'><strong>quem</strong></span> <span class='ocrx_word' id='word_1_176' title='bbox 1018 3051 1052 3106; x_wconf 95' lang='lat' dir='ltr'><strong>tu</strong></span> <span class='ocrx_word' id='word_1_177' title='bbox 1080 3041 1223 3107; x_wconf 90' lang='lat' dir='ltr'><strong>ordinem</strong></span> <span class='ocrx_word' id='word_1_178' title='bbox 1250 3044 1379 3109; x_wconf 91' lang='lat' dir='ltr'><strong>omuino</strong></span> <span class='ocrx_word' id='word_1_179' title='bbox 1406 3065 1475 3110; x_wconf 87' lang='lat' dir='ltr'><strong>esse</strong></span> <span class='ocrx_word' id='word_1_180' title='bbox 1502 3046 1631 3109; x_wconf 90' lang='lat' dir='ltr'><strong>uultum</strong></span> 
     </span>
     <span class='ocr_line' id='line_1_21' title="bbox 268 3135 1631 3224; baseline 0.002 -24"><span class='ocrx_word' id='word_1_181' title='bbox 268 3146 410 3224; x_wconf 78' lang='lat' dir='ltr'><strong>reputas,</strong></span> <span class='ocrx_word' id='word_1_182' title='bbox 433 3139 488 3203; x_wconf 90' lang='lat' dir='ltr'><strong>sed</strong></span> <span class='ocrx_word' id='word_1_183' title='bbox 510 3158 579 3201; x_wconf 90' lang='lat' dir='ltr'><strong>eam</strong></span> <span class='ocrx_word' id='word_1_184' title='bbox 602 3138 658 3201; x_wconf 92' lang='lat' dir='ltr'><strong>tibi</strong></span> <span class='ocrx_word' id='word_1_185' title='bbox 681 3156 806 3201; x_wconf 90' lang='lat' dir='ltr'><strong>causam</strong></span> <span class='ocrx_word' id='word_1_186' title='bbox 828 3135 904 3200; x_wconf 93' lang='lat' dir='ltr'><strong>belli</strong></span> <span class='ocrx_word' id='word_1_187' title='bbox 925 3135 1055 3220; x_wconf 78' lang='lat' dir='ltr'><strong>gerendi</strong></span> <span class='ocrx_word' id='word_1_188' title='bbox 1079 3138 1247 3221; x_wconf 91' lang='lat' dir='ltr'><strong>proponis,</strong></span> <span class='ocrx_word' id='word_1_189' title='bbox 1269 3146 1305 3202; x_wconf 93' lang='lat' dir='ltr'><strong>ut</strong></span> <span class='ocrx_word' id='word_1_190' title='bbox 1326 3146 1467 3202; x_wconf 85' lang='lat' dir='ltr'><strong>senatum</strong></span> <span class='ocrx_word' id='word_1_191' title='bbox 1481 3137 1631 3203; x_wconf 81' lang='lat' dir='ltr'><strong>funditus</strong></span> 
     </span>
     <span class='ocr_line' id='line_1_22' title="bbox 306 3231 1631 3316; baseline -0.001 -20"><span class='ocrx_word' id='word_1_192' title='bbox 306 3232 428 3308; x_wconf 88' lang='lat' dir='ltr'><strong>deleas,</strong></span> <span class='ocrx_word' id='word_1_193' title='bbox 449 3232 564 3312; x_wconf 88' lang='lat' dir='ltr'><strong>reliqui</strong></span> <span class='ocrx_word' id='word_1_194' title='bbox 587 3231 663 3295; x_wconf 92' lang='lat' dir='ltr'><strong>boui</strong></span> <span class='ocrx_word' id='word_1_195' title='bbox 686 3239 718 3295; x_wconf 89' lang='lat' dir='ltr'><strong>ct</strong></span> <span class='ocrx_word' id='word_1_196' title='bbox 738 3231 914 3315; x_wconf 81' lang='lat' dir='ltr'><strong>locupletes</strong></span> <span class='ocrx_word' id='word_1_197' title='bbox 929 3250 1040 3294; x_wconf 87' lang='lat' dir='ltr'><strong>omues</strong></span> <span class='ocrx_word' id='word_1_198' title='bbox 1054 3250 1208 3294; x_wconf 90' lang='lat' dir='ltr'><strong>summum</strong></span> <span class='ocrx_word' id='word_1_199' title='bbox 1223 3232 1367 3295; x_wconf 86' lang='lat' dir='ltr'><strong>ordinem</strong></span> <span class='ocrx_word' id='word_1_200' title='bbox 1383 3233 1631 3316; x_wconf 84' lang='lat' dir='ltr'><strong>subsequantur.</strong></span> 
     </span>
     <span class='ocr_line' id='line_1_23' title="bbox 305 3323 1630 3410; baseline 0.002 -22"><span class='ocrx_word' id='word_1_201' title='bbox 305 3327 345 3388; x_wconf 79' lang='lat' dir='ltr'><strong>nt</strong></span> <span class='ocrx_word' id='word_1_202' title='bbox 374 3344 496 3389; x_wconf 90' lang='lat' dir='ltr'><strong>scurrae</strong></span> <span class='ocrx_word' id='word_1_203' title='bbox 524 3323 622 3388; x_wconf 86' lang='lat' dir='ltr'><strong>filium</strong></span> <span class='ocrx_word' id='word_1_204' title='bbox 652 3325 806 3409; x_wconf 86' lang='lat' dir='ltr'><strong>appellat:</strong></span> <span class='ocrx_word' id='word_1_205' title='bbox 837 3325 927 3409; x_wconf 88' lang='lat' dir='ltr'><strong>quasi</strong></span> <span class='ocrx_word' id='word_1_206' title='bbox 956 3344 1030 3388; x_wconf 87' lang='lat' dir='ltr'><strong>vero</strong></span> <span class='ocrx_word' id='word_1_207' title='bbox 1059 3326 1186 3407; x_wconf 78' lang='lat' dir='ltr'><strong>ignotus</strong></span> <span class='ocrx_word' id='word_1_208' title='bbox 1209 3325 1301 3388; x_wconf 91' lang='lat' dir='ltr'><strong>uobis</strong></span> <span class='ocrx_word' id='word_1_209' title='bbox 1321 3324 1417 3389; x_wconf 81' lang='lat' dir='ltr'><strong>fuerit</strong></span> <span class='ocrx_word' id='word_1_210' title='bbox 1438 3326 1630 3410; x_wconf 87' lang='lat' dir='ltr'><strong>splendidus</strong></span> 
     </span>
     <span class='ocr_line' id='line_1_24' title="bbox 305 3418 1632 3504; baseline 0.001 -22"><span class='ocrx_word' id='word_1_211' title='bbox 305 3438 403 3503; x_wconf 88' lang='lat' dir='ltr'><strong>eques</strong></span> <span class='ocrx_word' id='word_1_212' title='bbox 424 3420 597 3494; x_wconf 82' lang='lat' dir='ltr'><strong>Romanus,</strong></span> <span class='ocrx_word' id='word_1_213' title='bbox 623 3419 773 3483; x_wconf 88' lang='lat' dir='ltr'><strong>Trebouii</strong></span> <span class='ocrx_word' id='word_1_214' title='bbox 801 3427 900 3502; x_wconf 89' lang='lat' dir='ltr'><strong>pater.</strong></span> <span class='ocrx_word' id='word_1_215' title='bbox 942 3419 972 3482; x_wconf 94' lang='lat' dir='ltr'><strong>Is</strong></span> <span class='ocrx_word' id='word_1_216' title='bbox 994 3426 1098 3482; x_wconf 90' lang='lat' dir='ltr'><strong>autem</strong></span> <span class='ocrx_word' id='word_1_217' title='bbox 1120 3418 1327 3482; x_wconf 89' lang='lat' dir='ltr'><strong>bumilitatem</strong></span> <span class='ocrx_word' id='word_1_218' title='bbox 1349 3419 1510 3504; x_wconf 85' lang='lat' dir='ltr'><strong>despicere</strong></span> <span class='ocrx_word' id='word_1_219' title='bbox 1531 3421 1632 3484; x_wconf 88' lang='lat' dir='ltr'><strong>audet</strong></span> 
     </span>
     <span class='ocr_line' id='line_1_25' title="bbox 305 3509 1630 3595; baseline 0.002 -21"><span class='ocrx_word' id='word_1_220' title='bbox 305 3513 507 3595; x_wconf 88' lang='lat' dir='ltr'><strong>cuiusquam,</strong></span> <span class='ocrx_word' id='word_1_221' title='bbox 528 3514 583 3595; x_wconf 93' lang='lat' dir='ltr'><strong>qui</strong></span> <span class='ocrx_word' id='word_1_222' title='bbox 606 3533 647 3576; x_wconf 82' lang='lat' dir='ltr'><strong>ex</strong></span> <span class='ocrx_word' id='word_1_223' title='bbox 668 3512 765 3575; x_wconf 85' lang='lat' dir='ltr'><strong>Fadia</strong></span> <span class='ocrx_word' id='word_1_224' title='bbox 785 3512 948 3576; x_wconf 87' lang='lat' dir='ltr'><strong>sustulerit</strong></span> <span class='ocrx_word' id='word_1_225' title='bbox 974 3510 1113 3574; x_wconf 85' lang='lat' dir='ltr'><strong>liberost</strong></span> <span class='ocrx_word' id='word_1_226' title='bbox 1159 3512 1216 3575; x_wconf 81' lang='lat' dir='ltr'><strong>XI.</strong></span> <span class='ocrx_word' id='word_1_227' title='bbox 1238 3509 1289 3575; x_wconf 72' lang='lat'><strong>24.</strong></span> <span class='ocrx_word' id='word_1_228' title='bbox 1311 3513 1630 3577; x_wconf 76' lang='lat' dir='ltr'><strong>Acerbissimum</strong></span> 
     </span>
     <span class='ocr_line' id='line_1_26' title="bbox 269 3604 1629 3682; baseline -0.001 -9"><span class='ocrx_word' id='word_1_229' title='bbox 269 3624 401 3673; x_wconf 73' lang='lat' dir='ltr'><strong>mucro</strong></span> <span class='ocrx_word' id='word_1_230' title='bbox 423 3614 481 3670; x_wconf 87' lang='lat' dir='ltr'><strong>cst</strong></span> <span class='ocrx_word' id='word_1_231' title='bbox 502 3615 557 3682; x_wconf 92' lang='lat' dir='ltr'><strong>te,</strong></span> <span class='ocrx_word' id='word_1_232' title='bbox 578 3609 614 3670; x_wconf 78' lang='grc' dir='ltr'><strong>Α.</strong></span> <span class='ocrx_word' id='word_1_233' title='bbox 630 3607 754 3682; x_wconf 86' lang='lat' dir='ltr'><strong>Hirti,</strong></span> <span class='ocrx_word' id='word_1_234' title='bbox 777 3613 959 3670; x_wconf 86' lang='lat' dir='ltr'><strong>ornatum</strong></span> <span class='ocrx_word' id='word_1_235' title='bbox 981 3604 1204 3669; x_wconf 81' lang='lat' dir='ltr'><strong>beneficiis</strong></span> <span class='ocrx_word' id='word_1_236' title='bbox 1227 3606 1426 3681; x_wconf 84' lang='lat' dir='ltr'><strong>Caesaris,</strong></span> <span class='ocrx_word' id='word_1_237' title='bbox 1449 3616 1488 3670; x_wconf 90' lang='lat' dir='ltr'><strong>et</strong></span> <span class='ocrx_word' id='word_1_238' title='bbox 1508 3608 1629 3671; x_wconf 87' lang='lat' dir='ltr'><strong>talem</strong></span> 
     </span>
     <span class='ocr_line' id='line_1_27' title="bbox 306 3701 1629 3786; baseline -0.002 -20"><span class='ocrx_word' id='word_1_239' title='bbox 306 3703 350 3767; x_wconf 84' lang='lat' dir='ltr'><strong>ab</strong></span> <span class='ocrx_word' id='word_1_240' title='bbox 383 3722 425 3766; x_wconf 85' lang='lat' dir='ltr'><strong>eo</strong></span> <span class='ocrx_word' id='word_1_241' title='bbox 458 3702 661 3776; x_wconf 90' lang='lat' dir='ltr'><strong>relictum,</strong></span> <span class='ocrx_word' id='word_1_242' title='bbox 695 3702 847 3785; x_wconf 88' lang='lat' dir='ltr'><strong>qualem</strong></span> <span class='ocrx_word' id='word_1_243' title='bbox 880 3702 966 3784; x_wconf 88' lang='lat' dir='ltr'><strong>ipsc</strong></span> <span class='ocrx_word' id='word_1_244' title='bbox 997 3702 1222 3764; x_wconf 88' lang='lat' dir='ltr'><strong>miraris—</strong></span> <span class='ocrx_word' id='word_1_245' title='bbox 1248 3701 1402 3786; x_wconf 85' lang='lat' dir='ltr'><strong>Equidem</strong></span> <span class='ocrx_word' id='word_1_246' title='bbox 1423 3721 1538 3783; x_wconf 77' lang='lat' dir='ltr'><strong>negare</strong></span> <span class='ocrx_word' id='word_1_247' title='bbox 1561 3721 1629 3764; x_wconf 89' lang='lat' dir='ltr'><strong>non</strong></span> 
     </span>
     <span class='ocr_line' id='line_1_28' title="bbox 305 3794 1631 3880; baseline 0.001 -23"><span class='ocrx_word' id='word_1_248' title='bbox 305 3800 479 3880; x_wconf 87' lang='lat' dir='ltr'><strong>pessuma</strong></span> <span class='ocrx_word' id='word_1_249' title='bbox 508 3794 640 3859; x_wconf 86' lang='lat' dir='ltr'><strong>Caesare</strong></span> <span class='ocrx_word' id='word_1_250' title='bbox 670 3795 807 3858; x_wconf 85' lang='lat' dir='ltr'><strong>Hirtium</strong></span> <span class='ocrx_word' id='word_1_251' title='bbox 836 3803 997 3867; x_wconf 85' lang='lat' dir='ltr'><strong>ornatum,</strong></span> <span class='ocrx_word' id='word_1_252' title='bbox 1030 3795 1087 3858; x_wconf 90' lang='lat' dir='ltr'><strong>sed</strong></span> <span class='ocrx_word' id='word_1_253' title='bbox 1115 3794 1168 3859; x_wconf 89' lang='lat' dir='ltr'><strong>illa</strong></span> <span class='ocrx_word' id='word_1_254' title='bbox 1192 3803 1375 3879; x_wconf 77' lang='lat' dir='ltr'><strong>ornamenta</strong></span> <span class='ocrx_word' id='word_1_255' title='bbox 1403 3797 1435 3858; x_wconf 90' lang='lat' dir='ltr'><strong>iu</strong></span> <span class='ocrx_word' id='word_1_256' title='bbox 1456 3797 1573 3859; x_wconf 85' lang='lat' dir='ltr'><strong>virtute</strong></span> <span class='ocrx_word' id='word_1_257' title='bbox 1596 3803 1631 3858; x_wconf 87' lang='lat' dir='ltr'><strong>et</strong></span> 
     </span>
     <span class='ocr_line' id='line_1_29' title="bbox 305 3889 1628 3974; baseline -0.001 -21"><span class='ocrx_word' id='word_1_258' title='bbox 305 3889 460 3953; x_wconf 89' lang='lat' dir='ltr'><strong>industria</strong></span> <span class='ocrx_word' id='word_1_259' title='bbox 488 3891 588 3974; x_wconf 84' lang='lat' dir='ltr'><strong>posita</strong></span> <span class='ocrx_word' id='word_1_260' title='bbox 616 3889 732 3952; x_wconf 88' lang='lat' dir='ltr'><strong>lucent.</strong></span> <span class='ocrx_word' id='word_1_261' title='bbox 780 3891 827 3951; x_wconf 90' lang='lat' dir='ltr'><strong>Tu</strong></span> <span class='ocrx_word' id='word_1_262' title='bbox 854 3907 944 3962; x_wconf 83' lang='lat' dir='ltr'><strong>vero,</strong></span> <span class='ocrx_word' id='word_1_263' title='bbox 978 3889 1033 3970; x_wconf 95' lang='lat' dir='ltr'><strong>qui</strong></span> <span class='ocrx_word' id='word_1_264' title='bbox 1060 3897 1091 3952; x_wconf 89' lang='lat' dir='ltr'><strong>te</strong></span> <span class='ocrx_word' id='word_1_265' title='bbox 1119 3890 1159 3952; x_wconf 90' lang='lat' dir='ltr'><strong>ab</strong></span> <span class='ocrx_word' id='word_1_266' title='bbox 1188 3890 1299 3952; x_wconf 89' lang='lat' dir='ltr'><strong>eodem</strong></span> <span class='ocrx_word' id='word_1_267' title='bbox 1328 3890 1460 3953; x_wconf 84' lang='lat' dir='ltr'><strong>Caesare</strong></span> <span class='ocrx_word' id='word_1_268' title='bbox 1482 3902 1628 3953; x_wconf 87' lang='lat' dir='ltr'><strong>ornatum</strong></span> 
     </span>
     <span class='ocr_line' id='line_1_30' title="bbox 306 3981 1628 4067; baseline -0.002 -21"><span class='ocrx_word' id='word_1_269' title='bbox 306 4002 420 4065; x_wconf 79' lang='lat' dir='ltr'><strong>negare</strong></span> <span class='ocrx_word' id='word_1_270' title='bbox 448 4003 512 4045; x_wconf 91' lang='lat' dir='ltr'><strong>uon</strong></span> <span class='ocrx_word' id='word_1_271' title='bbox 543 3991 651 4067; x_wconf 92' lang='lat' dir='ltr'><strong>potes,</strong></span> <span class='ocrx_word' id='word_1_272' title='bbox 686 3981 762 4066; x_wconf 90' lang='lat' dir='ltr'><strong>quid</strong></span> <span class='ocrx_word' id='word_1_273' title='bbox 792 4002 896 4056; x_wconf 87' lang='lat' dir='ltr'><strong>esses,</strong></span> <span class='ocrx_word' id='word_1_274' title='bbox 929 3983 955 4045; x_wconf 95' lang='lat' dir='ltr'><strong>si</strong></span> <span class='ocrx_word' id='word_1_275' title='bbox 985 3984 1042 4046; x_wconf 91' lang='lat' dir='ltr'><strong>tibi</strong></span> <span class='ocrx_word' id='word_1_276' title='bbox 1071 3984 1124 4046; x_wconf 91' lang='lat' dir='ltr'><strong>ille</strong></span> <span class='ocrx_word' id='word_1_277' title='bbox 1154 4004 1217 4046; x_wconf 92' lang='lat' dir='ltr'><strong>non</strong></span> <span class='ocrx_word' id='word_1_278' title='bbox 1240 3991 1303 4046; x_wconf 90' lang='lat' dir='ltr'><strong>tam</strong></span> <span class='ocrx_word' id='word_1_279' title='bbox 1325 3984 1423 4046; x_wconf 86' lang='lat' dir='ltr'><strong>multa</strong></span> <span class='ocrx_word' id='word_1_280' title='bbox 1443 3983 1628 4046; x_wconf 72' lang='lat' dir='ltr'><strong>tribuisset?</strong></span> 
     </span>
     <span class='ocr_line' id='line_1_31' title="bbox 268 4076 1629 4160; baseline -0.001 -18"><span class='ocrx_word' id='word_1_281' title='bbox 268 4093 407 4160; x_wconf 80' lang='lat' dir='ltr'><strong>neceque</strong></span> <span class='ocrx_word' id='word_1_282' title='bbox 428 4086 458 4140; x_wconf 92' lang='lat' dir='ltr'><strong>te</strong></span> <span class='ocrx_word' id='word_1_283' title='bbox 481 4085 534 4140; x_wconf 90' lang='lat' dir='ltr'><strong>tua</strong></span> <span class='ocrx_word' id='word_1_284' title='bbox 555 4078 652 4141; x_wconf 77' lang='lat' dir='ltr'><strong>virtus</strong></span> <span class='ocrx_word' id='word_1_285' title='bbox 675 4077 895 4160; x_wconf 77' lang='lat' dir='ltr'><strong>provexisset?</strong></span> <span class='ocrx_word' id='word_1_286' title='bbox 918 4098 1018 4160; x_wconf 88' lang='lat' dir='ltr'><strong>ecquo</strong></span> <span class='ocrx_word' id='word_1_287' title='bbox 1034 4081 1155 4160; x_wconf 77' lang='lat' dir='ltr'><strong>genus?</strong></span> <span class='ocrx_word' id='word_1_288' title='bbox 1177 4078 1213 4139; x_wconf 92' lang='lat' dir='ltr'><strong>In</strong></span> <span class='ocrx_word' id='word_1_289' title='bbox 1236 4077 1358 4151; x_wconf 88' lang='lat' dir='ltr'><strong>lustris,</strong></span> <span class='ocrx_word' id='word_1_290' title='bbox 1380 4077 1524 4160; x_wconf 89' lang='lat' dir='ltr'><strong>popinis,</strong></span> <span class='ocrx_word' id='word_1_291' title='bbox 1545 4076 1629 4150; x_wconf 87' lang='lat' dir='ltr'><strong>alca,</strong></span> 
     </span>
     <span class='ocr_line' id='line_1_32' title="bbox 306 4171 1625 4255; baseline -0.001 -22"><span class='ocrx_word' id='word_1_292' title='bbox 306 4173 380 4235; x_wconf 81' lang='lat' dir='ltr'><strong>vino</strong></span> <span class='ocrx_word' id='word_1_293' title='bbox 409 4177 533 4255; x_wconf 90' lang='lat' dir='ltr'><strong>tempus</strong></span> <span class='ocrx_word' id='word_1_294' title='bbox 562 4172 674 4235; x_wconf 86' lang='lat' dir='ltr'><strong>aetatis</strong></span> <span class='ocrx_word' id='word_1_295' title='bbox 696 4190 788 4235; x_wconf 92' lang='lat' dir='ltr'><strong>omne</strong></span> <span class='ocrx_word' id='word_1_296' title='bbox 810 4172 1077 4253; x_wconf 87' lang='lat' dir='ltr'><strong>consumpsisscs,</strong></span> <span class='ocrx_word' id='word_1_297' title='bbox 1106 4180 1141 4235; x_wconf 96' lang='lat' dir='ltr'><strong>ut</strong></span> <span class='ocrx_word' id='word_1_298' title='bbox 1161 4172 1315 4245; x_wconf 80' lang='lat' dir='ltr'><strong>faciebas,</strong></span> <span class='ocrx_word' id='word_1_299' title='bbox 1347 4191 1418 4234; x_wconf 92' lang='lat' dir='ltr'><strong>cum</strong></span> <span class='ocrx_word' id='word_1_300' title='bbox 1437 4171 1472 4237; x_wconf 90' lang='lat' dir='ltr'><strong>iu</strong></span> <span class='ocrx_word' id='word_1_301' title='bbox 1495 4171 1625 4253; x_wconf 74' lang='lat' dir='ltr'><strong>gremiis</strong></span> 
     </span>
    </p>
   </div>
   <div class='ocr_carea' id='block_1_3' title="bbox 306 4505 1631 5394">
    <p class='ocr_par' dir='ltr' id='par_1_3' title="bbox 306 4505 1631 5394">
     <span class='ocr_line' id='line_1_33' title="bbox 372 4505 1626 4573; baseline 0.002 -15"><span class='ocrx_word' id='word_1_302' title='bbox 372 4505 737 4571; x_wconf 83' lang='lat' dir='ltr'><strong>t.nsqrsee-pro.p.r.b;</strong></span> <span class='ocrx_word' id='word_1_303' title='bbox 758 4508 1442 4571; x_wconf 81' lang='lat' dir='ltr'><strong>.p.r.p.r.et;prcr.pr.i-sotisquidembsci;</strong></span> <span class='ocrx_word' id='word_1_304' title='bbox 1461 4510 1626 4573; x_wconf 82' lang='lat' dir='ltr'><strong>qoidsmom.</strong></span> 
     </span>
     <span class='ocr_line' id='line_1_34' title="bbox 307 4581 1624 4647; baseline 0.001 -14"><span class='ocrx_word' id='word_1_305' title='bbox 307 4597 363 4633; x_wconf 86' lang='lat' dir='ltr'><strong>a·</strong></span> <span class='ocrx_word' id='word_1_306' title='bbox 381 4585 477 4634; x_wconf 76' lang='grc'><strong>444444</strong></span> <span class='ocrx_word' id='word_1_307' title='bbox 493 4585 538 4634; x_wconf 89' lang='lat' dir='ltr'><strong>el:</strong></span> <span class='ocrx_word' id='word_1_308' title='bbox 556 4582 667 4638; x_wconf 61' lang='lat' dir='ltr'><strong>scirem</strong></span> <span class='ocrx_word' id='word_1_309' title='bbox 684 4583 745 4633; x_wconf 84' lang='lat' dir='ltr'><strong>acite</strong></span> <span class='ocrx_word' id='word_1_310' title='bbox 761 4586 811 4632; x_wconf 91' lang='lat' dir='ltr'><strong>t-</strong></span> <span class='ocrx_word' id='word_1_311' title='bbox 830 4582 1010 4644; x_wconf 68' lang='grc'><strong>44444444-</strong></span> <span class='ocrx_word' id='word_1_312' title='bbox 1027 4581 1290 4647; x_wconf 56' lang='lat' dir='ltr'><strong>memb-ipen</strong></span> <span class='ocrx_word' id='word_1_313' title='bbox 1306 4586 1624 4646; x_wconf 80' lang='lat' dir='ltr'><strong>rumqeondodoteia-</strong></span> 
     </span>
     <span class='ocr_line' id='line_1_35' title="bbox 307 4655 1630 4722; baseline -0.002 -12"><span class='ocrx_word' id='word_1_314' title='bbox 307 4657 331 4710; x_wconf 85' lang='grc'><strong>4.</strong></span> <span class='ocrx_word' id='word_1_315' title='bbox 349 4657 479 4709; x_wconf 84' lang='lat' dir='ltr'><strong>etdeb—</strong></span> <span class='ocrx_word' id='word_1_316' title='bbox 498 4658 786 4719; x_wconf 77' lang='lat' dir='ltr'><strong>quidsedotuisset-</strong></span> <span class='ocrx_word' id='word_1_317' title='bbox 806 4655 1054 4708; x_wconf 79' lang='lat' dir='ltr'><strong>b.dstibsrolist-</strong></span> <span class='ocrx_word' id='word_1_318' title='bbox 1073 4659 1237 4708; x_wconf 73' lang='grc'><strong>44444444-</strong></span> <span class='ocrx_word' id='word_1_319' title='bbox 1257 4659 1281 4708; x_wconf 87' lang='grc'><strong>6.</strong></span> <span class='ocrx_word' id='word_1_320' title='bbox 1299 4659 1630 4722; x_wconf 69' lang='grc' dir='ltr'><strong>4444444-Μωί-</strong></span> 
     </span>
     <span class='ocr_line' id='line_1_36' title="bbox 306 4731 1629 4799; baseline 0.002 -16"><span class='ocrx_word' id='word_1_321' title='bbox 306 4733 482 4783; x_wconf 83' lang='lat' dir='ltr'><strong>mednertsntis</strong></span> <span class='ocrx_word' id='word_1_322' title='bbox 498 4731 556 4782; x_wconf 90' lang='lat' dir='ltr'><strong>b-</strong></span> <span class='ocrx_word' id='word_1_323' title='bbox 576 4734 600 4783; x_wconf 79' lang='grc'><strong>7.</strong></span> <span class='ocrx_word' id='word_1_324' title='bbox 615 4734 750 4795; x_wconf 75' lang='lat' dir='ltr'><strong>parricidii</strong></span> <span class='ocrx_word' id='word_1_325' title='bbox 761 4732 789 4792; x_wconf 86' lang='grc'><strong>4),</strong></span> <span class='ocrx_word' id='word_1_326' title='bbox 808 4734 837 4780; x_wconf 91' lang='lat' dir='ltr'><strong>ut</strong></span> <span class='ocrx_word' id='word_1_327' title='bbox 853 4731 1084 4783; x_wconf 71' lang='lat' dir='ltr'><strong>centimanus:</strong></span> <span class='ocrx_word' id='word_1_328' title='bbox 1100 4733 1232 4796; x_wconf 81' lang='lat' dir='ltr'><strong>parricide</strong></span> <span class='ocrx_word' id='word_1_329' title='bbox 1248 4735 1274 4792; x_wconf 85' lang='lat' dir='ltr'><strong>t;</strong></span> <span class='ocrx_word' id='word_1_330' title='bbox 1290 4735 1436 4795; x_wconf 79' lang='lat' dir='ltr'><strong>parricidas</strong></span> <span class='ocrx_word' id='word_1_331' title='bbox 1452 4737 1484 4785; x_wconf 86' lang='lat' dir='ltr'><strong>si</strong></span> <span class='ocrx_word' id='word_1_332' title='bbox 1496 4736 1629 4799; x_wconf 69' lang='grc' dir='ltr'><strong>(44)τὶάῶ</strong></span> 
     </span>
     <span class='ocr_line' id='line_1_37' title="bbox 307 4807 1628 4873; baseline 0.002 -15"><span class='ocrx_word' id='word_1_333' title='bbox 307 4808 388 4859; x_wconf 88' lang='lat' dir='ltr'><strong>hebet</strong></span> <span class='ocrx_word' id='word_1_334' title='bbox 405 4809 457 4858; x_wconf 88' lang='lat' dir='ltr'><strong>iem</strong></span> <span class='ocrx_word' id='word_1_335' title='bbox 469 4807 511 4858; x_wconf 92' lang='lat' dir='ltr'><strong>ed.</strong></span> <span class='ocrx_word' id='word_1_336' title='bbox 524 4811 633 4859; x_wconf 79' lang='lat' dir='ltr'><strong>Asceus.</strong></span> <span class='ocrx_word' id='word_1_337' title='bbox 645 4823 669 4859; x_wconf 88' lang='lat' dir='ltr'><strong>a.</strong></span> <span class='ocrx_word' id='word_1_338' title='bbox 684 4809 766 4872; x_wconf 79' lang='grc'><strong>4849.)</strong></span> <span class='ocrx_word' id='word_1_339' title='bbox 776 4834 803 4844; x_wconf 92' lang='grc'><strong>-</strong></span> <span class='ocrx_word' id='word_1_340' title='bbox 816 4808 962 4869; x_wconf 77' lang='lat' dir='ltr'><strong>inpendente</strong></span> <span class='ocrx_word' id='word_1_341' title='bbox 978 4809 1052 4857; x_wconf 85' lang='lat' dir='ltr'><strong>et·-</strong></span> <span class='ocrx_word' id='word_1_342' title='bbox 1070 4808 1095 4858; x_wconf 92' lang='grc'><strong>8.</strong></span> <span class='ocrx_word' id='word_1_343' title='bbox 1107 4809 1236 4858; x_wconf 66' lang='lat' dir='ltr'><strong>testemur</strong></span> <span class='ocrx_word' id='word_1_344' title='bbox 1253 4811 1263 4858; x_wconf 91' lang='lat' dir='ltr'><strong>t</strong></span> <span class='ocrx_word' id='word_1_345' title='bbox 1276 4836 1303 4845; x_wconf 95' lang='lat'><em>-</em></span> <span class='ocrx_word' id='word_1_346' title='bbox 1322 4822 1370 4870; x_wconf 86' lang='lat' dir='ltr'><strong>quo</strong></span> <span class='ocrx_word' id='word_1_347' title='bbox 1382 4812 1436 4858; x_wconf 83' lang='lat' dir='ltr'><strong>t-</strong></span> <span class='ocrx_word' id='word_1_348' title='bbox 1453 4810 1476 4860; x_wconf 80' lang='grc'><strong>9.</strong></span> <span class='ocrx_word' id='word_1_349' title='bbox 1489 4810 1628 4873; x_wconf 75' lang='grc'><strong>44444444</strong></span> 
     </span>
     <span class='ocr_line' id='line_1_38' title="bbox 306 4880 1627 4947; baseline 0.002 -14"><span class='ocrx_word' id='word_1_350' title='bbox 306 4882 361 4933; x_wconf 88' lang='lat' dir='ltr'><strong>ht:</strong></span> <span class='ocrx_word' id='word_1_351' title='bbox 379 4885 479 4947; x_wconf 68' lang='lat' dir='ltr'><strong>nesorio</strong></span> <span class='ocrx_word' id='word_1_352' title='bbox 495 4884 531 4934; x_wconf 93' lang='lat' dir='ltr'><strong>i0</strong></span> <span class='ocrx_word' id='word_1_353' title='bbox 551 4910 578 4921; x_wconf 90' lang='lat'><em>-</em></span> <span class='ocrx_word' id='word_1_354' title='bbox 602 4885 640 4933; x_wconf 87' lang='grc'><strong>40.</strong></span> <span class='ocrx_word' id='word_1_355' title='bbox 660 4885 749 4934; x_wconf 73' lang='lat' dir='ltr'><strong>mai:</strong></span> <span class='ocrx_word' id='word_1_356' title='bbox 773 4885 830 4942; x_wconf 78' lang='lat' dir='ltr'><strong>et;</strong></span> <span class='ocrx_word' id='word_1_357' title='bbox 855 4894 909 4933; x_wconf 91' lang='lat' dir='ltr'><strong>om.</strong></span> <span class='ocrx_word' id='word_1_358' title='bbox 927 4880 945 4931; x_wconf 92' lang='grc'><strong>4)</strong></span> <span class='ocrx_word' id='word_1_359' title='bbox 965 4908 991 4917; x_wconf 97' lang='grc'>-</span> <span class='ocrx_word' id='word_1_360' title='bbox 1016 4883 1056 4932; x_wconf 93' lang='grc'><strong>44.</strong></span> <span class='ocrx_word' id='word_1_361' title='bbox 1074 4884 1180 4933; x_wconf 84' lang='lat' dir='ltr'><strong>mortius</strong></span> <span class='ocrx_word' id='word_1_362' title='bbox 1196 4886 1207 4933; x_wconf 92' lang='lat' dir='ltr'><strong>t</strong></span> <span class='ocrx_word' id='word_1_363' title='bbox 1225 4910 1252 4920; x_wconf 90' lang='lat'><em>-</em></span> <span class='ocrx_word' id='word_1_364' title='bbox 1278 4883 1319 4933; x_wconf 89' lang='grc'><strong>43,</strong></span> <span class='ocrx_word' id='word_1_365' title='bbox 1336 4884 1476 4934; x_wconf 83' lang='lat' dir='ltr'><strong>bostsmb:</strong></span> <span class='ocrx_word' id='word_1_366' title='bbox 1500 4898 1554 4935; x_wconf 87' lang='lat' dir='ltr'><strong>om.</strong></span> <span class='ocrx_word' id='word_1_367' title='bbox 1573 4888 1627 4946; x_wconf 84' lang='lat' dir='ltr'><strong>et;</strong></span> 
     </span>
     <span class='ocr_line' id='line_1_39' title="bbox 306 4957 1627 5022; baseline -0.001 -13"><span class='ocrx_word' id='word_1_368' title='bbox 306 4959 397 5009; x_wconf 80' lang='lat' dir='ltr'><strong>bostem</strong></span> <span class='ocrx_word' id='word_1_369' title='bbox 414 4960 450 5011; x_wconf 87' lang='lat' dir='ltr'><strong>io</strong></span> <span class='ocrx_word' id='word_1_370' title='bbox 468 4963 528 5010; x_wconf 88' lang='lat' dir='ltr'><strong>ante</strong></span> <span class='ocrx_word' id='word_1_371' title='bbox 545 4959 683 5008; x_wconf 79' lang='lat' dir='ltr'><strong>indicatum</strong></span> <span class='ocrx_word' id='word_1_372' title='bbox 699 4958 799 5010; x_wconf 88' lang='lat' dir='ltr'><strong>habeut</strong></span> <span class='ocrx_word' id='word_1_373' title='bbox 815 4984 848 4994; x_wconf 90' lang='lat'>-</span> <span class='ocrx_word' id='word_1_374' title='bbox 870 4970 899 5008; x_wconf 86' lang='lat' dir='ltr'><strong>so</strong></span> <span class='ocrx_word' id='word_1_375' title='bbox 915 4958 982 5020; x_wconf 84' lang='lat' dir='ltr'><strong>quod</strong></span> <span class='ocrx_word' id='word_1_376' title='bbox 997 4970 1017 5006; x_wconf 85' lang='lat' dir='ltr'><strong>s.</strong></span> <span class='ocrx_word' id='word_1_377' title='bbox 1036 4959 1112 5008; x_wconf 84' lang='lat' dir='ltr'><strong>occid.</strong></span> <span class='ocrx_word' id='word_1_378' title='bbox 1130 4970 1184 5007; x_wconf 92' lang='lat' dir='ltr'><strong>om.</strong></span> <span class='ocrx_word' id='word_1_379' title='bbox 1204 4960 1214 5006; x_wconf 93' lang='lat' dir='ltr'><strong>t</strong></span> <span class='ocrx_word' id='word_1_380' title='bbox 1231 4982 1259 4993; x_wconf 89' lang='lat'>-</span> <span class='ocrx_word' id='word_1_381' title='bbox 1281 4957 1321 5009; x_wconf 85' lang='grc'><strong>44.</strong></span> <span class='ocrx_word' id='word_1_382' title='bbox 1339 4959 1465 5008; x_wconf 61' lang='lat' dir='ltr'><strong>tumen</strong></span> <span class='ocrx_word' id='word_1_383' title='bbox 1481 4972 1496 5008; x_wconf 84' lang='lat' dir='ltr'><strong>a</strong></span> <span class='ocrx_word' id='word_1_384' title='bbox 1515 4984 1542 4995; x_wconf 88' lang='lat'><em>-</em></span> <span class='ocrx_word' id='word_1_385' title='bbox 1565 4973 1627 5022; x_wconf 83' lang='lat' dir='ltr'><strong>pop.</strong></span> 
     </span>
     <span class='ocr_line' id='line_1_40' title="bbox 307 5032 1627 5098; baseline 0.001 -15"><span class='ocrx_word' id='word_1_386' title='bbox 307 5033 347 5097; x_wconf 72' lang='lat' dir='ltr'><strong>li]</strong></span> <span class='ocrx_word' id='word_1_387' title='bbox 361 5047 388 5096; x_wconf 88' lang='lat' dir='ltr'><strong>p.</strong></span> <span class='ocrx_word' id='word_1_388' title='bbox 402 5047 425 5082; x_wconf 86' lang='lat' dir='ltr'><strong>r.</strong></span> <span class='ocrx_word' id='word_1_389' title='bbox 445 5035 466 5088; x_wconf 78' lang='lat' dir='ltr'><strong>i:</strong></span> <span class='ocrx_word' id='word_1_390' title='bbox 488 5048 518 5083; x_wconf 72' lang='lat' dir='ltr'><strong>s.</strong></span> <span class='ocrx_word' id='word_1_391' title='bbox 535 5047 561 5095; x_wconf 86' lang='lat' dir='ltr'><strong>p.</strong></span> <span class='ocrx_word' id='word_1_392' title='bbox 580 5032 642 5084; x_wconf 83' lang='lat' dir='ltr'><strong>ebt</strong></span> <span class='ocrx_word' id='word_1_393' title='bbox 658 5060 685 5070; x_wconf 98' lang='lat'>-</span> <span class='ocrx_word' id='word_1_394' title='bbox 705 5036 745 5085; x_wconf 79' lang='grc'><strong>48.</strong></span> <span class='ocrx_word' id='word_1_395' title='bbox 763 5047 828 5083; x_wconf 86' lang='lat' dir='ltr'><strong>caes.</strong></span> <span class='ocrx_word' id='word_1_396' title='bbox 843 5033 946 5096; x_wconf 82' lang='lat' dir='ltr'><strong>petrice</strong></span> <span class='ocrx_word' id='word_1_397' title='bbox 960 5034 1060 5095; x_wconf 82' lang='lat' dir='ltr'><strong>parenti</strong></span> <span class='ocrx_word' id='word_1_398' title='bbox 1074 5032 1262 5096; x_wconf 74' lang='lat' dir='ltr'><strong>inpensiscendii</strong></span> <span class='ocrx_word' id='word_1_399' title='bbox 1280 5033 1339 5091; x_wconf 73' lang='lat' dir='ltr'><strong>(boc</strong></span> <span class='ocrx_word' id='word_1_400' title='bbox 1356 5047 1404 5097; x_wconf 93' lang='lat' dir='ltr'><strong>pro</strong></span> <span class='ocrx_word' id='word_1_401' title='bbox 1421 5034 1627 5098; x_wconf 68' lang='lat' dir='ltr'><strong>inpnnncsnds&#39;si)</strong></span> 
     </span>
     <span class='ocr_line' id='line_1_41' title="bbox 308 5107 1627 5168; baseline 0.002 -11"><span class='ocrx_word' id='word_1_402' title='bbox 308 5110 319 5157; x_wconf 97' lang='lat' dir='ltr'><strong>t</strong></span> <span class='ocrx_word' id='word_1_403' title='bbox 337 5134 364 5145; x_wconf 90' lang='lat'><em>-</em></span> <span class='ocrx_word' id='word_1_404' title='bbox 384 5109 424 5158; x_wconf 91' lang='grc'><strong>46.</strong></span> <span class='ocrx_word' id='word_1_405' title='bbox 437 5108 590 5159; x_wconf 77' lang='lat' dir='ltr'><strong>Dolabellam</strong></span> <span class='ocrx_word' id='word_1_406' title='bbox 606 5108 684 5158; x_wconf 87' lang='lat' dir='ltr'><strong>ebt:</strong></span> <span class='ocrx_word' id='word_1_407' title='bbox 702 5108 858 5159; x_wconf 87' lang='lat' dir='ltr'><strong>Dotobetlom</strong></span> <span class='ocrx_word' id='word_1_408' title='bbox 874 5109 1011 5157; x_wconf 80' lang='lat' dir='ltr'><strong>iudicatam</strong></span> <span class='ocrx_word' id='word_1_409' title='bbox 1028 5107 1064 5157; x_wconf 80' lang='lat' dir='ltr'><strong>to</strong></span> <span class='ocrx_word' id='word_1_410' title='bbox 1077 5133 1104 5143; x_wconf 94' lang='lat'><em>-</em></span> <span class='ocrx_word' id='word_1_411' title='bbox 1123 5108 1183 5168; x_wconf 86' lang='lat' dir='ltr'><strong>qnid</strong></span> <span class='ocrx_word' id='word_1_412' title='bbox 1199 5112 1223 5157; x_wconf 88' lang='lat' dir='ltr'><strong>te</strong></span> <span class='ocrx_word' id='word_1_413' title='bbox 1238 5109 1262 5156; x_wconf 90' lang='lat' dir='ltr'><strong>i:</strong></span> <span class='ocrx_word' id='word_1_414' title='bbox 1282 5109 1348 5168; x_wconf 84' lang='lat' dir='ltr'><strong>quite</strong></span> <span class='ocrx_word' id='word_1_415' title='bbox 1364 5108 1472 5157; x_wconf 87' lang='lat' dir='ltr'><strong>ubt-</strong></span> <span class='ocrx_word' id='word_1_416' title='bbox 1488 5110 1578 5159; x_wconf 80' lang='lat' dir='ltr'><strong>dilecto</strong></span> <span class='ocrx_word' id='word_1_417' title='bbox 1593 5110 1627 5160; x_wconf 91' lang='lat' dir='ltr'><strong>b:</strong></span> 
     </span>
     <span class='ocr_line' id='line_1_42' title="bbox 307 5174 1631 5246; baseline 0.003 -15"><span class='ocrx_word' id='word_1_418' title='bbox 307 5174 397 5234; x_wconf 65' lang='lat' dir='ltr'><strong>dicetis</strong></span> <span class='ocrx_word' id='word_1_419' title='bbox 411 5197 441 5240; x_wconf 87' lang='lat' dir='ltr'><strong>a;</strong></span> <span class='ocrx_word' id='word_1_420' title='bbox 459 5183 548 5232; x_wconf 79' lang='grc'><strong>4444444</strong></span> <span class='ocrx_word' id='word_1_421' title='bbox 564 5185 587 5241; x_wconf 88' lang='grc'><strong>4;</strong></span> <span class='ocrx_word' id='word_1_422' title='bbox 606 5183 699 5232; x_wconf 81' lang='lat' dir='ltr'><strong>delectu</strong></span> <span class='ocrx_word' id='word_1_423' title='bbox 715 5184 752 5232; x_wconf 82' lang='lat' dir='ltr'><strong>io</strong></span> <span class='ocrx_word' id='word_1_424' title='bbox 769 5208 795 5218; x_wconf 90' lang='lat'><em>-</em></span> <span class='ocrx_word' id='word_1_425' title='bbox 816 5184 856 5232; x_wconf 80' lang='grc'><strong>44.</strong></span> <span class='ocrx_word' id='word_1_426' title='bbox 869 5197 933 5232; x_wconf 77' lang='lat' dir='ltr'><strong>coes.</strong></span> <span class='ocrx_word' id='word_1_427' title='bbox 946 5188 1047 5233; x_wconf 84' lang='lat' dir='ltr'><strong>ornatos</strong></span> <span class='ocrx_word' id='word_1_428' title='bbox 1061 5183 1116 5246; x_wconf 70' lang='lat' dir='ltr'><strong>spis</strong></span> <span class='ocrx_word' id='word_1_429' title='bbox 1132 5185 1182 5231; x_wconf 93' lang='lat' dir='ltr'><strong>t-</strong></span> <span class='ocrx_word' id='word_1_430' title='bbox 1202 5182 1241 5232; x_wconf 92' lang='grc'><strong>48.</strong></span> <span class='ocrx_word' id='word_1_431' title='bbox 1254 5189 1338 5231; x_wconf 83' lang='lat' dir='ltr'><strong>eutem</strong></span> <span class='ocrx_word' id='word_1_432' title='bbox 1354 5196 1408 5232; x_wconf 91' lang='lat' dir='ltr'><strong>om.</strong></span> <span class='ocrx_word' id='word_1_433' title='bbox 1422 5185 1432 5232; x_wconf 93' lang='lat' dir='ltr'><strong>t</strong></span> <span class='ocrx_word' id='word_1_434' title='bbox 1444 5209 1471 5219; x_wconf 94' lang='lat'>-</span> <span class='ocrx_word' id='word_1_435' title='bbox 1490 5185 1531 5234; x_wconf 87' lang='grc'><strong>40.</strong></span> <span class='ocrx_word' id='word_1_436' title='bbox 1548 5198 1631 5235; x_wconf 79' lang='lat' dir='ltr'><strong>censa</strong></span> 
     </span>
     <span class='ocr_line' id='line_1_43' title="bbox 308 5256 1627 5322; baseline 0.005 -17"><span class='ocrx_word' id='word_1_437' title='bbox 308 5259 319 5305; x_wconf 93' lang='lat' dir='ltr'><strong>t</strong></span> <span class='ocrx_word' id='word_1_438' title='bbox 341 5284 367 5294; x_wconf 93' lang='lat'><em>-</em></span> <span class='ocrx_word' id='word_1_439' title='bbox 394 5258 435 5306; x_wconf 89' lang='grc'><strong>44.</strong></span> <span class='ocrx_word' id='word_1_440' title='bbox 458 5256 537 5307; x_wconf 83' lang='lat' dir='ltr'><strong>dsteos</strong></span> <span class='ocrx_word' id='word_1_441' title='bbox 556 5270 609 5307; x_wconf 92' lang='lat' dir='ltr'><strong>om.</strong></span> <span class='ocrx_word' id='word_1_442' title='bbox 630 5256 658 5306; x_wconf 69' lang='grc' dir='ltr'><strong>4)Ι</strong></span> <span class='ocrx_word' id='word_1_443' title='bbox 684 5285 710 5295; x_wconf 94' lang='grc'><strong>-</strong></span> <span class='ocrx_word' id='word_1_444' title='bbox 736 5257 918 5317; x_wconf 77' lang='lat' dir='ltr'><strong>subsequentur</strong></span> <span class='ocrx_word' id='word_1_445' title='bbox 939 5258 947 5306; x_wconf 91' lang='lat' dir='ltr'><strong>i</strong></span> <span class='ocrx_word' id='word_1_446' title='bbox 971 5282 999 5294; x_wconf 93' lang='lat'>-</span> <span class='ocrx_word' id='word_1_447' title='bbox 1026 5258 1066 5307; x_wconf 89' lang='grc'><strong>44.</strong></span> <span class='ocrx_word' id='word_1_448' title='bbox 1087 5262 1132 5305; x_wconf 86' lang='lat' dir='ltr'><strong>cut</strong></span> <span class='ocrx_word' id='word_1_449' title='bbox 1155 5258 1165 5305; x_wconf 93' lang='lat' dir='ltr'><strong>t</strong></span> <span class='ocrx_word' id='word_1_450' title='bbox 1188 5282 1216 5293; x_wconf 95' lang='lat'>-</span> <span class='ocrx_word' id='word_1_451' title='bbox 1242 5257 1365 5318; x_wconf 85' lang='lat' dir='ltr'><strong>cpettotn</strong></span> <span class='ocrx_word' id='word_1_452' title='bbox 1387 5283 1413 5292; x_wconf 92' lang='lat'><em>—</em></span> <span class='ocrx_word' id='word_1_453' title='bbox 1438 5259 1480 5308; x_wconf 90' lang='grc'><strong>43.</strong></span> <span class='ocrx_word' id='word_1_454' title='bbox 1501 5272 1574 5322; x_wconf 79' lang='lat' dir='ltr'><strong>eques</strong></span> <span class='ocrx_word' id='word_1_455' title='bbox 1594 5274 1627 5312; x_wconf 87' lang='lat' dir='ltr'><strong>.r.</strong></span> 
     </span>
     <span class='ocr_line' id='line_1_44' title="bbox 308 5329 1631 5394; baseline 0.005 -15"><span class='ocrx_word' id='word_1_456' title='bbox 308 5329 339 5379; x_wconf 91' lang='lat' dir='ltr'><strong>b:</strong></span> <span class='ocrx_word' id='word_1_457' title='bbox 361 5344 395 5393; x_wconf 92' lang='lat' dir='ltr'><strong>.q.</strong></span> <span class='ocrx_word' id='word_1_458' title='bbox 412 5344 435 5380; x_wconf 85' lang='lat' dir='ltr'><strong>r.</strong></span> <span class='ocrx_word' id='word_1_459' title='bbox 455 5332 478 5389; x_wconf 88' lang='lat' dir='ltr'><strong>t;</strong></span> <span class='ocrx_word' id='word_1_460' title='bbox 503 5332 604 5393; x_wconf 79' lang='lat' dir='ltr'><strong>quirites</strong></span> <span class='ocrx_word' id='word_1_461' title='bbox 625 5332 657 5381; x_wconf 87' lang='lat' dir='ltr'><strong>ei</strong></span> <span class='ocrx_word' id='word_1_462' title='bbox 686 5359 711 5370; x_wconf 92' lang='lat'>-</span> <span class='ocrx_word' id='word_1_463' title='bbox 739 5331 779 5382; x_wconf 84' lang='grc'><strong>44.</strong></span> <span class='ocrx_word' id='word_1_464' title='bbox 798 5332 945 5394; x_wconf 80' lang='lat' dir='ltr'><strong>cuiusquam</strong></span> <span class='ocrx_word' id='word_1_465' title='bbox 965 5331 1008 5381; x_wconf 85' lang='lat' dir='ltr'><strong>ed.</strong></span> <span class='ocrx_word' id='word_1_466' title='bbox 1027 5331 1091 5380; x_wconf 88' lang='lat' dir='ltr'><strong>Veu.</strong></span> <span class='ocrx_word' id='word_1_467' title='bbox 1111 5330 1188 5381; x_wconf 77' lang='lat' dir='ltr'><strong>tili:</strong></span> <span class='ocrx_word' id='word_1_468' title='bbox 1216 5332 1333 5393; x_wconf 81' lang='lat' dir='ltr'><strong>cuiusque</strong></span> <span class='ocrx_word' id='word_1_469' title='bbox 1349 5331 1427 5382; x_wconf 90' lang='lat' dir='ltr'><strong>abti</strong></span> <span class='ocrx_word' id='word_1_470' title='bbox 1445 5361 1471 5369; x_wconf 95' lang='lat'>—</span> <span class='ocrx_word' id='word_1_471' title='bbox 1498 5348 1530 5383; x_wconf 81' lang='lat' dir='ltr'><strong>nn</strong></span> <span class='ocrx_word' id='word_1_472' title='bbox 1546 5336 1631 5386; x_wconf 81' lang='lat' dir='ltr'><strong>Fodte</strong></span> 
     </span>
    </p>
   </div>
   <div class='ocr_carea' id='block_1_4' title="bbox 306 5411 1632 5940">
    <p class='ocr_par' dir='ltr' id='par_1_4' title="bbox 306 5411 1632 5940">
     <span class='ocr_line' id='line_1_45' title="bbox 308 5411 1631 5491; baseline 0.004 -18"><span class='ocrx_word' id='word_1_473' title='bbox 308 5425 454 5475; x_wconf 85' lang='lat' dir='ltr'><strong>Ferrarius:</strong></span> <span class='ocrx_word' id='word_1_474' title='bbox 479 5425 646 5485; x_wconf 57' lang='lat' dir='ltr'><strong>scandiam</strong></span> <span class='ocrx_word' id='word_1_475' title='bbox 670 5424 873 5480; x_wconf 69' lang='lat' dir='ltr'><strong>excedisbts</strong></span> <span class='ocrx_word' id='word_1_476' title='bbox 898 5425 1055 5475; x_wconf 74' lang='grc'><strong>44444444</strong></span> <span class='ocrx_word' id='word_1_477' title='bbox 1075 5450 1102 5460; x_wconf 94' lang='grc'><strong>-</strong></span> <span class='ocrx_word' id='word_1_478' title='bbox 1122 5426 1162 5474; x_wconf 80' lang='grc'><strong>48.</strong></span> <span class='ocrx_word' id='word_1_479' title='bbox 1181 5425 1365 5480; x_wconf 61' lang='lat' dir='ltr'><strong>octennem</strong></span> <span class='ocrx_word' id='word_1_480' title='bbox 1383 5411 1550 5477; x_wconf 54' lang='lat' dir='ltr'><strong>uerofft-</strong></span> <span class='ocrx_word' id='word_1_481' title='bbox 1570 5429 1631 5491; x_wconf 73' lang='lat' dir='ltr'><strong>bqr·</strong></span> 
     </span>
     <span class='ocr_line' id='line_1_46' title="bbox 306 5499 1632 5564; baseline 0.003 -16"><span class='ocrx_word' id='word_1_482' title='bbox 306 5499 345 5548; x_wconf 88' lang='lat' dir='ltr'><strong>cic</strong></span> <span class='ocrx_word' id='word_1_483' title='bbox 357 5499 367 5548; x_wconf 95' lang='lat' dir='ltr'><strong>t</strong></span> <span class='ocrx_word' id='word_1_484' title='bbox 380 5527 406 5536; x_wconf 97' lang='lat'>-</span> <span class='ocrx_word' id='word_1_485' title='bbox 420 5505 536 5548; x_wconf 79' lang='lat' dir='ltr'><strong>emotum</strong></span> <span class='ocrx_word' id='word_1_486' title='bbox 553 5499 596 5550; x_wconf 88' lang='lat' dir='ltr'><strong>ed.</strong></span> <span class='ocrx_word' id='word_1_487' title='bbox 610 5501 707 5564; x_wconf 77' lang='lat' dir='ltr'><strong>Gryph.</strong></span> <span class='ocrx_word' id='word_1_488' title='bbox 727 5502 803 5550; x_wconf 76' lang='lat'>4550:</span> <span class='ocrx_word' id='word_1_489' title='bbox 822 5505 939 5550; x_wconf 69' lang='grc'><strong>4444444)</strong></span> <span class='ocrx_word' id='word_1_490' title='bbox 956 5513 1005 5550; x_wconf 86' lang='lat' dir='ltr'><strong>esse</strong></span> <span class='ocrx_word' id='word_1_491' title='bbox 1021 5499 1099 5549; x_wconf 87' lang='lat' dir='ltr'><strong>codd.</strong></span> <span class='ocrx_word' id='word_1_492' title='bbox 1118 5500 1266 5550; x_wconf 87' lang='lat' dir='ltr'><strong>Cobeereut</strong></span> <span class='ocrx_word' id='word_1_493' title='bbox 1282 5501 1321 5550; x_wconf 90' lang='lat' dir='ltr'><strong>sic</strong></span> <span class='ocrx_word' id='word_1_494' title='bbox 1337 5500 1433 5550; x_wconf 84' lang='lat' dir='ltr'><strong>verba:</strong></span> <span class='ocrx_word' id='word_1_495' title='bbox 1456 5507 1492 5562; x_wconf 90' lang='lat' dir='ltr'><strong>ts,</strong></span> <span class='ocrx_word' id='word_1_496' title='bbox 1511 5508 1632 5552; x_wconf 76' lang='lat' dir='ltr'><strong>ornatam</strong></span> 
     </span>
     <span class='ocr_line' id='line_1_47' title="bbox 307 5574 1631 5640; baseline 0.002 -17"><span class='ocrx_word' id='word_1_497' title='bbox 307 5574 427 5638; x_wconf 69' lang='lat' dir='ltr'><strong>bnwptoiis</strong></span> <span class='ocrx_word' id='word_1_498' title='bbox 443 5575 569 5635; x_wconf 85' lang='lat' dir='ltr'><strong>Cosscrts,</strong></span> <span class='ocrx_word' id='word_1_499' title='bbox 587 5575 613 5623; x_wconf 87' lang='lat' dir='ltr'><strong>id</strong></span> <span class='ocrx_word' id='word_1_500' title='bbox 628 5589 701 5638; x_wconf 83' lang='lat' dir='ltr'><strong>apere</strong></span> <span class='ocrx_word' id='word_1_501' title='bbox 717 5581 745 5624; x_wconf 84' lang='grc'><strong>44</strong></span> <span class='ocrx_word' id='word_1_502' title='bbox 761 5578 812 5625; x_wconf 89' lang='lat' dir='ltr'><strong>cet.</strong></span> <span class='ocrx_word' id='word_1_503' title='bbox 832 5589 858 5639; x_wconf 88' lang='lat' dir='ltr'><strong>p.</strong></span> <span class='ocrx_word' id='word_1_504' title='bbox 879 5575 950 5635; x_wconf 83' lang='grc'><strong>4389,</strong></span> <span class='ocrx_word' id='word_1_505' title='bbox 969 5575 994 5625; x_wconf 95' lang='grc'><strong>8.</strong></span> <span class='ocrx_word' id='word_1_506' title='bbox 1016 5600 1042 5612; x_wconf 84' lang='grc'><strong>-</strong></span> <span class='ocrx_word' id='word_1_507' title='bbox 1066 5575 1106 5624; x_wconf 87' lang='grc'><strong>47.</strong></span> <span class='ocrx_word' id='word_1_508' title='bbox 1125 5576 1166 5624; x_wconf 84' lang='lat' dir='ltr'><strong>sed</strong></span> <span class='ocrx_word' id='word_1_509' title='bbox 1182 5588 1235 5625; x_wconf 89' lang='lat' dir='ltr'><strong>om.</strong></span> <span class='ocrx_word' id='word_1_510' title='bbox 1254 5580 1264 5625; x_wconf 93' lang='lat' dir='ltr'><strong>t</strong></span> <span class='ocrx_word' id='word_1_511' title='bbox 1283 5603 1309 5612; x_wconf 92' lang='lat'><em>-</em></span> <span class='ocrx_word' id='word_1_512' title='bbox 1328 5579 1390 5640; x_wconf 91' lang='lat' dir='ltr'><strong>pest</strong></span> <span class='ocrx_word' id='word_1_513' title='bbox 1404 5577 1450 5626; x_wconf 86' lang='lat' dir='ltr'><strong>itte</strong></span> <span class='ocrx_word' id='word_1_514' title='bbox 1466 5579 1492 5626; x_wconf 89' lang='lat' dir='ltr'><strong>iu</strong></span> <span class='ocrx_word' id='word_1_515' title='bbox 1508 5577 1526 5625; x_wconf 92' lang='lat' dir='ltr'><strong>b</strong></span> <span class='ocrx_word' id='word_1_516' title='bbox 1544 5580 1631 5626; x_wconf 76' lang='lat' dir='ltr'><strong>menie</strong></span> 
     </span>
     <span class='ocr_line' id='line_1_48' title="bbox 308 5649 1631 5713; baseline 0 -15"><span class='ocrx_word' id='word_1_517' title='bbox 308 5661 367 5712; x_wconf 90' lang='lat' dir='ltr'><strong>sup.</strong></span> <span class='ocrx_word' id='word_1_518' title='bbox 384 5649 428 5699; x_wconf 89' lang='lat' dir='ltr'><strong>liu.</strong></span> <span class='ocrx_word' id='word_1_519' title='bbox 447 5662 483 5698; x_wconf 94' lang='lat' dir='ltr'><strong>m.</strong></span> <span class='ocrx_word' id='word_1_520' title='bbox 502 5649 527 5698; x_wconf 92' lang='grc'><strong>4.</strong></span> <span class='ocrx_word' id='word_1_521' title='bbox 545 5676 579 5688; x_wconf 93' lang='grc'>-</span> <span class='ocrx_word' id='word_1_522' title='bbox 601 5655 625 5698; x_wconf 83' lang='grc'><strong>44</strong></span> <span class='ocrx_word' id='word_1_523' title='bbox 639 5651 666 5698; x_wconf 87' lang='lat' dir='ltr'><strong>in</strong></span> <span class='ocrx_word' id='word_1_524' title='bbox 682 5651 806 5700; x_wconf 83' lang='lat' dir='ltr'><strong>industrio</strong></span> <span class='ocrx_word' id='word_1_525' title='bbox 821 5651 829 5699; x_wconf 89' lang='lat' dir='ltr'><strong>i</strong></span> <span class='ocrx_word' id='word_1_526' title='bbox 849 5677 876 5688; x_wconf 94' lang='lat'>-</span> <span class='ocrx_word' id='word_1_527' title='bbox 894 5651 935 5701; x_wconf 87' lang='grc'><strong>48.</strong></span> <span class='ocrx_word' id='word_1_528' title='bbox 956 5656 1197 5712; x_wconf 80' lang='lat' dir='ltr'><strong>ornntnm--potsa</strong></span> <span class='ocrx_word' id='word_1_529' title='bbox 1213 5664 1266 5701; x_wconf 92' lang='lat' dir='ltr'><strong>om.</strong></span> <span class='ocrx_word' id='word_1_530' title='bbox 1285 5654 1340 5701; x_wconf 90' lang='lat' dir='ltr'><strong>t-</strong></span> <span class='ocrx_word' id='word_1_531' title='bbox 1361 5652 1401 5701; x_wconf 90' lang='grc'><strong>30.</strong></span> <span class='ocrx_word' id='word_1_532' title='bbox 1418 5664 1631 5713; x_wconf 80' lang='lat' dir='ltr'><strong>scqrso--scqrso</strong></span> 
     </span>
     <span class='ocr_line' id='line_1_49' title="bbox 309 5724 1628 5790; baseline 0.002 -17"><span class='ocrx_word' id='word_1_533' title='bbox 309 5737 337 5773; x_wconf 87' lang='lat' dir='ltr'><strong>a:</strong></span> <span class='ocrx_word' id='word_1_534' title='bbox 356 5724 580 5786; x_wconf 70' lang='lat' dir='ltr'><strong>nequo--ecquo</strong></span> <span class='ocrx_word' id='word_1_535' title='bbox 596 5725 620 5782; x_wconf 86' lang='lat' dir='ltr'><strong>t;</strong></span> <span class='ocrx_word' id='word_1_536' title='bbox 638 5724 879 5788; x_wconf 80' lang='lat' dir='ltr'><strong>necqoo--nscquo</strong></span> <span class='ocrx_word' id='word_1_537' title='bbox 895 5725 926 5781; x_wconf 81' lang='grc'><strong>4);</strong></span> <span class='ocrx_word' id='word_1_538' title='bbox 953 5731 1155 5788; x_wconf 85' lang='lat' dir='ltr'><strong>etquo--etqsso</strong></span> <span class='ocrx_word' id='word_1_539' title='bbox 1171 5726 1179 5774; x_wconf 96' lang='lat' dir='ltr'><strong>i</strong></span> <span class='ocrx_word' id='word_1_540' title='bbox 1198 5753 1225 5762; x_wconf 97' lang='lat'>-</span> <span class='ocrx_word' id='word_1_541' title='bbox 1244 5728 1370 5790; x_wconf 77' lang='lat' dir='ltr'><strong>inponissm</strong></span> <span class='ocrx_word' id='word_1_542' title='bbox 1386 5727 1454 5776; x_wconf 78' lang='lat' dir='ltr'><strong>coni,</strong></span> <span class='ocrx_word' id='word_1_543' title='bbox 1473 5727 1580 5778; x_wconf 88' lang='lat' dir='ltr'><strong>Ursinus</strong></span> <span class='ocrx_word' id='word_1_544' title='bbox 1599 5751 1628 5762; x_wconf 95' lang='lat'>-</span> 
     </span>
     <span class='ocr_line' id='line_1_50' title="bbox 308 5798 1631 5864; baseline -0.001 -13"><span class='ocrx_word' id='word_1_545' title='bbox 308 5803 336 5851; x_wconf 87' lang='lat' dir='ltr'><strong>in</strong></span> <span class='ocrx_word' id='word_1_546' title='bbox 352 5799 435 5849; x_wconf 82' lang='lat' dir='ltr'><strong>lustris</strong></span> <span class='ocrx_word' id='word_1_547' title='bbox 451 5801 495 5849; x_wconf 90' lang='lat' dir='ltr'><strong>ti:</strong></span> <span class='ocrx_word' id='word_1_548' title='bbox 513 5799 616 5848; x_wconf 81' lang='lat' dir='ltr'><strong>illustris</strong></span> <span class='ocrx_word' id='word_1_549' title='bbox 632 5798 674 5848; x_wconf 88' lang='lat' dir='ltr'><strong>eb</strong></span> <span class='ocrx_word' id='word_1_550' title='bbox 687 5825 713 5838; x_wconf 95' lang='lat'>-</span> <span class='ocrx_word' id='word_1_551' title='bbox 733 5800 773 5851; x_wconf 88' lang='grc'><strong>34.</strong></span> <span class='ocrx_word' id='word_1_552' title='bbox 791 5803 979 5864; x_wconf 57' lang='lat' dir='ltr'><strong>consumpsisse</strong></span> <span class='ocrx_word' id='word_1_553' title='bbox 994 5808 1048 5864; x_wconf 84' lang='lat' dir='ltr'><strong>otq,·</strong></span> <span class='ocrx_word' id='word_1_554' title='bbox 1065 5814 1115 5851; x_wconf 89' lang='lat' dir='ltr'><strong>non</strong></span> <span class='ocrx_word' id='word_1_555' title='bbox 1130 5801 1203 5851; x_wconf 83' lang='lat' dir='ltr'><strong>inodo</strong></span> <span class='ocrx_word' id='word_1_556' title='bbox 1220 5802 1305 5852; x_wconf 77' lang='lat' dir='ltr'><strong>uirens</strong></span> <span class='ocrx_word' id='word_1_557' title='bbox 1321 5801 1416 5854; x_wconf 87' lang='lat' dir='ltr'><strong>mediis</strong></span> <span class='ocrx_word' id='word_1_558' title='bbox 1433 5814 1485 5852; x_wconf 86' lang='lat' dir='ltr'><strong>om.</strong></span> <span class='ocrx_word' id='word_1_559' title='bbox 1504 5803 1514 5850; x_wconf 91' lang='lat' dir='ltr'><strong>t</strong></span> <span class='ocrx_word' id='word_1_560' title='bbox 1527 5827 1554 5838; x_wconf 90' lang='lat'><em>-</em></span> <span class='ocrx_word' id='word_1_561' title='bbox 1568 5814 1631 5850; x_wconf 87' lang='lat' dir='ltr'><strong>cen-</strong></span> 
     </span>
     <span class='ocr_line' id='line_1_51' title="bbox 308 5875 949 5940; baseline 0.006 -16"><span class='ocrx_word' id='word_1_562' title='bbox 308 5875 447 5937; x_wconf 69' lang='lat' dir='ltr'><strong>conpetens</strong></span> <span class='ocrx_word' id='word_1_563' title='bbox 463 5878 497 5940; x_wconf 83' lang='lat' dir='ltr'><strong>(er</strong></span> <span class='ocrx_word' id='word_1_564' title='bbox 513 5875 539 5927; x_wconf 88' lang='lat' dir='ltr'><strong>iu</strong></span> <span class='ocrx_word' id='word_1_565' title='bbox 555 5875 619 5939; x_wconf 79' lang='lat' dir='ltr'><strong>res.)</strong></span> <span class='ocrx_word' id='word_1_566' title='bbox 636 5888 693 5927; x_wconf 81' lang='lat' dir='ltr'><strong>cum</strong></span> <span class='ocrx_word' id='word_1_567' title='bbox 708 5881 736 5926; x_wconf 81' lang='lat' dir='ltr'><strong>nt</strong></span> <span class='ocrx_word' id='word_1_568' title='bbox 750 5877 861 5938; x_wconf 76' lang='lat' dir='ltr'><strong>faciebas</strong></span> <span class='ocrx_word' id='word_1_569' title='bbox 877 5877 904 5927; x_wconf 84' lang='lat' dir='ltr'><strong>in</strong></span> <span class='ocrx_word' id='word_1_570' title='bbox 921 5877 949 5928; x_wconf 89' lang='grc'><strong>4).</strong></span> 
     </span>
    </p>
   </div>
   <div class='ocr_carea' id='block_1_5' title="bbox 0 0 1908 7348">
    <p class='ocr_par' dir='ltr' id='par_1_5' title="bbox 0 0 1908 7348">
     <span class='ocr_line' id='line_1_52' title="bbox 0 0 1908 7348; baseline 0 0"><span class='ocrx_word' id='word_1_571' title='bbox 0 0 1908 7348; x_wconf 95' lang='lat' dir='ltr'><strong> </strong></span> 
     </span>
    </p>
   </div>
  </div>
 </body>
</html>
