3800 7350
334 1359 410 1427 lion
442 1359 508 1424 elie
541 1360 594 1424 est
621 1375 723 1424 ceuse
755 1357 914 1423 cretionis
947 1375 1042 1443 quum
1074 1356 1192 1424 cicero
1225 1376 1299 1442 pro
1331 1353 1368 1426 S.
1399 1355 1556 1429 ltoscio

249 1480 448 1547 Amerino
474 1480 596 1546 hebuit.
639 1478 745 1544 liuius
766 1495 895 1565 quoque
916 1480 1067 1546 recensio
1087 1498 1129 1546 ex
1145 1478 1316 1547 codicibus
1337 1481 1471 1548 soeculo
1494 1480 1557 1549 de·

248 1621 333 1669 mum
363 1601 430 1669 XV
461 1604 597 1687 scriptis
626 1600 809 1687 repetende
837 1606 905 1690 est,
937 1599 997 1667 scd
1028 1600 1092 1668 boc
1122 1602 1262 1667 interest
1290 1603 1378 1669 inter
1406 1601 1492 1670 benc
1522 1607 1557 1668 et

249 1722 496 1812 concliorum,
529 1721 615 1809 quoe
644 1726 676 1787 n
704 1725 762 1788 iiia
791 1723 867 1808 quid
897 1738 1026 1808 quoque
1055 1724 1128 1789 loeo
1155 1707 1188 1787 in
1210 1724 1378 1791 codicibus
1398 1724 1556 1810 scriptun

249 1850 340 1912 esset
370 1848 432 1913 iem
465 1861 508 1911 ex
537 1849 700 1931 epperotu
728 1842 919 1910 Kellerisno
947 1849 1061 1909 notum
1093 1849 1181 1929 eret,
1212 1844 1401 1911 Roscieuee
1431 1847 1558 1933 aliquot

249 1968 435 2054 seripturee
462 1966 570 2034 edbuc
595 1967 771 2051 neglectae
791 1966 979 2052 iscuerent,
1007 1985 1079 2033 cum
1101 1966 1266 2051 prioribus
1286 1965 1469 2033 editoribus
1490 1979 1558 2033 nom

249 2092 487 2176 suppetiissent
514 2088 577 2154 uisi
608 2089 725 2172 copiae
756 2084 967 2153 oxonienses
988 2090 1023 2153 et
1054 2087 1215 2153 lectiones
1236 2106 1257 2154 e
1278 2085 1493 2154 Steinmeteto
1515 2105 1557 2154 ex

250 2212 411 2279 Perlsinis
432 2214 623 2295 excerptae.
658 2210 745 2275 lliuc
767 2209 890 2275 tectum
913 2213 964 2274 est
986 2211 1023 2273 ut
1045 2225 1112 2274 uon
1132 2210 1204 2275 sine
1225 2210 1334 2295 ulique
1356 2209 1468 2278 tructu
1488 2214 1559 2277 tr'es

249 2334 384 2400 codices
413 2334 551 2419 primum
575 2330 822 2415 adhiberemus,
849 2329 892 2396 ud
922 2349 1005 2416 quos
1032 2330 1215 2397 secedebat
1240 2335 1422 2417 epperetus
1441 2334 1559 2421 bege-

249 2455 469 2521 mersinienns
495 2473 517 2519 u
544 2452 724 2520 Niebuhrio
751 2450 793 2518 ud
827 2446 873 2530 §S
896 2449 1040 2518 1-2c
1067 2450 1263 2537 descriptus.
1311 2452 1398 2519 iliud
1429 2461 1558 2540 quoque

249 2580 349 2643 entes
370 2578 519 2665 ignotum
542 2578 629 2660 eret,
651 2576 748 2639 etiem
770 2572 856 2639 benc
878 2575 1058 2639 cretionem
1081 2577 1115 2638 et
1137 2574 1224 2639 illem
1245 2592 1340 2660 quem
1357 2571 1475 2642 Cicero
1497 2587 1558 2659 pro

249 2694 394 2764 morene
415 2695 530 2763 bubuli
550 2715 572 2761 e
592 2695 724 2785 Poggio
747 2699 911 2781 tempore,
940 2714 1005 2781 quo
1034 2697 1175 2762 concilio
1204 2695 1420 2763 consentiae
1444 2696 1558 2763 lieblto

249 2821 426 2905 intereret,
456 2814 544 2901 upud
572 2814 689 2885 (telios
716 2819 880 2901 repertum
911 2819 946 2880 et
972 2814 1014 2880 ed
1043 2817 1222 2902 populures
1247 2837 1328 2883 suos
1355 2820 1558 2903 reportasse

249 2955 339 3027 esee,
360 2943 398 3005 ut
419 2941 563 3005 testetur
586 2935 722 3005 Gueriui
745 2936 948 3002 Veronensis
969 2935 1017 3008 (v.
1039 2958 1072 3023 p.
1085 2933 1138 3003 66
1161 2938 1211 3004 ed.
1224 2937 1374 3014 nostree)
1394 2941 1429 3005 in
1450 2949 1560 3025 expu-

249 3062 370 3127 eitioue
391 3060 566 3142 cretionis,
590 3076 674 3145 quse
696 3060 819 3147 legitur
839 3059 872 3122 in
888 3056 1217 3142 convenissetis,
1238 3059 1327 3146 quod
1341 3062 1559 3128 testimonium

249 3181 447 3250 'l'lreodorus
464 3180 702 3247 Mommsenius
724 3181 846 3264 primus
860 3181 893 3244 in
908 3181 1013 3246 lucem
1027 3181 1175 3265 protulit.
1203 3180 1366 3269 Reliquus
1380 3184 1560 3267 erutiones,

249 3322 331 3390 ques
362 3323 384 3369 e
411 3302 544 3393 Poggio
576 3308 644 3367 tum
674 3301 809 3386 primum
840 3303 873 3365 in
903 3303 1112 3368 monasteriis
1139 3301 1278 3371 Gallicis
1298 3306 1333 3371 et
1354 3303 1560 3373 Germanicis

248 3427 403 3493 inventes
430 3416 509 3491 esse
535 3426 597 3489 iem
629 3424 720 3504 prius
749 3423 941 3506 constebut,
969 3427 1047 3490 suut
1074 3423 1154 3490 bec:
1183 3445 1229 3491 or.
1251 3445 1312 3512 pro
1333 3423 1497 3515 Caecius,
1524 3427 1559 3491 in

247 3547 380 3614 Rullum
401 3546 436 3631 Ι,
457 3545 511 3629 ΙΙ,
531 3544 601 3627 ΙΙΙ,
631 3545 664 3608 in
686 3543 857 3629 Pisonem,
888 3565 948 3629 pro
970 3545 1108 3613 Rebirlo
1131 3545 1306 3630 Postumo,
1337 3567 1398 3633 pro
1420 3548 1558 3614 Rebirio

248 3668 483 3756 perduellionis
511 3686 586 3751 reo,
616 3686 676 3752 pro
706 3664 832 3733 Roscio
861 3666 1037 3734 Comoedo.
1077 3667 1323 3736 interciderunt
1350 3671 1385 3736 in
1407 3669 1558 3755 exemplo

246 3792 321 3876 illo,
347 3790 436 3878 quod
457 3789 608 3880 Poggius
636 3791 826 3874 inveneret,
854 3790 981 3875 eliquot
1009 3791 1105 3878 iolie,
1134 3810 1199 3877 quo
1221 3789 1339 3857 demno
1361 3792 1485 3858 suctum
1507 3793 1560 3857 eet

247 3915 283 3978 nt
310 3911 411 3978 hodie
439 3913 600 3978 untionis
627 3930 689 3996 pro
717 3911 805 3977 lieb-
834 3910 925 3995 perd.
952 3929 1012 3977 reo
1041 3930 1108 3976 non
1136 3911 1315 3978 bebeemus
1341 3913 1405 3978 nisi
1431 3916 1557 3998 pertem

247 4034 406 4120 priorem,
427 4033 615 4100 Roseienee
635 4036 745 4098 eutem
769 4034 896 4098 mutum
922 4036 1150 4118 posteriorem.
1185 4030 1351 4106 (Omnium
1374 4035 1558 4100 oretlonunr

247 4156 471 4223 'lullienerum
498 4172 519 4220 e
547 4153 678 4244 Poggio
700 4158 907 4240 repertorum
927 4156 1083 4245 syllogen
1105 4155 1300 4222 nitidissime
1321 4156 1497 4243 scriptum,
1524 4156 1559 4220 ln

247 4296 313 4364 que
334 4278 504 4345 oredcues
531 4295 562 4362 p.
582 4274 728 4345 Morene
749 4279 784 4342 et
810 4292 843 4362 pr
863 4275 988 4344 Roscio
1010 4274 1169 4343 Amerino
1191 4280 1322 4344 ceteres
1343 4275 1562 4363 praecedunt,

247 4400 478 4485 conplectitur
498 4398 571 4465 cod.
590 4398 834 4466 Ambrosianus
855 4397 947 4465 Pert.
967 4394 1161 4484 sapeco
1184 4401 1315 4466 membr.
1336 4399 1401 4466 ioli
1432 4418 1454 4465 e
1474 4398 1559 4465 liei-

246 4525 321 4590 tcro
341 4521 394 4589 bis
415 4521 498 4607 ipsis
517 4518 634 4587 diebus
656 4519 853 4606 inspectus.)

329 4705 401 4779 Sed
421 4710 461 4776 ut
481 4698 533 4774 ed¹
545 4707 648 4793 henc,
668 4709 764 4776 cuius
785 4706 881 4776 modo
902 4709 1099 4775 mentionem
1120 4709 1306 4794 intedimus,
1327 4727 1422 4796 quem
1440 4709 1557 4776 cicero
1664 4711 1673 4736 ⁰

245 4830 361 4901 hebuit
380 4849 456 4918 pro
478 4830 637 4897 Roscio
659 4824 878 4915 comoedo,
900 4833 1120 4919 trenseemus,
1140 4832 1225 4898 mule
1239 4849 1310 4896 eum
1325 4829 1468 4897 bebitem
1484 4848 1559 4897 esse

245 4953 400 5022 inlibris
429 4952 665 5038 superstitibus
695 4953 778 5019 setis
807 4956 959 5040 constet,
991 4954 1026 5017 in
1056 4956 1173 5018 nostre
1203 4951 1348 5020 editione
1379 4970 1423 5018 ex
1452 4953 1558 5017 tribus

246 5073 416 5144 codicibus
444 5075 544 5141 eutes
569 5072 713 5140 nondum
743 5075 874 5141 collutis
895 5074 1013 5141 sultem
1034 5078 1192 5141 eccurute
1213 5076 1453 5165 cognoscetur,
1481 5071 1559 5160 quid

246 5214 377 5284 quoque
396 5196 472 5263 loco
492 5196 568 5263 libri
590 5198 748 5282 scriptum
769 5195 930 5278 liebeent,
951 5197 1201 5283 coniunctisque
1222 5195 1430 5263 Mommseuii
1452 5196 1559 5259 nostri

244 5317 365 5386 etndlis
392 5319 426 5384 in
455 5318 580 5405 aliquot
605 5320 698 5384 certe
723 5317 808 5386 lecte
830 5320 936 5384 cretio
957 5317 1088 5385 fecilior
1108 5315 1152 5383 ud
1172 5316 1348 5408 legendum
1370 5316 1461 5401 iectu
1483 5332 1558 5382 esse

245 5439 425 5510 videbitur.
833 5460 836 5465 ·

329 5616 378 5687 Ut
401 5618 612 5687 cretionis
631 5639 706 5707 pro
728 5617 930 5688 bl.'l¹ullio
952 5617 1157 5706 iregmeute,
1179 5614 1559 5703 udquemneqeenove

246 5759 291 5809 ex
311 5737 484 5811 condius
503 5740 625 5812 edem
643 5760 752 5830 neque
772 5759 854 5810 cure
873 5739 1054 5809 Kloteiune
1073 5739 1256 5807 novissime
1275 5739 1363 5806 deut
1382 5738 1417 5802 in
1437 5734 1560 5803 ceteris
