3800 7350
301 1181 383 1254 lieo
646 1191 799 1258 ennato
821 1193 899 1259 PRO
922 1195 958 1257 T.
979 1195 1105 1259 altitio
1127 1195 1283 1261 MILONE

300 1354 351 1421 94.
374 1361 414 1424 Et
441 1370 515 1424 sunt
541 1362 595 1443 qui
625 1361 664 1424 de
690 1362 742 1425 via
763 1363 865 1445 Appia
887 1370 1075 1445 querantur,
1106 1371 1233 1427 taceant
1253 1362 1293 1425 de
1315 1363 1421 1426 curia!
1455 1365 1567 1448 etqui
1590 1365 1633 1428 ab

300 1473 339 1517 eo
362 1455 499 1536 spirante
521 1454 624 1518 lorum
647 1463 760 1538 putent
781 1456 921 1538 potuisse
945 1456 1088 1531 delendi,
1111 1457 1202 1519 cuius
1224 1476 1289 1519 non
1311 1456 1462 1519 restiterit
1482 1457 1634 1521 cadaveri

300 1547 407 1609 curial
439 1548 601 1623 Excitate,
629 1550 764 1612 excitate
786 1550 908 1631 ipsum,
939 1551 965 1612 si
987 1551 1136 1632 potestis,
1163 1551 1344 1613 amortuis.
1388 1550 1550 1631 l'raogetis
1572 1552 1635 1614 im·

299 1645 407 1720 petum
436 1641 512 1716 vivi,
541 1643 630 1705 cuius
658 1643 714 1705 vix
744 1643 906 1705 sustinetis
927 1641 1028 1705 furias
1050 1643 1222 1727 insepulti?
1253 1643 1315 1705 nisi
1337 1662 1412 1705 vero
1434 1644 1634 1707 sustinuistis

277 1742 372 1803 teos,
401 1732 455 1814 qui
483 1754 553 1797 cum
574 1734 696 1798 facibus
718 1733 757 1797 ad
780 1736 899 1797 curiam
921 1744 1142 1810 cucurrerunt,
1171 1756 1240 1800 cum
1262 1735 1396 1799 falcibus
1417 1737 1457 1799 ad
1481 1737 1634 1810 Castoris,

301 1845 372 1886 cum
395 1826 509 1907 gladiis
532 1835 599 1891 toto
615 1828 683 1891 foro
700 1827 882 1890 volitarunt.
919 1828 1015 1891 Caedi
1030 1829 1155 1893 vidistis
1170 1830 1323 1914 populum
1339 1831 1531 1904 Romanum,
1554 1848 1635 1892 con·

300 1918 418 1981 tionem
447 1921 561 2002 gladiis
588 1920 775 1994 disturbari,
806 1941 876 1984 cum
904 1922 1067 1984 audiretur
1096 1923 1224 1986 silentio
1245 1924 1287 1984 M.
1311 1921 1452 1995 Caelius,
1483 1922 1633 1983 tribunus

299 2010 358 2094 pl.,
381 2014 429 2075 vir
449 2022 482 2077 et
503 2015 536 2077 in
558 2036 592 2078 re
621 2015 748 2098 publica
769 2014 958 2078 fortissimus
981 2022 1014 2076 et
1036 2015 1068 2077 in
1091 2024 1237 2098 suscepta
1260 2035 1356 2079 causa
1378 2011 1576 2076 firmissimus
1600 2020 1633 2076 et

299 2103 454 2170 bonorum
481 2110 636 2172 voluntati
665 2116 698 2172 et
724 2108 903 2172 auctoritati
934 2117 1063 2172 senatus
1086 2110 1210 2172 deditus
1233 2117 1264 2171 et
1285 2110 1318 2171 in
1338 2109 1399 2171 bac
1413 2106 1542 2171 Milonis
1564 2106 1632 2169 sive

264 2196 419 2262 ttinridia
441 2202 508 2264 sive
529 2203 657 2266 fortuna
678 2202 828 2284 singulari
853 2201 960 2265 divina
982 2210 1014 2265 et
1036 2202 1213 2266 incredibili
1235 2201 1308 2265 fide.

385 2294 532 2360 XXXIV.
554 2292 606 2357 92.
629 2293 692 2358 Sed
721 2295 783 2357 iam
813 2294 890 2357 satis
921 2296 1020 2359 multa
1050 2295 1088 2358 de
1117 2316 1227 2369 causa,
1261 2303 1350 2359 extra
1379 2316 1505 2360 causam
1536 2296 1631 2359 etiam

300 2386 394 2450 nimis
415 2387 550 2452 sortasse
573 2389 679 2451 multa.
717 2386 804 2462 Quid
826 2395 926 2451 restat
948 2388 1011 2451 nisi
1033 2397 1067 2451 ut
1091 2409 1177 2452 orem
1192 2390 1396 2472 obtesterque
1411 2411 1477 2465 vos,
1498 2390 1631 2462 iudices,

300 2488 337 2543 ut
358 2500 428 2543 eam
451 2481 699 2545 misericordiam
720 2481 866 2545 tribuatis
888 2479 1061 2543 fortissimo
1083 2482 1169 2554 viro,
1192 2500 1287 2564 quam
1309 2484 1377 2564 ipse
1392 2502 1455 2545 non
1470 2483 1632 2565 implorat,

301 2593 360 2655 ego
390 2576 483 2638 etiam
513 2582 710 2660 repugnante
731 2575 791 2639 boo
813 2583 845 2638 et
867 2574 1002 2657 imploro
1025 2583 1057 2638 et
1079 2578 1240 2657 exposco?
1270 2575 1393 2649 Nolite,
1416 2578 1443 2638 si
1466 2578 1499 2639 in
1520 2583 1632 2640 nostro

265 2668 442 2729 ttomnium
471 2669 548 2731 ssetu
576 2669 695 2732 nullam
724 2667 885 2731 lacrimam
915 2668 1108 2751 adspexistis
1135 2667 1279 2741 Milonis,
1314 2668 1340 2730 si
1363 2668 1483 2731 vultum
1506 2688 1634 2752 semper

301 2760 454 2835 eundem,
476 2762 503 2824 si
525 2782 653 2837 vocem,
683 2762 710 2825 si
732 2763 906 2826 orationem
929 2761 1074 2823 stabilem
1096 2781 1133 2823 ac
1155 2779 1221 2822 nou
1243 2768 1392 2823 mutatam
1414 2760 1547 2835 videtis,
1569 2760 1632 2824 hoa

302 2853 407 2916 minus
439 2854 468 2917 ei
500 2875 651 2938 parcere:
683 2855 770 2920 baud
801 2855 868 2918 scio
897 2874 936 2917 an
968 2853 1067 2917 multo
1096 2854 1138 2916 sit
1167 2853 1262 2916 etiam
1289 2852 1490 2916 adiuvandus
1519 2853 1631 2936 magis.

300 2946 425 3009 Etenim
457 2949 484 3011 si
512 2948 546 3011 in
574 2947 770 3029 gladiatoriis
792 2949 907 3029 pugnis
934 2954 966 3009 et
992 2943 1090 3010 inlimi
1114 2946 1238 3030 generis
1260 2946 1424 3010 bominum
1447 2946 1632 3010 conditione

301 3046 397 3121 atque
418 3039 545 3103 fortuna
559 3042 687 3105 timidos
701 3049 797 3124 atque
813 3041 971 3122 supplices
986 3047 1018 3102 et
1040 3047 1076 3102 ut
1090 3040 1195 3104 vivere
1211 3039 1305 3102 liceat
1318 3040 1519 3103 obsecrantes
1536 3040 1631 3103 etiam

264 3131 408 3195 toedisse
430 3133 578 3206 solemus,
599 3132 695 3196 fortes
717 3143 814 3217 atque
835 3136 993 3198 animosos
1010 3141 1041 3196 et
1063 3154 1097 3196 se
1112 3134 1226 3195 acriter
1246 3133 1333 3215 ipsos
1354 3132 1444 3196 morti
1460 3133 1631 3195 ollerentes

303 3244 428 3288 serrare
456 3228 616 3309 cupimus,
644 3247 818 3310 eorumque
840 3248 899 3290 nos
921 3229 1020 3309 magis
1043 3228 1187 3300 miseret,
1216 3227 1271 3309 qui
1293 3233 1433 3289 nostram
1455 3225 1632 3290 miseridor-

305 3318 389 3382 diam
417 3339 481 3382 non
509 3319 693 3403 requirunt,
724 3341 819 3402 quam
842 3321 897 3403 qui
920 3321 1007 3383 illam
1030 3318 1215 3402 efflagitant,
1249 3329 1367 3402 quanto
1389 3320 1451 3381 boo
1474 3320 1574 3401 magis
1596 3321 1630 3382 in

303 3412 482 3476 fortissimis
503 3412 623 3475 civibus
644 3413 747 3477 iacere
770 3412 937 3476 debemusl
973 3411 1024 3476 93.
1046 3416 1098 3476 Me
1120 3413 1266 3495 quidem,
1288 3412 1426 3487 iudices,
1448 3414 1632 3477 exanimant

303 3515 335 3570 et
356 3506 540 3570 interimunt
561 3506 621 3569 bae
641 3526 735 3571 voces
757 3507 900 3581 Milonis,
923 3528 1002 3590 quas
1024 3507 1121 3569 audio
1143 3506 1270 3568 assidue
1293 3513 1325 3568 et
1340 3506 1455 3588 quibus
1476 3508 1631 3570 intersum

264 3597 457 3683 itquotidie.
492 3600 658 3673 «Valeant,
687 3602 805 3684 inquit,
827 3601 954 3664 valeant
975 3602 1059 3664 cives
1082 3601 1160 3674 mei;
1190 3601 1253 3663 sint
1274 3599 1466 3674 incolumes,
1489 3601 1553 3663 sint
1573 3596 1632 3661 llo·

302 3701 422 3771 rentes,
454 3694 516 3757 sint
543 3695 648 3770 beati3
681 3703 743 3758 stet
768 3695 847 3758 baec
878 3695 953 3757 urbs
981 3695 1143 3778 praeclara
1170 3694 1312 3775 mihique
1337 3694 1439 3776 patria
1460 3692 1633 3766 carissima,

304 3787 551 3870 quoquomodo
573 3788 633 3851 erit
654 3789 765 3852 merita
787 3788 827 3851 de
848 3808 916 3864 me;
944 3788 1114 3872 tranquilla
1136 3807 1170 3849 re
1192 3786 1320 3868 publica
1341 3785 1405 3849 mei
1427 3786 1529 3859 cives,
1552 3804 1633 3866 quo·

302 3881 388 3943 niam
410 3881 486 3944 mihi
508 3900 579 3944 eum
601 3880 664 3943 illis
686 3900 751 3944 non
773 3880 860 3956 licet,
884 3881 953 3944 sine
973 3902 1023 3944 me
1038 3880 1118 3963 ipsi,
1140 3877 1196 3942 sed
1211 3886 1338 3963 propter
1353 3897 1403 3941 me
1419 3885 1536 3951 tamem
1558 3897 1632 3961 per·

302 3972 462 4036 fruantur:
492 3993 551 4055 ego
581 3972 691 4036 cedam
719 3981 813 4057 atque
841 3973 945 4037 abibo.
982 3973 1014 4035 Si
1041 3973 1118 4035 mibi
1147 3972 1231 4033 bona
1259 3991 1293 4033 re
1322 3971 1451 4053 publica
1481 3971 1543 4034 lrui
1565 3990 1632 4033 non

266 4073 294 4122 ³⁰
304 4066 442 4140 licuerit,
475 4075 507 4131 at
537 4066 651 4130 carebo
682 4067 782 4141 mala,
818 4075 851 4131 et
873 4086 969 4150 quam
998 4067 1135 4149 primum
1164 4067 1297 4146 tetigero
1323 4066 1404 4127 bene
1426 4072 1577 4127 moratam
1601 4071 1634 4125 et

303 4159 432 4223 liberam
454 4160 628 4234 civitatem,
655 4161 749 4223 inea
772 4160 1005 4241 conquiescam.
1048 4155 1099 4220 94.
1121 4157 1148 4220 0
1171 4157 1304 4220 frustras
1333 4158 1436 4241 inquit
1460 4156 1556 4219 «mihi
1579 4177 1634 4219 su-

304 4253 402 4334 scepti
430 4252 613 4317 laboreslo
645 4273 717 4337 spes
745 4252 874 4317 fallaces
903 4260 935 4315 et
965 4252 1172 4334 cogitationes
1201 4251 1311 4313 inanes
1334 4250 1441 4313 meael
1469 4250 1537 4331 Ego
1560 4270 1632 4312 cum

303 4345 446 4410 tribunus
468 4346 512 4428 pl.
533 4366 568 4409 re
589 4346 717 4430 publica
738 4365 892 4428 oppressa
914 4365 964 4407 me
986 4344 1110 4408 senatui
1131 4342 1305 4417 dedissem,
1330 4363 1426 4426 quem
1441 4342 1634 4405 exstinctum

1525 4545 1628 4559 ——1-

372 4681 394 4730 4.
412 4679 475 4741 apia
491 4680 511 4728 Τ
524 4705 551 4717 -
569 4679 595 4729 2.
609 4679 728 4742 potuisse]
742 4678 827 4741 potins
842 4678 898 4727 seT
912 4704 939 4714 -
957 4679 1094 4728 restituent
1105 4679 1125 4727 T
1138 4703 1165 4713 -
1184 4678 1209 4726 2.
1222 4677 1333 4727 cadauer
1349 4678 1376 4726 in
1391 4677 1465 4726 444444
1475 4678 1518 4727 TE
1531 4704 1559 4713 -
1579 4679 1604 4729 3.
1618 4698 1636 4730 a

302 4754 407 4805 44444444
423 4754 489 4804 TE:
506 4752 539 4802 ab
555 4754 642 4816 inseris
658 4754 703 4803 80
717 4780 744 4790 -
763 4753 788 4803 5.
806 4752 912 4815 falcibus
927 4753 962 4801 S:
980 4751 1151 4815 [44444444ΤΕ;
1168 4751 1276 4814 faciem
1291 4750 1442 4801 Lambinus.
1457 4778 1485 4787 -
1503 4752 1528 4801 6.
1546 4753 1636 4815 plodite

302 4830 367 4878 Τ-
391 4829 415 4878 9.
434 4832 458 4878 44
473 4830 534 4877 ente
552 4833 620 4878 auct.
639 4841 693 4878 om.
712 4828 732 4878 E
753 4856 779 4865 -
798 4828 962 4878 4444444444444
979 4825 1130 4876 Lambinus.
1151 4852 1179 4861 -
1199 4826 1240 4876 40.
1258 4825 1391 4888 sinaeum]
1408 4825 1461 4876 siae
1477 4839 1494 4874 a
1510 4827 1636 4890 4444444444

304 4902 323 4951 E
344 4929 371 4939 -
400 4903 440 4951 44.
461 4915 534 4953 ...so
555 4908 631 4952 extra
645 4907 884 4965 causam·-nepat
900 4901 965 4951 enim
981 4905 1057 4963 nepot
1073 4903 1108 4964 (p.
1129 4900 1202 4959 4484,
1221 4898 1262 4959 40)
1279 4898 1437 4949 hobetP-
1457 4899 1497 4948 ti.
1515 4900 1635 4951 obtestor-

303 4989 350 5037 oue
366 4977 386 5025 T
404 5003 432 5014 -
451 4976 491 5025 46.
509 4977 634 5027 rationem
649 4977 670 5026 T
690 5002 718 5012 —
745 4975 785 5024 st.
803 4976 864 5025 bassi
880 4976 900 5025 E
918 5000 946 5010 —
965 4975 997 5024 444
1012 4976 1088 5026 etiam
1104 4974 1262 5023 4444444444
1278 4975 1311 5023 Ρι
1337 4973 1414 5023 etiam
1429 4973 1590 5025 adiuuandus
1604 4977 1637 5026 sit

303 5053 337 5111 Τ;
357 5053 432 5102 etiam
448 5053 479 5102 sit
495 5052 653 5101 adiuvandus
668 5051 744 5100 ESO
757 5076 785 5086 -
806 5050 845 5100 48.
863 5050 1015 5114 gladiatam
1030 5051 1050 5099 T
1067 5076 1095 5085 -
1113 5048 1194 5111 infimi
1209 5048 1313 5098 PTES:
1331 5048 1357 5097 in
1373 5048 1453 5111 teani
1470 5049 1490 5097 0
1508 5073 1535 5085 -
1554 5051 1636 5100 bomi-

303 5139 364 5175 num
379 5127 439 5177 PS:
458 5127 568 5176 omniun
584 5126 632 5175 TE
650 5151 677 5161 -
694 5124 735 5174 49.
754 5129 830 5187 atone
845 5125 966 5188 4444444444
982 5127 1015 5175 P:
1033 5129 1056 5173 et
1072 5122 1193 5184 supplices
1208 5122 1312 5172 TESO
1325 5147 1353 5158 —
1372 5121 1522 5171 obsecrantis
1536 5123 1585 5173 TE
1606 5150 1634 5160 -

302 5200 344 5250 20.
361 5201 438 5264 444444
453 5206 476 5250 44
491 5201 615 5251 animosos
625 5226 663 5240 --
674 5212 725 5249 non
741 5200 873 5261 renuissent
888 5198 972 5249 hebet
988 5198 1067 5248 lulius
1083 5196 1242 5247 severianus
1259 5208 1285 5259 p.
1297 5193 1354 5246 344.
1369 5220 1396 5230 -
1410 5197 1483 5259 [ortis
1493 5197 1554 5246 T—
1570 5199 1637 5261 ipsos

303 5275 390 5325 PCS:
412 5274 459 5337 ipsi
475 5275 525 5324 TE
544 5299 571 5310 -
598 5274 640 5324 st.
659 5273 931 5323 seuariseverianus
948 5273 1010 5322 ets
1027 5296 1054 5306 -
1073 5270 1272 5321 misericordiam
1287 5273 1400 5319 44444444
1416 5270 1585 5322 Severianus.
1606 5299 1633 5309 -

303 5348 345 5398 25.
363 5349 451 5398 cotidie
466 5350 497 5409 T,
517 5348 616 5398 cottidie
631 5348 651 5396 E
670 5372 698 5383 -
725 5347 840 5407 Vabont,
863 5347 958 5408 inquit,
980 5345 1082 5395 4444444
1097 5346 1162 5394 cion
1176 5345 1226 5394 mei
1242 5344 1364 5394 PTES:
1385 5344 1501 5404 Valeant,
1519 5345 1634 5406 4444444,

303 5423 395 5484 inanit,
419 5422 484 5471 44444
506 5421 793 5471 44444444444410-
817 5420 1044 5485 4944441444444)
1069 5443 1096 5455 -
1124 5419 1166 5468 st.
1183 5417 1276 5467 merita
1296 5419 1327 5467 de
1346 5431 1385 5467 me
1405 5419 1453 5467 erit
1472 5419 1518 5467 TS
1537 5446 1565 5456 -
1586 5420 1636 5469 44444

303 5498 370 5547 ciues
385 5497 478 5547 PTE:
497 5497 561 5546 44444
575 5497 625 5546 mei
641 5497 687 5546 SO
707 5521 734 5532 -
752 5496 913 5558 eapropter
929 5494 1147 5556 PzperTESO
1167 5518 1194 5529 -
1213 5493 1254 5542 29.
1273 5490 1346 5542 adibo
1362 5494 1382 5542 T
1401 5520 1428 5530 -
1446 5491 1512 5541 bona
1527 5505 1580 5554 rep.
1600 5495 1635 5542 P:

303 5585 333 5621 44
350 5585 383 5632 .p.
402 5570 467 5620 bona
483 5571 546 5629 1303
564 5584 630 5633 resp.
648 5571 714 5620 bono
730 5570 776 5619 TS
796 5596 820 5607 -
842 5569 882 5620 39.
899 5569 1012 5632 puniunt
1027 5568 1104 5617 PTE
1115 5568 1148 5615 S:
1164 5567 1277 5628 primam
1294 5578 1355 5615 cum
1370 5566 1523 5616 Ernestioo
1538 5592 1564 5602 -
1583 5579 1637 5615 me-

304 5649 429 5695 moratam
445 5645 465 5694 Τ
483 5670 510 5680 -
530 5642 570 5694 34.
590 5645 771 5707 Osroene--
782 5644 870 5693 inanes
884 5654 955 5693 meae
971 5641 1048 5692 444444
1066 5639 1239 5700 Quintilianus
1250 5640 1299 5700 Vl,
1312 5639 1336 5699 4,
1349 5639 1390 5690 tt.
1409 5667 1435 5677 -
1455 5640 1515 5688 esini
1532 5644 1637 5703 suscepti

305 5720 337 5768 P:
354 5718 403 5767 nsei
419 5717 524 5780 nncepti
540 5718 586 5768 TE
603 5721 631 5768 et
641 5717 828 5778 Quintilianus;
846 5718 951 5779 suscepti
966 5717 1016 5766 mei
1027 5716 1070 5764 SO
1085 5738 1113 5749 —
1130 5715 1200 5765 aaa
1216 5713 1278 5778 spes]
1296 5726 1354 5776 opes
1370 5715 1431 5763 T-
1448 5714 1553 5778 44444444
1568 5722 1591 5766 44
1601 5717 1634 5765 P:

305 5837 422 5901 [44444444
440 5853 455 5887 o
471 5838 578 5889 TESO
596 5864 624 5875 -
643 5839 731 5890 inanes
746 5850 800 5888 om.
814 5837 834 5888 Ε
849 5863 876 5874 ·-
896 5836 936 5889 at.
950 5833 1040 5901 otissa
1056 5838 1117 5886 Τ-
1136 5792 1348 5898 adnuissetis
1364 5835 1392 5886 P.
