3800 7350
323 1139 407 1209 ⁴426
670 1143 714 1207 IN
736 1140 770 1207 C.
792 1141 1021 1207 sauusrluu
1041 1141 1305 1208 nemausum

323 1312 380 1397 qui
402 1323 527 1397 milatus
550 1306 710 1396 [armatos]
734 1319 766 1375 et
787 1331 866 1397 pace
886 1311 1007 1375 bellum
1029 1313 1199 1396 oppressi?
1230 1314 1280 1376 An
1301 1313 1382 1376 illud
1403 1316 1567 1379 mentitu,
1589 1332 1669 1377 ,um

321 1416 573 1482 fortunatam
601 1416 733 1471 natam
762 1426 820 1469 me
847 1407 1015 1471 consule
1043 1409 1216 1483 Romam,
1243 1409 1299 1492 qui
1320 1416 1443 1472 tantum
1465 1410 1666 1475 intestinum

320 1513 440 1577 bellum
462 1528 498 1572 ac
512 1503 719 1569 domesticum
739 1501 826 1564 urhis
847 1502 1028 1565 incendium
1043 1503 1206 1566 exstinxit
1237 1504 1292 1565 lll.
1313 1505 1424 1586 Neque
1443 1512 1475 1568 te
1489 1506 1539 1569 tui
1559 1505 1666 1587 piget,

320 1605 418 1670 h⁰ffl⁰
439 1600 607 1673 leiifflime,
630 1617 702 1673 ⁰⁰1¹}
724 1615 762 1659 0³
781 1596 901 1679 culpas,
926 1616 1008 1680 quae
1029 1598 1062 1659 in
1083 1596 1224 1661 historiis
1240 1598 1317 1661 mihi
1332 1599 1451 1681 gloriae
1466 1599 1583 1663 ducis?
1608 1599 1664 1661 A„

297 1703 444 1786 oturpius
466 1705 516 1761 est
537 1693 724 1759 scribentem
746 1691 871 1753 mentiri
887 1710 981 1774 quam
1004 1685 1117 1774 [illum]
1142 1691 1246 1774 palam
1267 1694 1300 1755 in
1322 1692 1384 1756 hoc
1406 1694 1519 1757 ordine
1544 1692 1664 1756 diren-

321 1800 404 1862 temt
431 1796 511 1856 Nam
533 1787 620 1873 quod
640 1789 674 1850 in
695 1793 830 1849 aetatem
852 1784 1056 1867 increpuisti,
1079 1791 1199 1847 tantum
1221 1806 1271 1849 me
1293 1786 1406 1850 ahesse
1428 1796 1507 1871 puto
1530 1787 1573 1851 ab
1597 1787 1661 1850 im.

319 1889 485 1978 pudicitia,
507 1889 660 1969 quantum
681 1888 712 1943 te
734 1899 753 1942 a
775 1878 939 1962 pudicitia.
982 1876 1012 1941 8.
1036 1877 1100 1941 Sed
1115 1880 1193 1963 quid
1208 1901 1268 1964 eqo
1289 1880 1329 1944 de
1352 1890 1383 1945 te
1405 1884 1496 1967 plum
1512 1884 1660 1967 quem?

320 1985 396 2070 quid
425 1983 510 2046 enim
535 1975 661 2043 mentiri
690 1982 781 2057 turpe
804 1971 911 2049 ducis,
939 1974 995 2056 qui
1024 1972 1102 2036 mihi
1124 1993 1220 2037 ausus
1242 1975 1286 2038 sis
1309 1976 1524 2060 eloquentiam
1546 1982 1587 2039 ut
1609 1975 1659 2039 ri-

319 2080 398 2143 tium
420 2077 574 2148 obiicere,
597 2072 688 2134 euius
710 2087 836 2151 semper
856 2087 977 2131 nocens
1000 2067 1113 2149 eguisti
1136 2069 1338 2149 patrocinio?
1360 2090 1400 2133 an
1421 2071 1524 2135 ullum
1540 2071 1658 2135 existi-

281 2188 386 2238 tomas
413 2190 508 2255 posse
536 2163 607 2229 lieri
633 2164 735 2227 civem
763 2162 939 2243 egregium,
970 2163 1025 2245 qui
1053 2181 1116 2224 non
1138 2161 1188 2224 his
1211 2162 1331 2225 artibus
1354 2170 1386 2227 et
1407 2165 1587 2249 disciplinis
1612 2166 1656 2228 sis

317 2266 482 2333 eruditus?
503 2282 546 2325 an
566 2260 632 2322 ulla
653 2257 715 2320 alia
735 2261 828 2338 putas
850 2274 921 2317 esse
941 2255 1121 2317 rudimenta
1143 2261 1175 2317 et
1199 2256 1391 2320 incunabula
1411 2258 1553 2335 virtutis,
1577 2258 1655 2343 qui.

316 2363 377 2426 hus
399 2358 495 2424 animi
516 2356 557 2419 ad
579 2352 697 2438 gloriae
719 2350 926 2432 cupiditatem
947 2348 1099 2411 aluntur?
1129 2347 1192 2411 Sed
1214 2350 1345 2413 minime
1367 2352 1481 2414 mimm
1503 2360 1570 2427 est,
1594 2373 1654 2436 pa.

316 2466 380 2521 tres
409 2450 593 2532 conscripti,
623 2448 649 2509 si
674 2443 782 2518 homo,
813 2443 869 2527 qui
897 2442 1039 2505 desidiae
1061 2461 1099 2506 ac
1126 2442 1270 2506 luxuriae
1291 2446 1405 2528 plenus
1427 2447 1483 2521 sit,
1509 2446 1593 2510 haec
1615 2454 1652 2510 ut

316 2570 399 2615 nova
427 2555 524 2630 atque
546 2540 696 2604 inusitata
717 2537 858 2599 miratur.
902 2533 932 2598 9.
955 2537 1033 2599 Nam
1056 2536 1142 2620 quod
1170 2537 1233 2600 ista
1259 2538 1410 2602 inusitata
1437 2540 1527 2603 rahie
1554 2548 1652 2623 petu-

279 2644 417 2709 tolanter
437 2644 470 2705 in
492 2656 625 2702 uxorem
647 2641 680 2696 et
700 2633 734 2695 in
754 2627 850 2694 liliam
871 2651 975 2694 meam
996 2631 1154 2706 invasisti,
1185 2652 1268 2715 quae
1289 2631 1413 2697 facilius
1435 2634 1590 2698 mulieres
1613 2655 1650 2698 ,θ

315 2760 334 2803 a
355 2737 432 2803 viris
460 2734 678 2798 abstinuerunt
706 2745 802 2810 quam
829 2733 863 2787 tu
891 2725 940 2788 rir
962 2744 981 2787 a
1002 2724 1095 2798 viris,
1125 2725 1200 2788 satis
1223 2725 1315 2789 docte
1336 2746 1373 2790 ae
1399 2730 1499 2812 perita
1521 2729 1649 2793 fecigfig

314 2830 488 2898 nonenim
510 2848 560 2890 me
582 2822 716 2908 sperasti
737 2826 878 2884 mutuam
900 2820 957 2882 tihi
979 2820 1110 2902 qratiam
1131 2820 1323 2895 relaturum,
1354 2830 1390 2885 ut
1411 2822 1547 2886 vicissim
1571 2829 1648 2886 tuos

314 2925 555 3010 compellarem3
588 2938 671 2983 unus
703 2917 789 2980 enim
818 2936 852 2978 es
882 2913 959 2977 satis
988 2915 1138 2977 materiae
1167 2913 1305 2989 hahens,
1337 2935 1442 2998 neque
1471 2916 1648 3000 quiequam

313 3022 399 3086 domi
427 3025 500 3082 tuae
529 3014 653 3097 turpius
682 3018 730 3074 est
759 3028 854 3093 quam
876 3016 921 3071 tu.
957 3008 1090 3071 hlultum
1113 3015 1162 3083 te,
1196 3009 1327 3091 opinor,
1359 3007 1454 3084 fallit,
1484 3011 1541 3093 qui
1565 3009 1647 3073 mihi

274 3127 424 3201 ”parare
446 3109 563 3196 putasti
585 3106 736 3170 invidiam
759 3124 800 3167 ex
822 3121 892 3165 mea
912 3121 947 3164 re
969 3100 1135 3177 familiari,
1158 3122 1240 3187 quae
1261 3103 1340 3166 mihi
1355 3102 1456 3166 multo
1472 3104 1580 3167 minor
1595 3110 1648 3167 031

312 3231 410 3298 quam
430 3206 548 3270 hahere
571 3201 685 3283 dignus
707 3218 788 3261 sum.
823 3198 928 3279 Atque
950 3196 1071 3258 utinam
1092 3215 1133 3259 ne
1149 3204 1235 3260 taum
1250 3197 1381 3281 quidem
1396 3204 1497 3273 esset,
1521 3205 1647 3282 quanta

311 3305 377 3372 estl
398 3308 434 3365 ut
454 3297 563 3383 potius
585 3291 678 3356 amici
698 3291 762 3353 mei
776 3289 933 3365 viverent,
956 3309 1052 3374 quam
1072 3310 1132 3373 ego
1154 3293 1349 3354 testamentis
1364 3310 1475 3355 eorum
1497 3291 1645 3375 loeuple-

309 3403 372 3466 tior
394 3416 507 3463 essem.
550 3385 601 3452 iil.
623 3389 690 3470 Ego
711 3384 823 3467 fugax,
847 3384 881 3446 C.
904 3383 1045 3448 Salustii
1076 3381 1176 3449 furori
1197 3386 1317 3449 trihuni
1338 3386 1381 3470 pl.
1404 3386 1504 3462 cessi,
1526 3387 1644 3450 utilius

310 3493 388 3558 duri
416 3485 560 3573 wumvis
585 3481 744 3545 fortunam
770 3498 854 3542 unus
883 3478 1022 3561 experiri
1053 3498 1148 3562 quam
1176 3480 1324 3543 universo
1352 3480 1474 3565 populo
1496 3481 1643 3543 Romano

269 3586 414 3653 secivitis
436 3602 506 3647 esse
528 3575 736 3642 dissensionis
758 3592 871 3668 causq:
893 3572 968 3656 qui,
990 3579 1197 3657 posteaquam
1220 3574 1274 3637 ille
1296 3594 1388 3637 suum
1407 3593 1526 3637 annum
1548 3573 1584 3636 in
1605 3593 1642 3636 re

307 3682 436 3767 publiea
456 3670 684 3762 perbacchatus
706 3677 754 3733 est
775 3668 961 3752 omniaque,
984 3687 1066 3752 quae
1089 3677 1316 3744 commoverat,
1346 3689 1423 3754 pace
1446 3675 1479 3733 et
1501 3668 1568 3732 otio
1590 3688 1643 3732 re·

307 3775 474 3848 sederunt,
501 3769 564 3832 hoc
591 3765 702 3830 ordine
730 3768 899 3826 revocante
921 3768 1017 3844 atque
1039 3762 1109 3843 ipsa
1129 3781 1163 3825 re
1186 3762 1314 3845 puhlica
1334 3783 1430 3828 manu
1452 3762 1639 3828 retrahente

306 3891 356 3934 me
377 3865 504 3931 reverti.
541 3862 605 3938 Qui
627 3860 704 3924 mihi
726 3857 811 3931 dies,
832 3856 859 3919 si
882 3876 954 3920 cum
976 3856 1062 3919 omni
1083 3857 1209 3940 reliqua
1222 3857 1286 3921 vita
1305 3856 1504 3935 conferatur,
1527 3859 1639 3922 animo

305 3962 436 4048 quidem
457 3977 529 4023 meo
552 3959 695 4039 superet,
726 3971 798 4015 cum
823 3948 964 4012 universi
986 3969 1044 4012 vos
1071 3951 1276 4034 populusque
1297 3951 1458 4016 Romanus
1481 3952 1637 4038 frequens

266 4055 443 4119 eadventu
470 4071 543 4115 meo
573 4047 746 4133 gratulatus
774 4051 837 4107 est:
867 4045 946 4107 tanti
973 4064 1023 4108 me
1051 4042 1214 4128 fugacem,
1248 4047 1501 4111 mercennarium
1528 4054 1639 4130 patro-

303 4170 392 4224 num,
408 4147 443 4210 hi
467 4145 720 4208 aestimaverunt
751 4140 805 4202 lv.
821 4132 871 4201 ll.
886 4140 996 4221 Neque
1017 4139 1146 4203 hercule
1168 4140 1283 4203 mirum
1305 4149 1367 4217 est,
1391 4143 1418 4206 si
1434 4162 1493 4226 ego
1510 4161 1640 4226 semper

303 4245 401 4308 iustas
432 4238 574 4304 omnium
601 4235 756 4301 amicitias
785 4233 981 4297 existimavi:
1010 4254 1075 4297 non
1104 4235 1189 4298 enim
1210 4236 1266 4299 uni
1298 4237 1446 4319 privatim
1468 4237 1639 4301 ancillatur

368 4505 393 4555 4.
411 4506 509 4567 wantos
525 4501 546 4550 G
565 4525 593 4538 -
612 4501 724 4548 44444444
740 4508 794 4547 om.
808 4495 841 4555 C;
860 4508 909 4546 nos
927 4493 1094 4546 seclusimus.
1106 4519 1134 4530 -
1152 4493 1184 4558 44]
1200 4493 1228 4544 te
1244 4495 1304 4545 B-
1323 4495 1381 4546 20
1396 4495 1555 4559 [4444444444
1571 4499 1593 4547 G
1607 4525 1636 4536 -

301 4585 459 4631 nemmem.
479 4575 557 4628 ΛΤΒ
578 4569 1637 4636 -&mimihilt-nequetetuthlzoequetuitellmecqutdemte

301 4657 376 4707 tuit}
394 4681 421 4692 -
446 4653 471 4705 l.
490 4654 562 4702 homo
582 4649 710 4700 4444444444
730 4646 849 4710 (omnium
869 4648 935 4708 Otto)
958 4646 1077 4697 4444444444
1100 4647 1121 4694 G
1142 4671 1176 4682 —
1195 4645 1223 4694 in
1241 4658 1294 4696 om.
1314 4646 1333 4697 C
1354 4673 1381 4684 -
1403 4648 1464 4699 mihi
1481 4649 1580 4714 pieriae
1596 4650 1633 4701 C:

299 4731 397 4794 4444444
412 4729 473 4779 miti
490 4728 510 4778 0
529 4752 556 4762 —
576 4727 600 4775 o.
619 4723 661 4788 on]
678 4737 739 4773 4444
756 4723 790 4780 Β;
812 4718 848 4772 ns
865 4721 907 4772 vel
923 4716 960 4771 nis
974 4724 1008 4783 Τ,
1027 4719 1075 4774 sed
1092 4719 1190 4770 vocalis
1208 4733 1285 4771 erasa
1302 4723 1353 4772 est.
1373 4745 1401 4758 -
1426 4727 1462 4773 eet
1477 4724 1569 4775 ATB:
1588 4729 1634 4785 est,

298 4809 385 4867 potres
399 4802 532 4864 coempti
546 4800 581 4864 (p.
594 4799 628 4864 c.)
641 4800 687 4849 (40
702 4825 729 4834 -
748 4811 825 4861 quem
840 4798 911 4847 illum
925 4798 1021 4863 potam]
1039 4797 1104 4848 inde
1121 4798 1155 4848 nh
1172 4799 1214 4850 his
1225 4798 1314 4850 verbis
1326 4802 1346 4851 Α
1358 4799 1409 4851 elia
1420 4813 1502 4852 mann
1515 4803 1633 4867 scriptus

301 4881 382 4930 est-
396 4878 466 4928 444444
477 4877 511 4936 Τς
529 4876 575 4925 illc
586 4873 689 4932 Lemb.;
710 4885 759 4923 nos
770 4871 970 4924 seclusimus-
983 4874 1011 4922 44
1022 4873 1124 4923 Lamha
1138 4887 1192 4925 om.
1206 4875 1248 4926 CO
1258 4901 1286 4912 -
1300 4877 1325 4926 6.
1338 4876 1413 4942 quod]
1425 4878 1469 4940 que·
1479 4878 1499 4928 B
1510 4903 1538 4914 -
1556 4878 1585 4926 44
1596 4878 1631 4927 c:

300 4950 833 5014 omo-astetenslmeameetuemo-
853 4949 1521 5010 mutuome·-apodicitioom.T-'l.teBG:
1539 4951 1633 5002 4440

302 5029 368 5078 -8,
387 5027 456 5076 ducis
473 5026 534 5075 lc:
553 5024 688 5084 diuelli,
706 5023 850 5073 444440-
869 5022 1074 5073 4444444446-
1090 5024 1296 5084 4444444444-
1316 5025 1356 5075 40.
1374 5026 1496 5077 444446-
1516 5026 1633 5077 444444-

299 5103 408 5153 dimentc
425 5101 503 5151 TBG
521 5126 547 5136 -
566 5098 741 5160 4444444444,
759 5096 953 5147 444444446-
972 5097 1013 5147 43.
1031 5098 1432 5163 eom01eoneeuosmesa-
1450 5100 1635 5150 laseaetneesst

298 5176 439 5229 esunt
452 5202 479 5212 -
498 5175 537 5236 444]
555 5175 638 5223 immo
654 5177 689 5223 ert
707 5198 734 5208 —
754 5171 794 5223 ll.
811 5172 895 5222 444444
909 5174 930 5222 Α
943 5199 971 5208 -
991 5173 1031 5223 tn.
1044 5174 1157 5222 4444444444
1174 5187 1227 5224 om.
1240 5174 1319 5224 ΛΤΒ
1333 5201 1360 5211 -
1377 5176 1493 5227 44444444
1508 5187 1533 5226 se
1550 5174 1586 5224 C:
1606 5187 1634 5226 se

298 5251 479 5303 4444444440-
500 5249 659 5312 eruperaet
674 5248 745 5297 meti
758 5273 785 5283 -
805 5247 845 5297 48.
859 5247 1000 5297 meaturi:
1018 5245 1228 5299 snteoel'BGO
1242 5273 1269 5286 ··
1289 5249 1330 5298 49.
1343 5249 1428 5300 dorm
1444 5252 1506 5300 G-
1523 5248 1634 5298 44444444

297 5328 382 5380 ATB:
403 5325 687 5377 muttuosoeroGO-
707 5328 730 5373 44
746 5322 835 5386 opinor
851 5323 942 5373 Tuo:
965 5324 1136 5386 tectoptuor
1153 5324 1186 5382 Α;
1208 5328 1231 5373 te
1247 5324 1404 5386 4444440-
1422 5325 1474 5391 qne]
1492 5326 1631 5388 quach-

296 5402 430 5453 20.molto
445 5400 506 5450 mihi
523 5400 584 5448 G—
602 5397 903 5462 wemma-23.
920 5397 1011 5463 super]
1029 5399 1199 5461 44444444-
1218 5398 1291 5449 QG:
1310 5399 1341 5450 G.
1360 5401 1446 5460 ΑΤΒς
1465 5398 1628 5462 osmo-

293 5478 372 5542 pleoie
388 5475 514 5528 omnihus
531 5474 623 5527 litteris
640 5475 751 5524 ΤΒΟ-
769 5474 898 5524 rossem
913 5474 932 5524 C
948 5472 1091 5538 -4444441
1109 5474 1299 5523 444444446-
1313 5475 1341 5524 io
1358 5487 1411 5525 om.
1430 5476 1492 5526 B·
1509 5475 1551 5525 26.
1569 5487 1632 5538 per-

296 5552 415 5604 hortatur
431 5551 508 5601 ΛΤΒ
527 5576 554 5586 -
573 5548 657 5598 omnio
673 5549 929 5610 persemetipsa
945 5561 1058 5611 quaeque
1073 5561 1096 5599 c.
1114 5548 1162 5598 ΤΒ
1181 5572 1209 5585 -
1227 5549 1631 5600 ramatensium

296 5628 331 5686 B;
349 5626 525 5679 recremento
545 5651 572 5661 -
590 5623 630 5673 27.
649 5623 705 5685 ipso
718 5636 745 5684 p.
764 5636 786 5673 r.
804 5624 960 5684 meneTB3
979 5624 1032 5686 ipso
1047 5637 1073 5685 p.
1092 5637 1115 5673 r.
1133 5637 1212 5673 44444
1228 5624 1263 5680 Ας
1282 5623 1338 5686 ipro
1352 5623 1532 5687 moecpopcli
1547 5637 1588 5673 ro.
1607 5625 1629 5673 G

299 5727 325 5739 -
345 5702 386 5753 28.
405 5702 504 5764 reliquo
520 5699 588 5750 omns
603 5701 638 5761 A,
662 5697 711 5748 sed
728 5696 824 5748 additis
846 5698 926 5760 signis
947 5698 1166 5762 transpositionis.
1187 5726 1215 5736 -
1233 5698 1274 5748 30.
1292 5703 1328 5749 eet
1341 5699 1584 5750 ”demerent
1599 5699 1628 5748 in

296 5777 316 5824 B
334 5778 394 5839 post
410 5777 494 5827 verba
510 5773 789 5838 seqre--eetus‘moet
805 5774 964 5836 transposita
981 5776 1051 5824 sunt.
1074 5799 1099 5810 -
1117 5775 1318 5825 nemeaeum
1334 5775 1425 5826 Tuo:
1443 5774 1630 5826 4444404444

298 5850 364 5901 0-
384 5849 424 5901 ³4.
441 5851 560 5902 44444-
579 5848 933 5912 Nequo--eetstimooiom
952 5849 1003 5898 ΑΊ·
1021 5874 1049 5886 -
1068 5848 1109 5902 32.
1127 5848 1487 5916 4444444444-44441444.
