3800 7350
686 1187 936 1254 crim-m
968 1183 1162 1272 §sc-ro.
1532 1184 1588 1251 sor

272 1359 406 1425 testibus
427 1357 587 1443 meretis
608 1358 746 1442 ignotis?
768 1359 829 1441 ipsi
850 1359 1030 1422 coniectura
1052 1357 1132 1420 nibil
1146 1356 1350 1421 iudicabitis?
1379 1358 1416 1421 In
1431 1366 1494 1424 tam
1507 1359 1595 1424 varia

271 1455 351 1519 iuris
378 1453 516 1517 dictione
543 1461 605 1515 tam
634 1451 732 1516 multa
753 1454 898 1528 decreta,
927 1459 975 1515 tot
994 1451 1160 1514 bominum
1181 1451 1392 1534 gratiosorum
1413 1452 1518 1518 laesas
1540 1473 1596 1517 vo·

271 1548 426 1613 luntatssz
455 1565 537 1632 quae
567 1553 616 1609 est
641 1565 793 1630 nmquam
814 1546 897 1610 iacta
917 1566 982 1609 non
1004 1545 1161 1631 suspicio,
1190 1565 1274 1630 quae
1295 1553 1399 1610 tamen
1423 1547 1504 1611 solet
1526 1568 1595 1612 esse

269 1641 365 1717 falsa,
386 1641 444 1705 sed
464 1640 646 1704 iracundiae
668 1659 731 1703 vox
752 1648 808 1704 aut
829 1640 974 1704 doloris?
1013 1637 1042 1701 7.
1065 1640 1106 1702 Et
1126 1640 1153 1703 is
1176 1647 1224 1705 est
1245 1661 1319 1705 reus
1340 1642 1506 1717 avaritiae,
1538 1643 1594 1726 qui

270 1738 305 1800 in
325 1735 484 1800 uberrima
505 1754 540 1798 ro
561 1741 654 1818 turpe
677 1733 916 1817 compendium,
945 1736 979 1797 in
1001 1733 1299 1800 maledicentissima
1321 1738 1467 1814 civitate,
1489 1739 1523 1801 in
1544 1757 1621 1804 su·o

269 1830 497 1915 spiciosissimo
519 1830 648 1911 negotio
670 1828 869 1892 maledictum
892 1846 1005 1902 omne,
1027 1847 1093 1891 non
1107 1829 1201 1892 modo
1216 1831 1336 1895 crimen
1350 1831 1483 1914 effugit?
1503 1832 1598 1894 Prae-

270 1933 358 1989 tereo
379 1924 451 2000 illa,
474 1943 556 2008 quae
577 1923 806 2005 praetereunda
827 1941 892 1984 non
915 1930 1004 1985 sunt:
1038 1922 1160 1986 nullum
1180 1922 1274 1986 buius
1295 1924 1329 1986 in
1352 1924 1482 2008 privatis
1504 1925 1598 1988 rebus

269 2018 387 2082 factum
408 2037 554 2093 avarum,
575 2016 694 2080 nullam
715 2017 748 2079 in
770 2036 805 2079 re
827 2016 1012 2098 pecuniaria
1027 2018 1278 2091 contentionem,
1300 2016 1418 2081 nullam
1440 2019 1530 2082 inre
1552 2018 1599 2082 ia·
1672 2095 1675 2099 Ι

270 2111 385 2175 miliari
406 2112 532 2176 sordem
553 2131 648 2197 posse
670 2111 813 2194 proferri.
849 2110 974 2186 Quibus
996 2111 1093 2193 igitur
1113 2109 1247 2173 testibus
1270 2129 1329 2193 ego
1350 2110 1448 2175 hosce
1470 2132 1599 2196 possum

270 2206 408 2269 refutare
436 2206 498 2271 nisi
528 2206 643 2270 vobisl
679 2203 883 2268 &Tmolitae
913 2204 968 2267 ille
997 2205 1144 2279 vicanus,
1175 2204 1270 2268 homo
1291 2224 1358 2268 non
1379 2207 1474 2269 modo
1497 2207 1599 2283 nobis,
1610 2226 1637 2273 to

271 2299 329 2364 sed
350 2320 392 2363 ne
413 2300 497 2363 inter
511 2320 586 2364 suos
601 2297 729 2384 quidem
745 2306 857 2372 notus,
879 2319 936 2362 vos
952 2298 1093 2373 docebit,
1116 2298 1220 2382 qualis
1236 2299 1277 2362 sit
1290 2300 1326 2361 L.
1341 2299 1483 2375 Flaccus,
1504 2311 1599 2385 quent

271 2414 329 2457 vos
351 2394 619 2458 modestissimum
641 2392 895 2467 adolescentem,
917 2393 1100 2475 provinciae
1121 2393 1278 2456 maximae
1300 2395 1532 2459 sanctissimum
1554 2395 1601 2460 ri·

271 2509 359 2563 rum,
380 2490 477 2553 vestri
498 2488 654 2553 exercitus
676 2487 882 2550 fortissimum
905 2486 1054 2562 militem,
1076 2485 1355 2569 diligentissimum
1370 2487 1501 2565 ducem,
1523 2498 1602 2553 tem‘·

272 2581 529 2663 perantissimum
552 2582 688 2665 legatum
711 2587 978 2665 quaestoremque
999 2588 1234 2663 cognoverunt,
1257 2601 1351 2665 quem
1372 2602 1430 2647 vos
1452 2605 1603 2667 praeson-

273 2682 323 2739 tes
350 2677 638 2741 constantissimum
667 2683 860 2750 sanatorem,
888 2674 1095 2737 iustissimum
1124 2680 1318 2757 praetorem,
1350 2678 1640 2742 amantissimumtt

273 2770 321 2833 rei
349 2768 497 2853 publicae
526 2772 626 2834 civem
652 2769 871 2833 iudicavistis?
906 2769 959 2831 lv.
981 2765 1012 2829 9.
1033 2768 1081 2830 De
1104 2767 1219 2851 quibus
1240 2788 1298 2832 vos
1320 2769 1391 2833 aliis
1412 2778 1509 2837 testes
1531 2793 1602 2837 esso

274 2863 413 2939 debetis,
436 2861 476 2928 de
498 2864 536 2928 iis
559 2864 621 2949 ipsi
644 2864 722 2927 alios
745 2869 842 2926 testes
857 2861 1021 2926 audietis?
1043 2863 1084 2924 at
1098 2879 1180 2945 quos
1194 2864 1314 2926 testes?
1336 2864 1474 2928 Primum
1489 2866 1602 2941 dicam,

275 2958 309 3020 id
330 2959 418 3042 quod
440 2965 489 3022 est
509 2977 692 3033 commune,
714 2958 870 3020 Graecos:
894 2975 958 3019 non
981 2975 1046 3040 quo
1068 2955 1189 3017 nationi
1203 2955 1279 3019 huic
1293 2976 1352 3039 ego
1366 2977 1450 3023 nnus
1466 2962 1603 3025 maxime

275 3048 370 3115 fidem
391 3053 560 3136 derogem
581 3072 654 3115 nam
676 3051 704 3115 si
726 3050 799 3135 quis
822 3070 971 3133 nmquam
995 3050 1034 3111 do
1050 3049 1166 3112 nostris
1179 3048 1362 3114 hominibus
1376 3071 1396 3115 a
1410 3072 1527 3136 genere
1542 3056 1604 3118 isto

275 3145 381 3209 studio
412 3166 449 3210 ac
481 3146 642 3210 voluntate
667 3165 733 3208 non
762 3143 937 3207 abhorrens
968 3141 1045 3217 fuit,
1079 3161 1129 3206 me
1152 3151 1183 3206 et
1206 3162 1276 3207 esso
1297 3143 1432 3208 arbitror
1452 3153 1485 3209 et
1506 3148 1643 3230 megisto

276 3239 372 3303 etiam
399 3248 482 3316 tum,
515 3258 589 3303 oum
616 3238 689 3322 plus
712 3247 780 3302 erat
801 3239 874 3312 otii,
903 3237 1020 3301 fuisse:
1053 3234 1109 3299 sed
1132 3237 1260 3300 suntin
1282 3237 1492 3305 illonnmoro
1515 3241 1606 3306 multi

277 3333 371 3408 boni,
393 3332 498 3409 docti,
520 3333 693 3417 pudentes,
716 3334 773 3417 qui
794 3331 835 3396 ad
857 3330 917 3395 boc
939 3330 1091 3394 iudicium
1106 3329 1234 3394 deducti
1250 3351 1316 3394 non
1331 3341 1418 3407 sunt,
1442 3334 1531 3397 multi
1548 3334 1607 3398 im·

275 3427 450 3510 pudentes,
471 3426 640 3502 illitterati,
662 3426 766 3501 leves,
788 3445 869 3509 quos
891 3424 985 3488 variis
1000 3423 1039 3488 da
1054 3424 1159 3488 causis
1174 3423 1268 3488 rideo
1283 3426 1466 3491 concitatos.
1488 3430 1606 3493 Verum

277 3528 384 3585 umen
405 3520 467 3586 hoc
488 3522 558 3585 dico
580 3520 620 3585 do
642 3528 709 3584 toto
732 3539 847 3604 genere
869 3519 1078 3582 Graecorum:
1101 3518 1207 3581 tribuo
1229 3517 1293 3582 illis
1313 3519 1447 3596 litteras,
1470 3522 1512 3585 do
1527 3523 1607 3586 mul·

277 3622 380 3679 tarum
407 3614 523 3679 artium
553 3613 771 3698 disciplinam,
805 3633 870 3678 non
896 3613 1001 3677 adimo
1032 3612 1188 3677 sermonis
1216 3611 1375 3694 leporem,
1406 3615 1644 3699 ingeniorumaa

276 3728 428 3785 acumen,
450 3708 577 3774 dicendi
599 3710 740 3793 copiam,
764 3707 903 3793 denique
922 3706 1034 3781 etiam,
1056 3709 1082 3770 si
1104 3727 1188 3792 quae
1210 3707 1270 3771 sibi
1293 3706 1353 3770 alia
1375 3716 1519 3786 sumunt,
1541 3730 1607 3774 non

277 3822 439 3888 repugno:
461 3803 716 3868 testimoniorum
737 3802 924 3885 religionem
946 3809 980 3864 et
1006 3797 1100 3863 fidem
1122 3820 1296 3885 numquam
1317 3801 1378 3864 ista
1400 3803 1487 3866 natio
1509 3804 1609 3867 coluit

277 3900 441 3983 totiusque
462 3897 595 3961 huiusce
617 3898 663 3960 rei
686 3916 768 3981 quae
790 3897 831 3959 sit
851 3897 914 3971 vis,
936 3912 1019 3979 quaa
1039 3895 1225 3971 auderitas,
1248 3895 1335 3979 quod
1354 3897 1496 3979 pondus,
1518 3899 1609 3981 igno·

270 4000 359 4057 rant
401 3987 453 4055 l0.
474 3991 563 4056 Unde
584 3990 664 4055 illud
687 3997 737 4055 est
758 4010 799 4054 ns
820 4009 893 4053 nini
915 4007 1130 4053 rssrnrorrvsr
1155 3992 1308 4053 amru?
1335 4009 1412 4055 num
1434 3989 1608 4065 Gallorum,

278 4106 355 4150 num
380 4085 593 4168 Hispanorum
620 4086 773 4168 putatur?
815 4084 931 4146 Totum
957 4082 1043 4146 istnd
1072 4081 1263 4147 Graecorum
1285 4091 1351 4158 est,
1380 4091 1416 4148 ut
1437 4084 1531 4149 etiam
1553 4085 1645 4168 quito

278 4179 398 4244 Graece
420 4179 582 4254 nesciunt,
603 4179 665 4242 boc
687 4178 802 4263 quibus
824 4176 929 4263 verbis
951 4176 1114 4239 aGraecis
1136 4176 1199 4239 dici
1220 4177 1333 4254 soleat,
1356 4178 1467 4242 sciant.
1496 4178 1608 4261 ltaque

279 4273 402 4350 videte,
424 4292 489 4357 qno
511 4272 618 4347 vultu,
640 4290 704 4356 qua
719 4270 912 4334 confidentia
927 4269 1048 4334 dicant:
1071 4277 1138 4332 tum
1153 4269 1353 4354 intelligetis,
1376 4290 1441 4356 qua
1454 4271 1608 4353 religione

279 4367 397 4431 disant.
432 4367 613 4450 Numquam
635 4365 726 4428 nobis
748 4365 789 4427 ad
809 4372 955 4447 rogatum
976 4364 1186 4446 respondent,
1207 4366 1521 4449 semporaccusatori
1536 4364 1608 4448 plus

279 4479 376 4545 quam
397 4461 439 4525 ad
459 4467 615 4543 rogatum.
648 4460 828 4542 Numquam
849 4458 1011 4532 laborant,
1034 4458 1192 4540 quemad
1213 4458 1342 4521 modum
1363 4460 1499 4542 probent
1520 4458 1609 4542 quod

280 4552 406 4631 dicunt,
434 4553 491 4618 sed
516 4572 613 4638 quem
634 4551 825 4617 admodum
847 4572 881 4615 so
903 4550 1064 4634 explicent
1084 4549 1230 4615 dicendo.
1272 4552 1373 4615 Iratus
1394 4553 1507 4617 Flacco
1530 4553 1646 4617 dixitta

278 4647 322 4711 u.
343 4647 464 4723 Lurco,
496 4645 603 4730 quod,
632 4653 668 4710 ut
696 4646 767 4731 ipso
797 4645 919 4719 aiebat,
948 4644 1079 4708 libertus
1108 4652 1176 4709 erat
1197 4646 1264 4709 eius
1285 4646 1370 4729 turpi
1391 4645 1511 4711 iudicio
1533 4667 1610 4710 con·

346 4909 372 4960 4.
390 4907 494 4971 mo
505 4909 523 4958 S
535 4933 563 4944 -
582 4908 607 4959 2.
620 4907 744 4970 tomam
763 4907 846 4960 moe
860 4906 1049 4960 maneamus.
1065 4934 1093 4944 -
1112 4907 1137 4959 t.
1156 4911 1229 4971 traps
1244 4907 1610 4972 compcodtomconcinnitatis

281 4994 364 5034 causa
381 4981 527 5034 delendum
544 4983 649 5035 censuit
665 4984 794 5034 Bromius.
807 5010 841 5021 -
857 4984 884 5032 io
899 4984 1131 5034 molcdtcmtirsirno
1147 4984 1248 5034 &uinta
1262 4984 1421 5034 maledictum
1431 4998 1515 5046 omns,
1532 4986 1559 5034 tn
1570 4998 1612 5034 aa·

278 5056 453 5120 maome
469 5059 567 5124 repotia
583 5070 680 5108 camon
695 5058 870 5121 amiciorum
887 5058 1028 5108 ammodo
1045 5059 1104 5108 4,-
1123 5060 1147 5109 7.
1162 5059 1416 5123 praemittendod
1432 5084 1458 5096 -
1477 5059 1612 5111 aarum

278 5132 308 5182 ts
322 5143 352 5182 n
366 5131 492 5195 (modim
507 5132 604 5183 amdcm
620 5130 702 5182 babet
718 5132 738 5182 B
758 5158 785 5168 -
804 5132 829 5181 9.
841 5132 921 5195 bosca]
938 5132 1047 5183 boam
1060 5159 1087 5168 -
1107 5134 1148 5184 to.
1165 5134 1280 5197 refutare
1294 5133 1381 5184 teda?
1396 5134 1445 5183 oiri
1456 5135 1477 5184 Α
1490 5159 1518 5170 -
1538 5134 1611 5183 rma

279 5207 335 5258 litet
350 5206 507 5260 lanuinus:
531 5209 557 5258 T.
570 5208 667 5258 matter
685 5208 791 5272 septem
807 5207 886 5258 codd.
905 5209 1028 5273 Legum
1054 5208 1175 5258 Timolitas
1191 5210 1279 5269 SAP,
1303 5209 1447 5260 arnoltus
1462 5209 1495 5270 T3
1516 5209 1613 5259 molitos

280 5280 333 5334 alii.
347 5304 378 5320 -
394 5282 507 5349 monor]
525 5283 633 5334 Nicanor
649 5294 711 5332 cum
722 5279 846 5332 rurusbo
864 5284 883 5333 1,
900 5310 928 5320 -
949 5284 990 5334 43.
1007 5285 1083 5334 cedri
1099 5284 1192 5351 Sint·
1206 5285 1285 5334 nostri
1302 5285 1378 5335 FLO
1391 5310 1418 5319 -
1436 5284 1612 5346 meantu-

280 5357 372 5409 atim
387 5356 543 5409 Lambinus:
564 5357 797 5422 martimum
817 5358 958 5410 STAFL.
986 5361 1025 5412 ct.
1047 5374 1096 5425 pro
1116 5361 1224 5412 tdnmna
1241 5359 1266 5423 5.
1285 5359 1326 5411 64.
1344 5387 1378 5397 -
1395 5355 1435 5408 44.
1453 5358 1613 5422 οορηουσήηι

281 5432 313 5490 P:
331 5437 471 5497 commui
487 5446 540 5497 mg.
558 5431 577 5488 4
599 5461 627 5470 -
651 5436 691 5484 45.
709 5434 990 5488 montumano
1010 5438 1140 5488 Faernus:
1162 5440 1238 5496 atque
1253 5433 1453 5483 ariombrtmasri
1469 5432 1557 5493 STO,
1580 5445 1612 5481 oc

281 5509 482 5559 mmmm
497 5510 556 5561 AF.
577 5510 616 5561 ct.
635 5509 795 5574 Madvigium
811 5512 841 5561 dc
857 5511 929 5561 Fica.
948 5525 975 5578 p.
994 5513 1052 5562 574.
1073 5537 1101 5548 -
1120 5510 1160 5561 46.
1179 5508 1360 5559 todtcwbtiss
1377 5509 1406 5558 et
1421 5507 1518 5558 decem
1529 5506 1610 5559 codd.

282 5584 406 5647 uagom:
423 5584 655 5636 iudicauisceteri.
671 5610 698 5620 -
717 5582 810 5649 ⁴7.th
827 5585 865 5636 blo
880 5587 926 5636 ST
940 5614 968 5624 -
985 5586 1042 5649 deq,
1055 5585 1144 5648 quoss
1157 5609 1184 5619 -
1203 5584 1287 5633 deam
1299 5582 1482 5646 manmb-
1502 5581 1543 5632 48.
1560 5594 1612 5631 non

282 5660 509 5725 enudatam
525 5659 685 5712 babetB-
703 5661 761 5724 qao]
778 5661 845 5724 qood
861 5661 920 5712 4,-
939 5661 981 5711 st.
997 5660 1157 5712 Sodstm
1173 5671 1235 5709 cum
1251 5656 1337 5708 tribus
1354 5656 1432 5708 codd.
1451 5657 1609 5709 Orond-

282 5733 327 5785 22.
341 5735 476 5798 maa
491 5735 566 5787 STA
584 5761 611 5771 -
630 5736 753 5786 riets-
772 5736 940 5799 inpudenter
955 5735 1045 5786 AF·
1063 5734 1105 5786 tt.
1124 5733 1206 5784 tribuo
1220 5733 1271 5783 titia
1285 5730 1454 5796 tinemut]
1477 5730 1613 5792 Ctouin-

284 5806 1086 5874 uumnmns.or.x1,t,aa.-ao.aostqao1oeor-
1105 5821 1171 5873 quoa
1186 5809 1217 5877 ⁵5
1235 5820 1287 5872 prta
1303 5808 1394 5859 ceteri
1412 5833 1446 5846 —
1462 5805 1504 5858 ³⁰.
1520 5805 1613 5858 illudi

287 5883 1089 5952 -³t.sotos÷·-2mpaustwr-·ao.ocpttoms.
1155 5900 1158 5907 ·

262 5968 265 5972 ’
331 5975 421 6028 Gamo
434 5976 498 6028 ⁶1¹.ss
1360 5973 1396 6044 541
