3800 7350
666 1182 985 1248 curvi-nvn
1012 1178 1230 1267 §sas-sa.
1523 1177 1600 1248 taor

287 1355 403 1418 stitiam
435 1371 537 1416 meam
565 1352 782 1435 reprehendit,
815 1352 900 1416 idem
928 1352 1050 1429 iocum,
1082 1373 1196 1436 magno
1223 1356 1409 1436 argumento
1430 1357 1481 1414 est
1499 1371 1551 1416 me
1572 1349 1607 1414 in

285 1455 421 1531 utroque
441 1445 539 1509 tuisse
560 1446 767 1510 moderatum.

367 1542 583 1605 Hereditatem
610 1540 688 1604 mihi
714 1540 835 1624 negasti
856 1540 976 1606 venire.
1019 1540 1144 1604 Utinam
1164 1541 1227 1607 hoc
1247 1548 1336 1606 tuum
1357 1560 1467 1605 rerum
1489 1540 1607 1606 crimen

286 1636 385 1700 essetl
414 1636 521 1718 plures
549 1635 640 1699 amici
662 1636 723 1699 mei
745 1644 777 1698 et
798 1636 967 1698 necessarii
991 1636 1142 1699 viverent.
1179 1637 1242 1699 Sed
1263 1636 1319 1720 qui
1340 1636 1422 1700 istuc
1443 1636 1499 1700 tibi
1520 1634 1608 1699 venit

284 1732 317 1793 in
339 1732 499 1794 mentem?
520 1729 687 1811 egoenim
709 1730 845 1812 amplius
868 1730 1045 1792 sestertium
1061 1728 1245 1793 ducentiens
1266 1737 1430 1813 acceptum
1449 1728 1631 1794 heredita-t

285 1826 369 1889 tibus
394 1823 514 1888 rettuli.
550 1823 748 1904 Quamquam
778 1823 812 1885 in
839 1822 902 1888 hoc
929 1843 1045 1906 genere
1071 1821 1173 1887 iateor
1192 1823 1366 1888 feliciorem
1387 1842 1457 1890 osse
1479 1830 1520 1885 ta.
1555 1822 1607 1887 hie

286 1939 379 1982 nemo
406 1918 468 1981 nisi
496 1916 615 1980 amicus
642 1915 716 1980 iecit
744 1916 912 1991 heredem,
939 1925 974 1981 ut
995 1938 1065 1981 cum
1087 1917 1143 1980 iilo
1165 1918 1346 1993 commodo,
1373 1915 1509 2001 siquod
1531 1922 1607 1991 arai,

285 2012 381 2076 animi
404 2009 533 2096 quidam
556 2009 646 2074 dolor
667 2011 865 2093 iungeretur:
889 2020 919 2075 te
940 2012 985 2086 is,
1008 2032 1103 2095 quem
1119 2019 1153 2073 tu
1167 2012 1272 2076 vidisti
1286 2029 1473 2093 numquam,
1494 2009 1530 2076 L·
1544 2009 1608 2074 ltu-

284 2107 371 2170 brius
403 2106 531 2169 Casinas
559 2102 635 2166 iecit
663 2104 822 2167 heredem.
866 2099 917 2167 ll.
938 2106 979 2167 Et
1000 2106 1127 2188 quidem
1148 2103 1236 2179 vide,
1258 2124 1353 2189 quam
1381 2112 1412 2167 te
1433 2103 1546 2168 amarit
1565 2103 1608 2177 is,

287 2201 342 2283 qui
370 2199 461 2264 albus
488 2206 595 2261 aterne
616 2196 712 2261 inerit
739 2198 876 2279 ignoras.
918 2199 1036 2261 Fratris
1058 2194 1157 2261 illium
1178 2199 1356 2281 praeteriit,
1379 2194 1530 2274 Q.1‹·uhi,
1550 2197 1645 2261 ho-to

286 2293 457 2358 uastissimi
478 2292 595 2376 equitis
616 2292 747 2356 Romani
768 2293 881 2375 suique
900 2291 1100 2366 amicissimi,
1122 2312 1217 2375 quam
1238 2292 1342 2376 palam
1362 2290 1512 2356 heredem
1527 2311 1609 2358 sem·

285 2409 341 2471 per
361 2387 531 2461 iactitarat,
553 2406 594 2449 ne
616 2386 759 2448 nominat
781 2384 926 2468 quidem:
949 2392 997 2460 te,
1018 2405 1114 2468 quern
1135 2404 1308 2469 numquam
1319 2384 1441 2450 viderat
1455 2392 1510 2449 aut
1525 2392 1608 2449 certe

284 2501 454 2564 numquam
477 2480 681 2553 salutaverat,
709 2479 786 2542 iecit
806 2477 966 2544 heredem.
1009 2479 1110 2544 Velim
1133 2479 1209 2542 mihi
1231 2479 1333 2556 dicas,
1355 2480 1417 2543 uisi
1438 2480 1608 2543 molestum

287 2581 351 2648 est,
373 2577 407 2637 L.
423 2574 586 2638 Turselius
602 2594 665 2658 qua
685 2572 765 2636 iacie
779 2572 889 2648 fuerit,
912 2593 976 2657 qua
991 2582 1126 2647 statura,
1149 2593 1213 2656 quo
1228 2573 1416 2657 municipio,
1438 2593 1501 2659 qua
1514 2573 1608 2637 tribu.

286 2668 391 2732 «Nihil
413 2668 498 2732 scios
520 2669 646 2752 inquies
669 2668 750 2730 anisi
772 2686 854 2751 quae
875 2669 1006 2750 praedia
1026 2667 1200 2731 habuerit».
1243 2669 1342 2752 igitur
1361 2666 1490 2732 fratrem
1512 2669 1647 2734 eche-u

242 2840 248 2857 ι
285 2763 398 2826 sedans
427 2770 458 2825 te
486 2762 622 2826 iaciebat
645 2761 805 2825 heredem.
849 2762 885 2824 ln
907 2762 1022 2826 multas
1043 2770 1205 2845 praeterea
1227 2762 1379 2845 pecunias
1399 2762 1609 2828 alienissimo·

284 2876 353 2921 rum
374 2857 539 2921 hominum
561 2857 592 2921 vi
614 2856 722 2919 eiectis
745 2855 829 2918 reris
849 2855 1038 2931 heredibus,
1065 2864 1224 2940 tamquam
1244 2855 1338 2922 heras
1360 2864 1460 2934 asset,
1481 2857 1610 2923 invasit.

284 2947 336 3013 ta.
360 2952 559 3036 Quamquam
580 2950 640 3014 hoc
662 2950 798 3013 maxime
819 2949 991 3013 admiratus
1013 2971 1099 3025 sum,
1128 2950 1319 3014 mentionem
1345 2957 1377 3016 te
1397 2949 1608 3018 heraditatum

286 3064 395 3128 ausum
419 3065 489 3108 esse
511 3043 633 3119 lacera,
655 3063 726 3106 curn
748 3043 815 3126 ipse
836 3041 1043 3106 hereditatem
1065 3044 1162 3127 patris
1182 3061 1248 3106 non
1269 3042 1400 3110 adisses.

291 3150 316 3182 ‘²
370 3138 469 3201 XVli.
489 3138 575 3201 llaec
596 3144 633 3202 ut
654 3136 833 3218 colligeres,
854 3134 950 3199 homo
972 3138 1204 3212 amentissime,
1225 3143 1272 3201 tot
1285 3137 1354 3203 dies
1370 3139 1405 3203 in
1418 3138 1521 3206 ahena
1535 3138 1646 3203 villan

286 3232 489 3296 declamasti?
518 3250 709 3315 quamquam
740 3238 774 3291 tu
802 3228 948 3312 quidem,
975 3238 1010 3296 ut
1031 3232 1077 3293 tui
1098 3229 1334 3295 familiarissimi
1356 3232 1515 3310 dictitant,
1542 3232 1609 3298 vini

285 3326 449 3399 exalandi,
479 3346 544 3390 non
576 3324 694 3406 ingenii
725 3322 860 3386 acuendi
889 3342 986 3387 causa
1012 3323 1179 3387 declamas.
1219 3326 1260 3387 at
1288 3345 1363 3389 vero
1393 3327 1526 3390 adhibes
1547 3327 1607 3391 ioci

284 3440 378 3485 causa
408 3420 606 3502 magistrum,
636 3416 786 3498 suffragio
815 3423 870 3478 tuo
900 3424 933 3479 et
957 3422 1176 3499 compotorum
1206 3424 1332 3481 tuorum
1352 3418 1527 3500 rhetorem,
1559 3422 1609 3484 cui

285 3513 468 3577 concessisti
494 3518 530 3576 ut
557 3511 591 3574 in
613 3518 643 3574 te
666 3528 749 3594 quae
770 3509 865 3572 vellet
886 3508 1022 3585 diceret,
1055 3508 1174 3574 salsum
1195 3511 1324 3575 omnino
1345 3512 1525 3591 hominem,
1551 3515 1608 3579 sed

285 3605 415 3671 materia
443 3605 547 3672 facilis
580 3612 628 3668 est
655 3604 689 3666 iu
717 3610 748 3667 ie
781 3610 814 3667 et
842 3602 877 3666 in
905 3611 978 3668 tuos
1010 3603 1095 3668 dicta
1123 3604 1239 3669 dicere.
1283 3605 1365 3670 Vide
1397 3615 1503 3671 autem
1532 3608 1646 3693 quidm

350 3774 591 3838 t.rsprcoditt-
614 3772 803 3836 55555553-
829 3771 1108 3822 amaamtomna-
1130 3771 1605 3838 idanlomuuqaoaqnmmv-

283 3848 517 3912 5555155555)
534 3846 758 3910 nicoma-3.
775 3846 983 3897 horaditutmnD:
1001 3846 1182 3907 hmcditctaV;
1199 3846 1459 3899 hcmdttctesedd.-
1478 3849 1503 3901 5.
1521 3852 1609 3903 istudt

286 3952 312 3961 -
332 3925 400 3976 55555
419 3925 455 3974 lm
474 3918 674 3973 555555555-
697 3921 807 3970 decha
828 3932 881 3971 om.
901 3934 963 3971 a-
987 3920 1208 3970 natarumve:
1231 3921 1354 3971 liso—
1379 3923 1606 3977 minvs„

284 4000 488 4054 wacaeo-
511 3995 724 4050 crerdtvDo
745 4022 772 4032 -
793 3995 1140 4058 taticdsassasutcora-
1167 3995 1418 4059 555555555-
1439 3998 1608 4062 55555555

286 4075 552 4128 -taichorr.er
569 4071 644 4121 eia-
662 4067 1020 4128 reema-mmmm
1037 4067 1244 4119 5555555555-
1262 4069 1501 4125 9.CosiaoaVbt:
1519 4077 1608 4126 carba

284 4167 325 4218 ag
342 4178 369 4189 -
388 4149 446 4214 {ecit
460 4146 573 4199 5555555
587 4144 733 4208 Madvigius
749 4144 825 4195 uncis
842 4141 956 4194 inclusit.
971 4169 999 4180 -
1017 4144 1100 4194 radam
1115 4143 1178 4192 V-
1196 4144 1237 4196 55.
1254 4149 1358 4195 mua
1367 4144 1404 4205 V;
1421 4152 1539 4200 actm
1553 4152 1608 4200 ι..

281 4228 358 4291 fasma
373 4226 439 4277 VD:
456 4223 535 4288 pleds
550 4221 571 4272 0
589 4246 618 4258 -
636 4221 740 4284 tuncrus
755 4220 790 4279 D,
808 4220 838 4268 ut
854 4217 977 4269 Garatoni
994 4218 1120 4269 coniecit:
1140 4219 1263 4285 marcar
1277 4218 1300 4268 V
1316 4221 1344 4269 et
1359 4220 1408 4271 LO
1424 4223 1482 4274 sine
1498 4227 1606 4290 puncto.

283 4295 681 4364 -trutsiv-pruatan'tV3
703 4292 1491 4356 praemi-MVrltstiiD-it.umicisttoslvbs
1515 4312 1608 4350 asam·

283 4377 372 4429 tissimi
388 4375 409 4426 0
425 4385 488 4425 cum
505 4370 564 4424 cod.
583 4369 696 4421 ienensi.
711 4394 738 4406 -
757 4380 853 4431 mmor
867 4367 980 4417 herodem
996 4378 1012 4417 a
1030 4392 1058 4403 -
1077 4368 1118 4418 55.
1136 4381 1168 4418 aa
1182 4367 1296 4418 55555555
1311 4367 1409 4430 quidun
1423 4370 1460 4421 V:
1477 4385 1608 4426 mm

283 4453 382 4515 quidam
398 4446 543 4513 sumsit
567 4447 589 4496 D
612 4443 669 4507 (sed
691 4441 774 4494 habet
789 4456 804 4492 a
820 4443 882 4508 post
896 4441 1050 4505 scotiarum
1073 4442 1093 4492 0
1117 4455 1150 4492 ax
1170 4441 1239 4492 coni.
1258 4441 1413 4507 Heusingeri
1428 4459 1471 4495 vv.
1488 4460 1521 4498 oc
1537 4461 1605 4500 nora.

282 4528 382 4590 quidm
397 4527 427 4577 ut
443 4521 532 4590 spuria
548 4517 662 4571 inclusit.
680 4520 712 4568 at
729 4519 816 4569 omnia
833 4529 897 4568 sana
915 4518 991 4577 sunt,
1009 4515 1090 4567 modo
1106 4516 1206 4580 cogitas
1220 4516 1302 4581 fllium
1316 4516 1351 4567 ad
1364 4518 1393 4580 ο.
1405 4519 1470 4585 Μ)
1485 4523 1608 4586 repeten-

282 4602 434 4653 dumosae.
460 4596 582 4648 Nominat
598 4595 692 4646 Cicero
708 4593 776 4644 duos
799 4591 879 4653 iiiios,
901 4589 1015 4643 aitcmm
1035 4591 1123 4643 iratris
1145 4593 1174 4643 Ι..
1192 4590 1298 4654 Rubrii,
1321 4590 1434 4644 aiterum
1455 4595 1606 4648 amicissimi

282 4679 354 4739 aius,
372 4678 403 4738 Q.
420 4673 499 4733 Fufii,
517 4683 585 4735 quos
601 4668 696 4720 ambos
713 4667 747 4718 ab
765 4680 812 4729 eo,
834 4667 864 4715 ut
879 4667 992 4732 Antonio
1008 4666 1213 4730 gratificaretur,
1236 4667 1395 4732 praeteritos
1411 4680 1471 4719 assa
1486 4682 1607 4734 conque-

281 4752 358 4802 ritur.
377 4776 405 4788 -
423 4753 447 4799 ta
463 4760 517 4799 ona.
535 4748 558 4798 Ι)
579 4773 606 4784 -
625 4749 670 4796 aut
686 4744 722 4808 iat
737 4742 777 4803 Ψ)
793 4755 849 4793 cara
863 4755 1002 4804 nunquam
1017 4742 1040 4792 V
1057 4742 1130 4804 (carta
1146 4752 1216 4791 corr.
1235 4740 1375 4803 Fatmusi;
1393 4753 1424 4792 cc
1438 4754 1471 4793 aa
1485 4756 1607 4806 trosqausts

283 4826 321 4887 Di
338 4829 403 4876 eata
418 4821 625 4886 manumisina
636 4823 689 4883 555)
701 4818 855 4870 Lambinus.
870 4844 897 4854 -
916 4817 957 4869 ti.
976 4817 1096 4868 terrm
1111 4816 1133 4866 b
1152 4814 1209 4878 (sed
1225 4814 1255 4865 b¹
1270 4816 1386 4879 555555)
1398 4843 1425 4854 -
1444 4816 1502 4883 quo]
1519 4813 1534 4880 ᾇ
1551 4821 1603 4869 5-

281 4897 594 4962 montuosum·
619 4892 979 4956 tamarim-umam
1003 4889 1222 4954 5555551555-
1245 4891 1365 4954 5555-
1387 4890 1603 4943 555555555-

283 4977 344 5026 anta
365 4975 445 5040 iqitw
465 4974 492 5025 in
508 4971 531 5021 V
546 4971 569 5020 a
584 4983 620 5021 m.
638 4969 655 5020 5
672 4967 791 5020 additum
808 4967 858 5018 ast.
878 4991 905 5001 —
928 4967 1054 5018 maduo
1071 4966 1126 5030 (sic)
1140 4966 1163 5016 V
1179 4993 1207 5003 -
1226 4965 1267 5017 tc.
1282 4965 1424 5032 procursu]
1441 4968 1532 5032 quim
1547 4970 1559 5019 5
1576 4996 1604 5007 -

283 5050 324 5101 ii.
341 5049 369 5101 ai
390 5049 471 5101 aiaotta
488 5048 571 5111 Vgt:
593 5045 619 5096 oi
640 5055 694 5094 om.
712 5042 756 5093 a0
777 5042 885 5106 (reiectis
905 5040 938 5102 b,
961 5042 1010 5094 sed
1025 5056 1042 5092 r
1058 5043 1084 5093 in
1101 5042 1165 5105 ras.)
1181 5067 1215 5078 -
1235 5042 1325 5092 555555
1340 5042 1352 5091 5
1368 5066 1396 5078 -
1414 5043 1512 5094 bradan
1526 5038 1560 5092 V¹
1575 5045 1605 5108 (t.

282 5124 351 5175 barca
366 5137 429 5175 amaa
443 5122 558 5175 5555555555
573 5117 756 5181 heumannus)
780 5143 806 5155 -
831 5117 871 5168 ta.
888 5118 1041 5168 montionem
1056 5118 1079 5167 V
1096 5142 1124 5153 -
1147 5116 1189 5166 25.
1206 5116 1326 5168 wulnodi
1341 5115 1377 5166 V:
1399 5116 1535 5168 macarii
1553 5118 1605 5169 ilo

284 5225 312 5235 -
324 5198 465 5262 5555555555
480 5208 559 5247 cautu
568 5193 600 5243 V.
617 5192 718 5243 Vereor
734 5203 768 5241 ne
785 5191 889 5241 maadi
899 5189 1002 5243 ¹ialsum
1018 5193 1052 5243 sit
1065 5191 1280 5257 supplementum
1291 5191 1389 5243 veteris
1399 5190 1523 5254 lacunae;
1542 5205 1606 5245 nam

282 5274 453 5337 exspectatur
467 5272 565 5338 notius:
587 5268 670 5333 555555
686 5266 816 5318 mammos
831 5278 917 5315 coma.
934 5291 961 5301 —
979 5267 1105 5317 declam
1116 5267 1151 5315 V:
1169 5266 1418 5317 5555555555150-
1436 5273 1465 5318 ut
1480 5269 1560 5333 Vgt:
1578 5275 1607 5320 trs

282 5360 313 5407 ας
331 5352 354 5398 ct
369 5345 441 5409 b¹0;
460 5349 487 5399 iu
503 5343 532 5396 b¹
548 5346 590 5396 est
606 5355 708 5394 rasura.
729 5367 756 5377 -
780 5339 866 5390 adhibe
881 5340 931 5390 root
947 5337 1027 5390 causti
1043 5341 1079 5401 V;
1102 5339 1339 5391 adbibca--dtccrc
1355 5341 1389 5402 (v.
1406 5342 1447 5404 ab)
1465 5345 1492 5393 et
1508 5343 1605 5394 deinde
1704 5376 1708 5384 ·

281 5421 313 5473 At
329 5420 588 5483 cacam-disceres
604 5420 637 5480 (v.
656 5416 679 5478 5)
698 5415 774 5466 atiert
795 5415 935 5465 Suetonius
952 5413 986 5465 de
1004 5412 1067 5465 clar.
1084 5415 1153 5465 rhet.
1172 5427 1196 5467 c
1214 5416 1239 5465 5.
1256 5440 1284 5451 -
1301 5413 1343 5465 53.
1360 5416 1532 5480 mmmm
1548 5421 1560 5468 t
1575 5443 1603 5454 -

282 5500 305 5546 at
321 5507 373 5546 om.
393 5495 416 5545 V
433 5520 461 5531 -
478 5499 640 5558 cosmetor-um
655 5491 692 5551 V;
716 5490 902 5554 marcellium
917 5487 997 5540 codd.
1015 5489 1140 5540 suetonii.
1163 5491 1193 5540 In
1209 5488 1299 5540 verbis
1315 5488 1506 5554 fflsssnmendia
1521 5493 1607 5543 sacnti

282 5581 375 5621 sumus
390 5568 564 5632 iladvigium
587 5567 630 5617 est
644 5566 717 5616 enim
733 5564 877 5617 sententia:
902 5562 1015 5615 adhibes
1032 5565 1202 5627 mansuum,
1220 5565 1266 5629 qui
1282 5563 1406 5629 auiiragio
1422 5567 1469 5617 tuo
1486 5569 1513 5617 et
1529 5579 1607 5618 com-

281 5646 404 5709 potorum
428 5645 534 5695 tuorum
550 5640 642 5691 rhetor
658 5640 708 5690 ast.
728 5665 756 5676 -
776 5639 917 5689 amulorum
932 5638 956 5688 V
973 5664 1001 5674 -
1019 5636 1062 5688 ii.
1079 5643 1107 5689 ut
1122 5651 1177 5690 om.
1194 5639 1239 5699 V¹;
1256 5643 1285 5689 ut
1300 5640 1328 5690 ia
1344 5653 1416 5703 quarn
1430 5641 1501 5692 acuat
1516 5642 1608 5692 diem

284 5716 362 5768 codd.
381 5717 453 5768 suat.
472 5742 499 5755 -
517 5717 545 5767 ia
562 5713 592 5780 ta]
610 5712 702 5764 asub
721 5739 749 5751 ·-
766 5713 859 5777 [555555
875 5710 893 5762 5
908 5737 936 5748 -
954 5713 996 5763 ab.
1013 5716 1049 5763 ast
1064 5713 1098 5762 V:
1118 5726 1171 5765 om.
1189 5714 1211 5764 i)
1228 5715 1256 5765 at
1271 5715 1359 5778 suat,
1377 5715 1427 5766 sed
1442 5716 1470 5767 in
1485 5715 1503 5766 b
1521 5714 1606 5767 littera

282 5803 359 5842 crasa
375 5793 425 5842 est.
445 5816 474 5828 -
496 5790 565 5842 55555
585 5801 638 5840 om.
656 5786 735 5838 codd.
753 5788 870 5841 Suetonii
891 5788 1038 5854 praetera
1062 5789 1133 5854 apud
1155 5789 1299 5843 osannam
1321 5816 1356 5832 ·-
1371 5791 1478 5844 5555555
1495 5790 1559 5857 bgt
1576 5815 1603 5827 -

279 5863 778 5931 sarcasmo-istam
