3800 7350
300 1166 383 1237 44402
712 1179 864 1245 ostano
888 1179 968 1245 PRO
989 1180 1033 1245 bl.
1056 1180 1203 1246 cauno

300 1345 468 1427 probatum
490 1347 573 1421 suis,
595 1349 712 1412 nemini
732 1370 885 1434 umquam
907 1351 1067 1434 praesenti
1089 1350 1316 1434 †praetoriaoi
1336 1351 1469 1414 maiores
1483 1351 1621 1416 bonores

300 1437 494 1515 babuerunt,
516 1460 612 1524 quam
633 1440 756 1505 absenti
778 1446 820 1506 bl.
843 1443 968 1518 Caeli03
991 1451 1135 1527 quernei
1155 1443 1315 1507 absentem
1338 1444 1371 1506 in
1392 1446 1622 1526 amplissimum

302 1531 445 1596 ordinem
467 1541 655 1617 cooptarunt
677 1544 708 1598 et
730 1557 768 1600 ea
788 1557 853 1600 non
875 1537 997 1620 petenti
1013 1537 1202 1610 detulerunt,
1225 1557 1306 1619 quae
1322 1537 1427 1600 multis
1442 1537 1623 1620 petentibus

303 1624 515 1709 denegarunt:
536 1629 685 1712 idemque
707 1650 791 1694 nunc
813 1630 1002 1694 lectissimos
1024 1633 1109 1696 viros
1132 1636 1164 1693 et
1184 1631 1283 1694 nostri
1304 1629 1423 1694 ordinis
1445 1638 1477 1692 et
1498 1629 1623 1710 equites

278 1718 460 1783 iliomanos
483 1742 554 1785 oum
576 1721 734 1805 legatione
755 1724 795 1787 ad
816 1725 877 1789 boc
899 1724 1052 1788 iudicium
1075 1734 1106 1788 et
1127 1746 1198 1788 cum
1219 1725 1405 1807 gravissima
1419 1732 1516 1806 atque
1532 1741 1624 1784 orna·

300 1812 421 1876 tissima
442 1814 624 1879 laudatione
646 1818 809 1881 miserunt.
841 1818 960 1882 Videor
981 1819 1057 1881 mibi
1079 1819 1193 1882 iecisse
1209 1818 1415 1881 fundamenta
1430 1815 1623 1879 defensionis

300 1925 406 1982 meae,
435 1928 517 1992 quae
544 1910 723 1974 firmissima
750 1919 841 1987 sunt,
869 1914 896 1975 si
920 1914 1063 1975 nituntur
1084 1911 1203 1974 iudicio
1225 1932 1363 1975 suorum.
1403 1912 1514 1993 Neque
1537 1909 1623 1971 enim

299 2000 390 2063 vobis
418 2003 495 2066 satis
524 2003 744 2068 commendata
764 2005 858 2070 buius
879 2012 966 2069 aetas
989 2025 1059 2069 esse
1082 2014 1205 2089 posset,
1237 2006 1264 2068 si
1285 2025 1350 2068 non
1373 2004 1466 2067 modo
1489 2003 1623 2086 parenti,

300 2091 355 2155 tali
380 2095 466 2170 viro,
494 2118 603 2161 verum
637 2099 731 2161 etiam
761 2100 934 2184 municipio
957 2107 1020 2164 tam
1042 2100 1157 2162 illustri
1178 2119 1215 2162 ac
1236 2106 1302 2162 iam
1324 2098 1410 2181 gravi
1432 2097 1623 2178 displiceret.

264 2185 354 2250 rolli.
376 2187 406 2251 d.
428 2190 601 2273 Equidem,
628 2200 664 2255 ut
685 2193 725 2254 ad
748 2212 797 2256 me
818 2204 977 2269 revertar,
1004 2194 1043 2257 ab
1064 2192 1115 2255 bis
1137 2193 1279 2256 sontibus
1302 2191 1439 2275 profluxi
1460 2191 1500 2253 ad
1521 2189 1624 2253 bomi-

300 2300 377 2345 num
397 2282 537 2359 imam,
567 2292 600 2349 et
627 2306 716 2349 meus
744 2286 797 2350 bic
824 2286 961 2351 forensis
986 2287 1079 2350 labor
1106 2288 1255 2370 vitaeque
1276 2285 1356 2348 ratio
1384 2284 1557 2348 dimanavit
1581 2283 1623 2347 ad

214 2434 217 2442 .
300 2375 565 2441 existimationem
585 2378 750 2442 bominum
772 2380 868 2464 paulo
889 2380 982 2444 latios
998 2379 1273 2444 commendatione
1287 2399 1324 2442 ac
1338 2378 1456 2442 iudicio
1471 2396 1622 2441 meorum.

309 2486 316 2500 ’
383 2471 462 2533 Nam
484 2474 569 2557 quod
591 2474 747 2537 obiectum
768 2480 817 2537 est
838 2473 879 2536 de
898 2474 1053 2557 pudicitia
1075 2475 1226 2558 quodque
1249 2474 1390 2536 omnium
1404 2479 1623 2534 accusatorum

300 2582 364 2627 non
386 2564 584 2641 criminibus,
606 2566 663 2630 sed
684 2567 816 2631 vocibus
837 2567 1079 2651 maledictisque
1101 2567 1293 2631 celebratum
1316 2574 1381 2641 est,
1402 2564 1434 2628 id
1450 2583 1622 2647 numquam

263 2672 291 2719 44
301 2665 364 2721 tam
384 2659 496 2723 acerbe
517 2660 598 2724 feret
617 2661 659 2723 bl.
683 2660 816 2735 Caelius,
837 2667 873 2722 ut
887 2681 960 2725 eum
973 2662 1132 2745 paeniteat
1145 2680 1212 2723 non
1227 2659 1400 2724 deformem
1414 2677 1485 2721 esse
1499 2666 1623 2740 natum3

299 2760 374 2815 snat
399 2754 484 2817 enim
513 2754 574 2817 isia
595 2753 760 2819 maledieta
780 2756 965 2839 pervulgata
985 2755 1018 2817 in
1041 2773 1167 2829 omnes,
1197 2773 1332 2837 quorum
1354 2752 1388 2815 in
1409 2752 1625 2815 adolescentia

298 2844 399 2910 torma
420 2853 453 2908 et
473 2847 595 2932 species
613 2847 674 2912 fuit
694 2848 843 2913 liberalis.
878 2848 940 2912 Sed
956 2848 1043 2911 aliud
1059 2854 1108 2912 est
1121 2847 1203 2911 male
1219 2846 1340 2922 dicere,
1363 2846 1450 2909 aliud
1463 2864 1624 2910 accusare.

297 2938 464 3005 Accusatio
486 2942 605 3006 crimen
627 2942 803 3018 desiderat,
832 2964 898 3006 rem
924 2948 961 3005 ut
982 2938 1127 3017 definiat,
1155 2940 1314 3003 hominem
1338 2947 1374 3003 ut
1393 2947 1501 3015 notet,
1529 2958 1625 3022 arqu-

299 3041 405 3097 mento
434 3036 565 3119 probet,
595 3042 674 3100 teste
703 3035 875 3101 confirmet
917 3035 1099 3100 Maledictio
1120 3042 1226 3097 autem
1248 3033 1328 3097 nihil
1350 3033 1446 3097 habet
1466 3038 1624 3119 propositi

262 3135 423 3214 topraeter
444 3130 684 3194 contumeliam:
706 3151 788 3215 quae
812 3132 838 3194 si
861 3131 1053 3216 petulantius
1069 3130 1212 3203 iactatur,
1228 3128 1415 3202 convicium,
1438 3130 1464 3192 si
1480 3128 1624 3207 facetius,

298 3222 459 3287 urbanitas
487 3225 676 3289 nominatur.
719 3223 749 3288 7.
773 3226 875 3301 Quam
906 3223 1035 3308 quidem
1066 3230 1187 3304 partem
1216 3222 1428 3285 accusationis
1453 3222 1623 3288 admiratus

299 3335 370 3379 sum
390 3325 423 3380 et
444 3317 575 3380 moleste
594 3319 653 3382 tuli
668 3320 864 3403 potissimum
879 3338 949 3381 esse
964 3317 1109 3381 Atratino
1127 3316 1247 3391 daiam;
1270 3336 1375 3399 neque
1391 3318 1475 3379 enim
1491 3315 1624 3381 decebat

300 3427 405 3493 neque
426 3418 512 3475 aetas
534 3411 588 3475 illa
610 3412 790 3498 postulabat
811 3433 933 3495 neque,
956 3411 990 3475 id
1012 3411 1098 3494 quod
1112 3410 1362 3473 animadvertere
1381 3411 1543 3494 poteratis,
1564 3432 1624 3493 pu-

300 3502 359 3567 dor
379 3505 556 3589 patiebatur
576 3507 688 3590 optimi
709 3505 919 3569 adolescentis
941 3507 975 3569 in
997 3504 1052 3568 tali
1073 3504 1162 3567 ibam
1178 3505 1321 3568 oratione
1339 3507 1467 3568 versari.
1499 3505 1623 3569 Vellem

263 3597 400 3682 italiqui
422 3618 463 3661 ex
484 3601 575 3664 vobis
595 3599 828 3663 robustioribus
848 3600 933 3663 bunc
954 3600 1036 3663 male
1058 3600 1183 3664 dicendi
1205 3598 1310 3662 locum
1331 3602 1534 3683 suscepisset:
1565 3600 1624 3663 ali-

301 3703 421 3780 quanto
441 3694 570 3759 liberius
592 3702 625 3759 et
644 3694 758 3757 lortius
781 3702 812 3757 et
834 3695 933 3777 magis
955 3715 1043 3758 more
1065 3702 1173 3759 nostro
1194 3693 1404 3758 refutaremus
1425 3695 1519 3758 istam
1540 3694 1623 3759 male

259 3789 425 3869 {edicendi
447 3789 618 3852 licentiam.
654 3789 788 3862 Tecum,
819 3790 976 3864 Atratino,
1006 3808 1097 3872 aqam
1117 3790 1238 3863 lenius,
1267 3788 1353 3871 quod
1375 3796 1407 3852 et
1427 3789 1530 3871 pudor
1550 3796 1623 3851 tuus

203 3896 225 3913 ⁶
252 3900 262 3914 ⁴
299 3882 480 3949 moderatur
501 3882 635 3946 orationi
658 3901 748 3945 meae
769 3889 801 3945 et
822 3901 927 3945 meum
950 3900 1024 3965 erga
1045 3888 1076 3945 te
1091 3890 1318 3966 parentemque
1332 3890 1421 3945 tuum
1434 3878 1624 3947 beneficium

229 3974 245 3996 ⁹
301 3979 381 4044 tueri
403 3979 513 4042 debeo.
557 3974 587 4039 8.
609 3976 692 4040 lllud
714 3982 818 4040 tamma
841 3986 872 4040 te
894 3996 965 4040 esse
986 3976 1184 4039 admonitum
1197 3975 1290 4040 volo:
1311 3976 1446 4060 primum
1461 3975 1564 4059 qualis
1579 3997 1624 4052 es,

260 4073 395 4140 scalen
417 4081 449 4136 te
471 4070 518 4106 *³*
541 4071 738 4146 existiment3
759 4079 812 4146 ui,
834 4079 987 4155 qnantum
1007 4089 1027 4134 a
1048 4090 1154 4134 rerum
1175 4070 1372 4153 turpitudine
1393 4068 1478 4144 abes,
1500 4077 1624 4135 tantum

298 4173 330 4232 ie
352 4187 372 4230 a
391 4166 559 4232 verborum
591 4166 736 4229 libertate
763 4166 928 4248 seiunqas:
960 4165 1093 4238 deinde,
1125 4171 1161 4226 ut
1189 4184 1226 4227 ea
1254 4165 1288 4226 in
1310 4162 1443 4226 alterum
1463 4183 1505 4226 ne
1527 4164 1623 4246 dicas,

300 4282 383 4348 quae
410 4281 481 4325 cnm
508 4261 566 4324 tibi
593 4260 675 4324 ialso
704 4279 856 4345 responsa
877 4259 958 4335 sint,
986 4259 1163 4322 erubescas.
1199 4256 1278 4333 Quia
1300 4264 1349 4320 esi
1370 4258 1470 4333 enim,
1499 4260 1549 4323 cui
1570 4263 1624 4325 via

299 4360 360 4423 isia
391 4376 456 4419 non
485 4357 615 4440 paieati
648 4355 704 4438 qui
734 4355 786 4416 isti
815 4355 911 4416 aetati
934 4349 1043 4436 [atque
1065 4352 1158 4414 etiam
1180 4351 1233 4413 isti
1256 4344 1413 4432 dignitati]
1436 4370 1502 4414 non
1522 4357 1624 4436 possit

300 4470 395 4536 quam
416 4449 494 4514 velit
515 4449 709 4535 petulanter,
733 4449 826 4510 etiam
848 4449 875 4511 si
898 4447 967 4509 sine
987 4445 1054 4509 nlla
1076 4444 1273 4527 suspicione,
1301 4450 1333 4505 at
1354 4462 1418 4506 non
1440 4445 1508 4508 sine
1530 4464 1623 4530 argu-

259 4551 406 4607 stmento
428 4544 509 4607 male
532 4544 659 4608 diceret
692 4541 756 4606 Sed
777 4542 908 4604 istarum
928 4539 1063 4623 partium
1087 4537 1181 4620 culpa
1202 4544 1251 4600 est
1266 4556 1392 4611 eorum,
1415 4538 1469 4621 qui
1484 4545 1515 4602 te
1530 4559 1623 4623 agere

365 4750 389 4798 t.
409 4747 535 4811 4444444444·
556 4760 609 4798 om.
628 4749 649 4796 G
673 4773 700 4782 -
725 4745 883 4808 44444444νί444
900 4744 920 4794 C
943 4740 1007 4806 (sed
1024 4742 1051 4792 in
1067 4743 1086 4792 P
1103 4741 1152 4790 4444·
1168 4752 1205 4790 m.
1224 4741 1239 4790 4
1257 4741 1284 4790 in
1301 4752 1393 4790 rasura
1411 4741 1540 4805 scriptum
1557 4747 1621 4808 esti:

298 4822 425 4873 4444444444
441 4820 514 4882 edd,
532 4820 566 4871 de
584 4835 636 4884 qua
653 4818 853 4885 interpolatione
870 4834 896 4869 v.
909 4819 996 4871 Madv.
1015 4831 1042 4882 p.
1055 4815 1103 4882 444
1121 4816 1202 4866 nois
1219 4818 1247 4880 et
1263 4816 1306 4866 394
1329 4818 1382 4866 not.
1400 4818 1466 4866 4.-
1485 4815 1624 4869 boboam

297 4897 460 4948 4444444436
473 4920 500 4933 -
520 4894 544 4946 4.
557 4896 669 4961 manaa
684 4897 718 4945 P:
736 4894 858 4956 iidanqoe
874 4893 959 4943 Go-
978 4892 1066 4954 equitis
1078 4894 1115 4943 .44.
1133 4894 1195 4952 PG;
1214 4892 1273 4942 lori.
1286 4893 1396 4955 equitum
1411 4892 1581 4943 ltocsoaomm
1593 4921 1620 4931 —

299 4974 324 5024 s.
336 4972 488 5036 4444444444
503 4975 578 5032 cique
594 4969 779 5021 ordicoibnma
795 4970 815 5018 P
834 4995 861 5005 -
880 4969 904 5018 6.
923 4968 1006 5018 iecisse
1021 4969 1050 5029 P,
1069 4967 1117 5017 sed
1134 4968 1170 5017 icc
1187 4968 1213 5015 in
1229 4980 1300 5025 ras.;
1318 4965 1423 5016 videtur
1439 4967 1516 5030 aptaro
1532 4967 1621 5019 tuisse.

301 5072 328 5084 -·
341 5046 366 5096 7.
384 5045 498 5094 4444444444
515 5046 574 5095 4.-
594 5046 618 5094 9.
635 5045 735 5094 inlusos·
751 5046 770 5094 P
785 5070 811 5078 -
831 5045 871 5093 t0.
885 5045 916 5093 st
933 5044 1031 5104 quidem
1048 5044 1108 5091 G-
1127 5046 1246 5092 revortar
1262 5043 1282 5091 P
1296 5069 1323 5079 -
1343 5044 1381 5092 44.
1395 5046 1418 5092 44
1435 5042 1515 5091 onmis
1530 5043 1587 5092 binc
1602 5044 1622 5094 E

301 5148 328 5158 ·-
346 5121 465 5171 4444444444
479 5123 521 5181 1³¹,
545 5121 574 5169 ui
594 5120 707 5170 videtur.
733 5140 761 5155 -
789 5116 829 5169 44.
847 5117 1062 5168 criminationibus
1078 5119 1098 5167 E
1124 5144 1150 5153 -
1178 5119 1217 5168 45.
1233 5119 1343 5180 pocomi
1358 5119 1391 5178 P,
1414 5117 1538 5178 comiaco
1555 5117 1574 5167 0
1593 5144 1620 5154 -

299 5197 339 5248 46.
357 5198 422 5247 esim
439 5197 473 5246 C:
491 5197 579 5247 4444444
596 5195 616 5245 0
636 5221 664 5231 -
678 5195 830 5258 pouotqato
846 5198 864 5246 P
883 5219 911 5229 -
931 5193 972 5244 49.
991 5206 1015 5243 es
1032 5195 1058 5242 in
1075 5196 1133 5242 44444
1148 5194 1167 5242 P
1185 5193 1211 5242 in
1228 5205 1280 5242 ras.
1299 5190 1388 5242 babet.
1407 5217 1434 5227 -
1453 5191 1493 5242 iti.
1512 5191 1624 5242 4444444444

298 5273 425 5324 Muretus.
445 5298 473 5308 -
492 5272 533 5322 ii.
552 5271 688 5321 (4444444444
704 5272 723 5321 l.
741 5296 768 5306 —
793 5268 834 5320 ti.
853 5269 948 5332 optumi
965 5270 985 5317 G
1004 5294 1031 5304 -
1054 5268 1094 5317 st.
1113 5267 1192 5328 aliqui
1209 5270 1243 5317 P:
1267 5267 1359 5329 aitqacis
1375 5265 1452 5317 EGO
1472 5292 1499 5302 -
1523 5267 1624 5329 44444444

299 5345 393 5399 bamb.
411 5347 438 5396 in
455 5358 539 5409 marg.
553 5359 586 5396 ex
604 5345 663 5396 eod.
678 5371 706 5381 -
724 5346 765 5395 29.
784 5346 846 5394 iliud
862 5349 960 5393 4444444444
976 5346 999 5392 is
1015 5355 1065 5393 4444
1079 5343 1200 5392 4444444444
1217 5343 1278 5392 4.-
1296 5341 1336 5391 344.
1355 5340 1429 5390 4444444
1446 5345 1469 5391 ts
1483 5342 1623 5393 4444444444

299 5424 319 5476 C
337 5421 395 5485 (sed
411 5424 430 5472 P
447 5423 608 5480 maimoni,
626 5435 639 5472 4
656 5421 682 5471 in
698 5420 774 5470 iotam
790 5422 818 5470 et
833 5424 843 5469 4
859 5419 886 5469 tn
903 5418 1014 5469 isidem
1032 5416 1092 5468 cod.
1111 5418 1138 5466 in
1154 5429 1247 5466 rasura
1264 5414 1367 5478 babet);
1386 5415 1461 5465 444444
1477 5421 1501 5466 ts
1516 5429 1567 5466 4444
1581 5417 1623 5467 ito

297 5499 375 5550 444444
390 5498 530 5550 aaronem
546 5494 618 5555 c01.;
641 5495 717 5545 444444
736 5500 759 5545 a
778 5507 830 5545 esa
850 5495 975 5544 4444444444
997 5492 1031 5553 0;
1054 5485 1130 5542 icam
1144 5492 1170 5540 44
1186 5496 1210 5541 a
1225 5502 1276 5541 aa
1291 5491 1430 5541 sesam
1445 5491 1473 5541 t.
1501 5491 1622 5542 menum

298 5576 403 5638 signnm
419 5573 557 5638 posuimus
573 5583 635 5621 cam
646 5569 755 5632 Klotzio,
774 5570 818 5634 qui
835 5569 904 5619 coni.
922 5568 997 5618 4444444
1013 5572 1036 5618 44
1052 5579 1102 5617 esso
1118 5579 1200 5616 4444444
1215 5565 1368 5622 amaseni,
1387 5565 1518 5616 sententia
1534 5566 1622 5629 potius

299 5649 425 5713 requirit:
444 5647 519 5698 4444444
535 5650 558 5696 ts
572 5645 632 5695 ociis
646 5646 754 5695 4444444444
771 5642 821 5708 (vel
839 5645 872 5707 444
890 5642 1038 5694 4444444444.
1058 5640 1096 5691 Ci.
1111 5640 1227 5701 deorst.
1239 5641 1276 5702 11,
1294 5639 1378 5703 stro.
1393 5665 1420 5675 -
1440 5639 1481 5690 34.
1500 5655 1518 5691 o
1532 5640 1623 5690 444444-

298 5723 433 5774 44444444ε
455 5723 635 5782 comaclo,
657 5720 791 5771 absonam
809 5713 839 5771 Ρ·
859 5745 886 5756 -
912 5717 1045 5780 samaa
1066 5716 1474 5781 cismatidtqoitotiomP&
1500 5716 1623 5778 44444444

298 5791 1114 5863 44444444444444444444444444444444,4444444444444444444444444,
1132 5791 1623 5856 mommorenciacensem

301 5875 440 5940 4440444444
456 5871 573 5946 patos.
593 5897 622 5908 —-
640 5868 681 5924 34.
699 5883 777 5937 quom
790 5869 849 5922 cciii
864 5881 918 5921 om.
935 5868 988 5921 Eo
1006 5894 1034 5905 -
1053 5867 1075 5918 ai
1091 5879 1144 5918 om.
1162 5866 1222 5919 EG.
