3800 7350
301 1174 382 1241 llas
694 1172 845 1237 ORATIO
867 1171 945 1235 PRO
969 1171 1030 1235 CN.
1051 1168 1223 1235 PLANCIO

300 1367 359 1429 eqo
390 1347 429 1408 de
460 1364 510 1406 me
539 1350 657 1406 tantum
687 1343 789 1426 audeo
818 1343 939 1416 dicere,
972 1341 1141 1403 amicitiam
1168 1358 1269 1402 meam
1298 1337 1448 1421 voluptati
1473 1327 1633 1417 pluribus

301 1459 394 1523 quam
416 1437 574 1521 praesidio
597 1435 710 1509 luisse,
741 1456 855 1520 meque
876 1435 1079 1498 vehementer
1100 1434 1183 1496 vitae
1205 1451 1293 1494 meae
1315 1430 1509 1513 paeniteret,
1543 1423 1572 1487 si
1594 1421 1633 1484 in

301 1552 370 1594 mea
390 1530 600 1593 familiaritate
622 1528 711 1592 locus
734 1537 817 1593 esset
838 1528 955 1592 nemini
977 1527 1039 1590 nisi
1061 1526 1198 1609 litigioso
1219 1532 1275 1588 aut
1296 1525 1430 1588 nocenti.

383 1623 529 1686 XXXIV.
551 1619 602 1685 83.
633 1622 695 1685 Sed
721 1622 799 1685 haec
827 1621 1019 1705 nescioquo
1042 1619 1134 1684 modo
1156 1619 1339 1703 frequenter
1359 1617 1393 1679 in
1413 1637 1464 1680 me
1487 1628 1632 1696 conger

277 1719 368 1782 ssisti
397 1737 536 1799 saneque
566 1718 599 1779 in
626 1735 664 1778 eo
687 1716 796 1779 creber
823 1714 924 1788 luisti,
955 1722 985 1777 te
1008 1714 1125 1776 idcirco
1146 1713 1180 1775 in
1201 1712 1294 1775 ludos
1315 1731 1440 1775 causam
1462 1708 1630 1773 coniicere

300 1812 456 1882 noluisse,
479 1830 519 1872 ne
542 1830 601 1891 eqo
623 1828 693 1872 mea
715 1807 943 1872 consuetudine
967 1807 1086 1890 aliquid
1104 1806 1143 1869 de
1160 1806 1259 1869 tensis
1274 1804 1509 1870 misericordiae
1525 1817 1631 1863 causa

301 1908 453 1978 dicerem,
482 1904 567 1987 quod
597 1905 630 1966 in
658 1903 728 1965 aliis
757 1902 909 1965 aedilibus
936 1908 1008 1963 ante
1037 1900 1193 1962 fecissem.
1236 1900 1307 1962 Non
1336 1898 1416 1961 nihil
1444 1894 1539 1978 egisti
1561 1893 1629 1956 hoc

301 2001 386 2074 loco;
408 2019 481 2061 nam
502 1997 580 2060 mihi
595 1996 739 2079 eripuisti
755 2003 971 2058 ornamentum
985 1993 1136 2057 orationis
1154 2012 1253 2056 meae.
1285 1991 1468 2065 Deridebor,
1491 1990 1517 2052 si
1533 2006 1630 2051 men-

301 2094 418 2156 tionem
441 2099 599 2155 tensarum
621 2090 742 2162 secero,
765 2109 835 2151 cum
857 2097 890 2151 tu
912 2088 945 2150 id
967 2086 1179 2171 praedixeris:
1205 2086 1273 2148 sine
1295 2086 1393 2148 tensis
1414 2093 1520 2147 autem
1543 2078 1628 2166 quid

265 2194 411 2270 topotero
434 2185 561 2248 diceret
594 2182 652 2244 Hic
675 2182 769 2245 etiam
791 2180 940 2244 addidisti
962 2201 1012 2243 me
1034 2181 1151 2244 idcirco
1174 2199 1243 2243 mea
1258 2181 1326 2261 lege
1342 2178 1454 2242 exsilio
1468 2176 1628 2240 ambitum

302 2279 461 2351 sanxisse,
490 2283 526 2338 ut
555 2274 799 2337 miserabiliores
829 2274 970 2358 epilogos
997 2294 1122 2358 possem
1145 2273 1259 2335 dicere.
1295 2275 1365 2336 Non
1387 2272 1475 2335 vobis
1496 2270 1628 2332 videtur

302 2394 373 2436 cum
401 2371 508 2454 aliquo
538 2368 764 2443 declamatore,
793 2388 857 2431 non
888 2388 959 2431 cum
989 2368 1105 2431 laboris
1127 2374 1160 2430 et
1179 2365 1239 2429 lori
1261 2365 1415 2447 discipulo
1438 2364 1626 2447 disputaret

302 2462 353 2527 el.
380 2464 483 2527 Rhodi
513 2464 613 2535 enim,
647 2462 766 2545 inquit,
795 2480 854 2543 ego
883 2482 947 2525 non
978 2461 1039 2523 fui:
1070 2481 1120 2523 me
1149 2460 1215 2523 vult
1241 2458 1357 2522 fuisse:
1391 2458 1447 2521 sed
1476 2455 1540 2529 lui,
1572 2456 1627 2519 in-

303 2558 389 2640 quit,
411 2589 453 2603 -
481 2555 631 2639 putabam
661 2554 695 2615 in
723 2555 873 2617 Vaccaeis
905 2553 1062 2617 dicturum
1083 2555 1250 2617 -bisin
1272 2551 1426 2635 Bithynia.
1468 2551 1501 2613 Si
1531 2550 1626 2613 locus

267 2651 397 2715 sehabet
424 2648 680 2732 reprehensionis
710 2667 819 2710 ansam
848 2648 1003 2729 aliquam,
1037 2648 1142 2710 nescio
1171 2668 1227 2709 cur
1255 2647 1444 2708 severiorem
1472 2645 1625 2709 Nicaeam

303 2751 395 2825 putes
419 2763 514 2825 quam
535 2741 700 2804 Rhodum:
723 2741 749 2804 si
772 2738 942 2822 spectanda
964 2748 1147 2815 causaest,
1169 2748 1200 2803 et
1221 2746 1256 2802 tu
1277 2740 1309 2801 in
1331 2738 1477 2821 Bithynia
1499 2756 1626 2801 summa

304 2857 374 2900 cum
398 2836 550 2918 dignitate
571 2834 658 2897 fuisti
681 2841 714 2897 et
735 2854 793 2915 ego
816 2834 919 2897 llbodi
940 2855 1005 2898 non
1026 2836 1173 2897 minore·
1189 2834 1267 2897 Nam
1291 2832 1376 2916 quod
1399 2833 1431 2894 in
1453 2851 1491 2896 eo
1507 2852 1557 2895 me
1573 2850 1627 2893 re·

304 2928 517 3013 prehendisti,
541 2926 627 3011 quod
649 2928 781 2990 nimium
803 2928 919 2991 multos
934 2927 1153 3002 defenderem,
1174 2929 1293 2990 utinam
1317 2935 1348 2989 et
1369 2935 1420 3000 tu,
1443 2926 1498 3010 qui
1519 2932 1626 3008 potes,

305 3033 336 3108 et
357 3022 470 3097 ceteri,
498 3022 553 3104 qui
577 3019 757 3103 defugiunt,
785 3020 903 3084 vellent
930 3043 981 3084 me
1008 3022 1114 3085 labore
1143 3021 1202 3084 boc
1229 3021 1350 3085 levaret
1379 3020 1434 3082 sed
1463 3016 1497 3082 fit
1519 3026 1626 3082 restra

267 3115 484 3199 rediligentia,
508 3114 563 3197 qui
586 3114 688 3177 causis
710 3114 923 3198 ponderandis
939 3135 1048 3179 omnes
1062 3115 1128 3178 fere
1143 3115 1336 3198 repudiatis,
1358 3121 1393 3176 ut
1412 3113 1451 3176 ad
1474 3133 1532 3176 nos
1555 3112 1627 3196 ple-

304 3230 421 3294 raeque
450 3209 625 3281 confluant,
659 3207 713 3290 qui
740 3208 864 3271 miseris
894 3218 925 3272 et
952 3209 1164 3273 laborantibus
1191 3228 1306 3290 negare
1336 3207 1414 3270 nihil
1442 3227 1625 3289 possumus.

304 3302 355 3365 85.
378 3301 579 3364 Admonuisti
602 3302 704 3375 etiam,
726 3302 813 3385 quod
835 3304 867 3365 in
887 3304 979 3366 Creta
999 3302 1128 3376 fuisses,
1151 3303 1267 3364 dictum
1288 3300 1419 3384 aliquod
1442 3302 1475 3363 in
1497 3300 1626 3384 petitio·

304 3416 376 3459 nem
398 3401 484 3459 tuam
506 3393 569 3457 dici
590 3396 748 3478 potuisse:
775 3415 825 3457 me
847 3396 879 3457 id
900 3396 1088 3479 perdidisse.
1125 3396 1199 3458 Uter
1220 3396 1315 3478 igitur
1335 3403 1476 3457 nostrum
1499 3400 1547 3456 est
1569 3413 1626 3456 cu·
1678 3421 1685 3430 ·

305 3489 410 3574 pidior
431 3488 529 3550 dicti‘l
551 3507 668 3570 egone,
691 3488 746 3571 qui
762 3489 849 3572 quod
871 3490 932 3551 dici
955 3490 1058 3571 potuit
1075 3509 1140 3551 non
1155 3489 1303 3563 dixerim,
1326 3509 1365 3551 an
1380 3497 1432 3563 tu,
1455 3488 1510 3572 qui
1527 3488 1625 3550 etiam

269 3585 374 3668 seipse
396 3583 429 3646 in
451 3589 483 3645 te
504 3580 646 3644 dixeris‘l
668 3584 712 3644 Te
735 3582 841 3645 aiebas
864 3583 904 3646 de
925 3584 990 3645 tuis
1012 3583 1107 3645 rebus
1124 3584 1219 3666 gestis
1234 3583 1337 3645 nullas
1352 3584 1472 3645 litteras
1487 3581 1624 3654 misisse,

307 3679 392 3763 quod
415 3677 492 3740 mihi
515 3697 616 3750 meae,
640 3697 719 3760 quas
741 3675 781 3739 ad
803 3677 940 3760 aliquem
964 3678 1133 3752 misissem,
1158 3677 1349 3741 abfuissent:
1372 3697 1452 3761 quas
1467 3696 1526 3759 ego
1544 3673 1623 3738 mibi

307 3771 445 3835 obfuisse
467 3790 532 3833 non
553 3770 714 3851 intelligo,
736 3771 783 3833 rei
804 3770 949 3853 publicae
971 3771 1064 3834 video
1086 3772 1236 3854 prodesse
1261 3773 1413 3855 potuisse.

388 3864 520 3928 XXXV.
542 3861 593 3926 86.
623 3865 684 3927 Sed
714 3871 787 3927 sunt
814 3864 892 3928 baec
918 3865 1052 3938 leviora,
1082 3866 1136 3928 illa
1157 3886 1231 3929 vero
1255 3865 1361 3947 gravia
1382 3872 1477 3947 atque
1500 3883 1623 3945 magna,

306 3960 390 4043 quod
412 3979 515 4021 meum
539 3956 729 4031 discessum,
759 3978 853 4041 quem
881 3978 975 4041 saepe
998 3958 1146 4033 dederas,
1174 3979 1258 4021 nunc
1280 3959 1370 4041 quasi
1390 3957 1624 4040 reprehendere

268 4061 338 4120 acet
359 4054 567 4115 subaccusare
589 4051 726 4114 voluisti.
758 4052 873 4114 Dixisti
896 4053 980 4114 enim
1002 4073 1067 4115 non
1088 4052 1241 4114 auxilium
1257 4052 1344 4125 mibi,
1367 4052 1424 4114 sed
1438 4072 1487 4114 me
1503 4051 1623 4114 auxilio

306 4144 461 4208 defuisse:
492 4164 551 4226 eqo
573 4164 648 4206 vero
670 4143 772 4207 fateor
792 4166 859 4219 me,
882 4146 968 4229 quod
992 4145 1121 4208 viderim
1144 4145 1220 4208 mihi
1241 4146 1393 4208 auxilium
1414 4167 1479 4208 non
1501 4146 1622 4216 deesse,

306 4238 422 4301 idcirco
451 4259 501 4301 me
531 4238 579 4300 illi
607 4239 725 4301 auxilio
753 4240 942 4323 pepercisse.
983 4240 1045 4314 Qui
1077 4240 1160 4301 enim
1184 4247 1300 4312 status,
1333 4239 1417 4321 quod
1443 4239 1622 4312 discrimen,

306 4350 388 4412 quae
413 4329 510 4394 fuerit
537 4331 571 4393 in
599 4352 633 4394 re
663 4333 792 4414 publica
812 4340 983 4417 tempestas
1004 4334 1072 4407 illa,
1100 4334 1173 4415 quis
1195 4333 1317 4395 nescit?
1350 4333 1551 4397 Tribunicius
1573 4353 1623 4395 me

368 4726 392 4774 Τ.
408 4723 546 4786 praesidios
562 4723 615 4772 T-
631 4725 752 4786 peniteat
768 4725 801 4781 Τ·,
816 4724 951 4786 poeniteret
967 4725 1049 4775 130-
1069 4723 1093 4775 l.
1112 4725 1171 4775 baec
1187 4725 1250 4775 TE:
1268 4725 1383 4776 bon-
1403 4727 1579 4779 5.coaicereT
1593 4754 1619 4764 -

304 4798 664 4865 6.es]oecE-tbreesisl';
683 4798 841 4848 limasti-
857 4799 1036 4848 eameram
1052 4801 1084 4859 E;
1104 4800 1286 4849 tbemcss-
1304 4803 1516 4853 tecaeoidT-
1534 4803 1623 4853 messis

305 4876 352 4926 TE
366 4902 392 4912 -
412 4874 479 4939 quid]
496 4875 562 4936 quod
578 4876 597 4923 Τ
610 4899 637 4910 -
658 4876 697 4924 40.
710 4875 756 4924 llic
771 4875 848 4926 etiam
858 4901 896 4913 --
903 4888 1000 4936 possem
1016 4875 1097 4924 diem
1112 4873 1193 4924 babet
1210 4878 1231 4924 A
1244 4901 1272 4910 -
1290 4875 1388 4926 Addidit
1404 4891 1443 4927 me
1459 4879 1551 4927 ideirco
1567 4891 1624 4927 mea

303 4952 355 5014 lepe
369 4963 401 5000 ees
417 4951 459 4999 itte
476 4949 571 4999 amburi
585 4950 685 5000 sensisse
700 4948 781 5000 babet
792 4951 936 5001 Arusianus
954 4965 975 5002 s.
989 4964 1015 5001 v.
1028 4952 1112 5001 Sentio
1128 4952 1221 5001 cemes
1238 4965 1271 5001 er
1286 4952 1329 5000 itto
1346 4965 1372 5015 p.
1385 4951 1433 5001 26³
1445 4952 1487 5001 ed.
1502 4951 1621 5001 liudem.

306 5054 332 5062 -·
346 5025 437 5075 eddisti
452 5025 472 5074 E
484 5049 511 5061 -
530 5025 606 5075 exilio
622 5025 742 5074 ambitum
758 5026 871 5076 sanxbse
881 5030 915 5077 A:
934 5026 1010 5076 aritio
1026 5025 1121 5075 amede
1136 5026 1244 5074 tracissc
1260 5025 1316 5075 ΤΕ.
1338 5026 1423 5075 Etiam
1434 5024 1503 5088 apud
1515 5027 1623 5076 Arusia-

304 5115 367 5151 num
383 5099 525 5164 legendum
543 5113 603 5150 esse
618 5101 700 5150 Sertei
716 5101 810 5151 crimen
826 5101 902 5152 aritio
919 5102 945 5152 et
962 5102 1038 5152 eritis
1054 5100 1174 5152 ambitum
1189 5100 1302 5150 sonaim
1318 5100 1407 5150 docuit
1417 5101 1579 5151 Garatonius.
1593 5128 1620 5136 —

303 5177 342 5227 43.
362 5176 439 5226 llbodr'
454 5175 650 5238 enim--snisse
665 5174 745 5225 babet
762 5179 783 5225 A
804 5203 829 5213 -
848 5177 925 5227 Hodie
940 5178 1006 5227 euim
1023 5176 1072 5226 TE
1090 5202 1117 5212 -
1136 5180 1154 5239 †
1170 5176 1213 5225 sed
1226 5176 1264 5237 [oi
1281 5176 1300 5225 0
1319 5202 1346 5210 -
1370 5174 1410 5225 tl.
1428 5176 1546 5224 Borcoeis
1561 5177 1624 5226 Nie-

302 5251 429 5309 bubrius;
447 5249 495 5300 sed
512 5251 619 5301 minime
637 5263 749 5301 necesse
767 5255 808 5302 est
823 5255 930 5315 gentem
947 5252 1091 5311 nominari,
1109 5251 1180 5315 apud
1197 5264 1277 5314 mam
1289 5252 1438 5302 Laterensis
1454 5265 1548 5315 reapse
1560 5265 1624 5302 ver-

303 5331 375 5378 satus
392 5326 438 5387 sit,
457 5325 521 5376 dum
538 5326 618 5376 modo
637 5327 661 5376 ei
678 5327 747 5389 genti
765 5327 834 5378 desit
851 5325 960 5379 facultas
977 5329 1068 5378 ornato
1080 5326 1194 5376 dicendi.
1209 5352 1236 5362 -
1255 5327 1292 5377 bis
1307 5327 1355 5377 ΤΕ
1366 5341 1371 5374 :
1383 5325 1426 5375 dis
1441 5326 1580 5377 Nicoeon
1594 5351 1620 5362 -

302 5402 413 5464 bytbmio
429 5401 464 5460 133
483 5399 594 5451 Adeste
610 5402 629 5451 T
643 5427 667 5436 -
690 5403 731 5452 ts.
749 5403 846 5453 niceam
862 5403 911 5453 TE
931 5429 958 5438 -
978 5403 1018 5452 lli.
1031 5403 1146 5452 rhodium
1162 5402 1182 5452 E
1195 5429 1223 5438 -
1242 5401 1370 5464 bitinacio
1385 5401 1417 5461 T;
1435 5400 1545 5462 buttirria
1561 5402 1581 5451 A
1595 5431 1621 5440 -

303 5478 342 5526 47.
355 5477 381 5525 ia
397 5489 426 5525 so
441 5476 584 5525 ese--boc
600 5476 683 5526 boore
699 5474 781 5526 babet
796 5479 818 5527 A
832 5503 859 5512 -
878 5477 918 5527 ae.
936 5477 1164 5535 delmdeeesAT:
1183 5478 1331 5540 defenderim
1346 5478 1391 5529 EO
1402 5505 1435 5514 -
1451 5479 1491 5527 20.
1510 5480 1552 5538 qai
1564 5479 1621 5528 TE:

302 5552 346 5612 qui
360 5551 387 5600 ie
403 5553 423 5601 0
442 5576 469 5585 -
496 5552 575 5600 omnis
595 5553 614 5600 Τ
639 5578 665 5588 -
694 5552 735 5602 At.
753 5564 847 5615 aspare
868 5553 931 5602 nibil
946 5553 1011 5604 TE:
1036 5554 1099 5602 citit
1113 5566 1207 5617 cepere
1222 5555 1242 5603 0
1260 5579 1287 5589 -
1306 5554 1347 5603 ΤΞ.
1365 5552 1550 5614 Admorsesecisti
1568 5553 1622 5615 (sic)

302 5628 378 5679 etiem
388 5652 425 5664 ·-
436 5626 485 5676 dici
499 5629 606 5689 potuim
622 5626 704 5678 hebet
720 5629 740 5678 A
757 5654 783 5663 -
800 5628 948 5690 peticionem
965 5629 998 5688 T;
1015 5629 1132 5691 petitiom
1148 5630 1209 5676 A-
1228 5628 1269 5678 23.
1288 5627 1366 5691 tuem]
1384 5632 1437 5676 tem
1452 5631 1472 5676 A
1487 5655 1513 5663 -
1531 5628 1624 5690 potuis·

302 5717 352 5753 aen
368 5703 388 5753 E
406 5728 433 5738 -
459 5701 501 5753 al.
519 5703 586 5768 dicti]
604 5704 643 5753 dic
659 5704 722 5754 teE
741 5729 768 5738 -
795 5703 835 5753 se.
854 5705 880 5753 ie
897 5703 928 5765 le]
945 5703 1010 5753 inter
1026 5703 1046 5752 E
1065 5726 1092 5738 -
1121 5702 1151 5752 Te
1167 5700 1441 5764 ateem--oesutssent
1457 5701 1537 5752 habet
1555 5704 1575 5752 A
1594 5728 1620 5737 -

303 5781 398 5830 litteras
412 5779 476 5830 AE:
495 5777 581 5828 literae
597 5779 631 5838 03
650 5791 703 5829 om.
721 5778 741 5827 Τ
759 5803 787 5814 -
806 5779 847 5828 26.
866 5778 1037 5842 atramenta
1049 5777 1147 5840 anteisse
1163 5775 1183 5826 Ε
1202 5803 1230 5812 -
1249 5776 1289 5826 27.
1308 5775 1420 5839 ioteltepe
1436 5777 1455 5824 T
1470 5805 1496 5814 -
1515 5777 1556 5826 Τί).
1569 5789 1624 5838 sepe

305 5856 325 5906 T
343 5879 370 5892 -
389 5854 429 5906 32.
448 5854 541 5905 wareo
556 5867 595 5905 me
610 5854 647 5904 itti
663 5854 728 5904 TE:
746 5853 839 5904 idcireo
855 5853 892 5904 illi
909 5865 971 5904 cum
987 5852 1077 5918 paucis
1094 5849 1172 5902 codd.
1185 5850 1220 5910 03
1239 5849 1272 5901 cl.
1291 5863 1347 5900 var.
1365 5848 1426 5900 lect.
1443 5863 1471 5916 p.
1483 5850 1556 5912 4⁴26,
1569 5850 1593 5900 9.
