3800 7350
652 1209 725 1273 cn.
747 1211 1025 1275 xxx-xxxo.
1053 1210 1099 1295 §s
1121 1210 1265 1276 73-79.
1328 1205 1331 1216 ·
1533 1205 1614 1272 tosa

294 1375 426 1440 occulte.
469 1378 546 1439 Nam
574 1378 669 1462 paulo
700 1387 772 1441 aute
795 1380 902 1442 dixisti
925 1400 974 1442 me
997 1401 1068 1443 cum
1090 1382 1129 1443 iis
1152 1379 1336 1464 confligere,
1371 1402 1450 1465 quos
1473 1381 1614 1464 despice-

293 1489 378 1543 rem,
400 1489 464 1534 non
486 1470 639 1553 attingere
661 1492 731 1545 eos,
759 1474 813 1554 qui
836 1473 906 1555 plus
928 1482 1074 1557 possent,
1105 1474 1220 1557 quibus
1242 1475 1340 1538 iratus
1363 1495 1433 1539 esse
1455 1473 1612 1538 deberem.

294 1562 436 1639 Quorum
458 1563 587 1648 quidem
609 1597 650 1610 -
666 1566 738 1648 quis
761 1566 844 1628 enim
867 1587 929 1629 non
953 1567 1118 1650 intelligit,
1142 1588 1222 1651 quos
1245 1568 1350 1633 dicas?
1365 1602 1407 1615 -
1422 1586 1612 1650 quamquam

294 1677 359 1720 non
380 1665 429 1720 est
450 1677 543 1721 eausa
565 1677 628 1722 uua
650 1660 807 1733 omnium,
834 1668 937 1723 tamen
961 1670 1009 1724 est
1031 1662 1172 1723 omnium
1194 1661 1270 1724 mihi
1293 1663 1434 1745 probata.
1478 1658 1528 1722 76.
1560 1661 1612 1721 bte

293 1750 349 1812 Cu.
372 1751 560 1833 Pompeius,
595 1752 700 1814 multis
730 1752 955 1816 obsistentibus
986 1755 1054 1816 eius
1084 1773 1158 1836 erga
1185 1776 1235 1817 me
1258 1756 1362 1818 studio
1385 1765 1480 1837 atque
1502 1754 1638 1826 amoris

292 1862 416 1928 semper
437 1844 566 1917 (1113311,
593 1865 717 1928 semper
737 1865 794 1908 sua
816 1848 1035 1911 coniunctione
1059 1848 1276 1930 dignissimum
1299 1849 1466 1921 iudicavit,
1488 1866 1612 1930 semper

290 1956 354 2001 non
376 1938 470 2001 modo
491 1938 701 2011 incolumem,
724 1938 779 2001 sed
801 1940 892 2003 etiam
908 1941 1137 2023 amplissimum
1152 1949 1247 2024 atque
1261 1943 1495 2005 ornatissimum
1510 1939 1612 2002 voluit

291 2050 369 2094 esse.
413 2030 541 2094 Vestrae
562 2029 702 2104 fraudes,
725 2043 862 2097 vestrum
883 2034 1003 2107 scelus,
1026 2042 1148 2097 restrae
1170 2035 1403 2098 criminationes
1425 2032 1610 2096 insidiarum

290 2142 444 2198 mearum,
467 2124 552 2187 illius
575 2124 803 2207 periculorum,
827 2127 945 2191 nefarie
969 2125 1075 2202 fictae,
1104 2128 1197 2190 simul
1219 2148 1345 2203 eorum,
1374 2127 1428 2211 qui
1450 2124 1611 2189 familiari·

289 2218 361 2282 tatis
383 2217 510 2281 licentia
531 2238 659 2281 suorum
682 2218 987 2300 improbissimorum
1011 2242 1188 2284 sermonum
1211 2221 1404 2285 domicilium
1426 2221 1460 2281 in
1482 2217 1610 2282 auribus
1620 2235 1647 2279 to

290 2312 358 2373 eius
378 2310 516 2393 impulsu
538 2318 642 2374 vestro
666 2312 873 2387 collocarunt,
896 2323 930 2378 nt
952 2335 1010 2398 ego
1034 2313 1236 2389 excluderer,
1258 2333 1451 2398 omnesque,
1474 2313 1529 2395 qui
1550 2332 1610 2383 me,

290 2406 345 2487 qui
367 2404 453 2467 illins
475 2404 624 2488 gloriam,
658 2408 712 2489 qui
744 2409 988 2491 rempublicam
1011 2409 1129 2472 salvam
1152 2428 1222 2471 esse
1249 2407 1432 2492 cupiebant,
1466 2425 1610 2468 sermone
1662 2471 1664 2477 ,

289 2505 385 2580 atque
406 2496 493 2561 aditu
515 2498 774 2581 prohiberentur:
796 2534 838 2547 —
860 2502 976 2582 quibus
998 2503 1093 2564 rebus
1116 2512 1165 2564 est
1185 2502 1368 2586 perfectum,
1390 2508 1425 2563 ut
1446 2499 1493 2562 illi
1516 2499 1608 2582 plane

290 2597 372 2653 stare
401 2610 459 2653 sno
488 2592 606 2655 iudicio
638 2612 702 2655 non
732 2594 861 2667 liceret,
889 2615 960 2657 cum
983 2597 1059 2658 certi
1086 2596 1231 2657 homines
1253 2614 1317 2657 non
1338 2594 1478 2658 studium
1501 2595 1609 2657 eiusa

290 2704 340 2746 me
365 2683 572 2759 alienassent,
599 2684 654 2748 sed
686 2687 838 2750 auxilinm
868 2690 1087 2752 retardassent.
1132 2685 1185 2750 77.
1207 2691 1320 2751 Nonne
1348 2689 1387 2751 ad
1415 2697 1445 2751 te
1470 2689 1505 2750 L.
1527 2689 1646 2752 Len-tt

291 2777 391 2851 tulus,
421 2779 475 2861 qui
504 2786 570 2841 tum
601 2788 669 2841 erat
697 2789 835 2862 praetor,
868 2801 933 2844 non
956 2782 993 2857 Q.
1018 2785 1137 2863 Sanga,
1167 2802 1231 2845 non
1252 2783 1286 2843 L.
1310 2783 1487 2866 Torquatus
1509 2789 1608 2865 pater,

290 2892 354 2934 non
375 2873 416 2934 Μ.
438 2871 589 2935 Lucullus
611 2874 720 2935 reniti
760 2875 813 2957 qui
843 2895 953 2938 omnes
983 2876 1022 2938 ad
1045 2895 1117 2936 eum
1140 2875 1294 2957 multique
1315 2874 1463 2938 mortales
1485 2883 1607 2938 oratum

288 2966 320 3029 in
337 2965 489 3028 Albanum
512 2966 772 3051 obsecratumque
794 2977 954 3041 venerant,
978 2978 1012 3032 ut
1034 2989 1074 3031 ne
1096 2987 1181 3031 meas
1203 2967 1344 3031 fortunas
1363 2967 1522 3031 desereret
1537 2989 1607 3030 cum

288 3058 333 3120 rei
363 3058 509 3141 publicae
538 3059 638 3122 salute
668 3062 862 3124 coniunctas.
907 3061 995 3138 Quos
1023 3063 1077 3125 ille
1106 3062 1144 3124 ad
1176 3070 1206 3123 te
1230 3068 1262 3123 et
1282 3062 1321 3125 ad
1343 3069 1432 3124 tuum
1454 3062 1608 3145 collegam

288 3154 421 3225 remisit,
445 3161 479 3215 ut
501 3171 626 3214 causam
649 3154 806 3236 publicam
828 3156 1050 3239 susciperetis,
1079 3165 1113 3218 ut
1134 3155 1174 3217 ad
1197 3161 1341 3217 senatum
1363 3153 1539 3218 referretis:
1573 3173 1645 3218 seso

288 3252 397 3308 eontra
419 3254 571 3308 armatum
595 3247 754 3310 tribunum
776 3248 818 3330 pl.
842 3250 909 3310 sine
931 3249 1058 3331 publico
1080 3248 1215 3311 consilio
1236 3249 1396 3311 decertare
1417 3248 1520 3323 nollo,
1552 3249 1606 3312 sed

288 3337 471 3402 oonsulibus
501 3358 542 3400 ex
570 3349 698 3403 senatus
727 3342 870 3404 consulto
905 3362 971 3403 rem
1000 3340 1158 3423 publicam
1188 3340 1431 3404 defendentibus
1459 3362 1493 3405 se
1523 3362 1608 3405 arma

288 3439 494 3516 sumpturum.
538 3430 587 3494 78.
610 3433 750 3517 Ecquid,
773 3434 901 3508 infelix,
923 3433 1112 3508 recordaris,
1136 3433 1210 3517 quid
1233 3434 1457 3519 responderis?
1486 3435 1520 3498 in
1543 3455 1607 3518 quo

289 3526 333 3589 illi
364 3544 474 3588 omnes
505 3525 651 3609 quidem,
682 3529 738 3591 sed
768 3530 943 3611 Torquatus
972 3535 1097 3611 praeter
1123 3538 1245 3593 ceteros
1267 3527 1393 3591 furebat
1412 3529 1609 3592 contumacia

288 3621 431 3704 responsi
454 3621 518 3694 tui,
548 3627 578 3683 13
600 3640 663 3685 333
687 3641 757 3685 3333
779 3629 841 3685 tam
864 3621 995 3696 fortem,
1029 3641 1124 3706 quam
1147 3623 1215 3706 ipse
1237 3624 1415 3706 Torquatus
1437 3623 1471 3685 in
1494 3638 1645 3686 consu-ro

287 3715 352 3777 latu
373 3714 487 3777 fuisset
507 3722 563 3777 aut
584 3735 660 3797 ego:
683 3715 762 3778 nibil
785 3736 865 3800 opus
888 3737 958 3780 esse
973 3718 1086 3789 armis,
1109 3716 1189 3779 nihil
1203 3717 1424 3791 contentione;
1446 3734 1496 3779 me
1512 3735 1607 3797 posse

287 3829 352 3871 rem
375 3808 532 3890 publicam
554 3810 665 3871 iterum
689 3829 830 3883 servare,
861 3811 887 3872 si
910 3811 1093 3884 cessissem:
1124 3807 1278 3873 infinitam
1307 3807 1435 3872 caedem
1462 3809 1546 3883 fore,
1579 3809 1606 3872 si

285 3903 486 3965 restitissem:
510 3901 625 3964 deinde
646 3902 685 3963 ad
708 3911 900 3976 extremum,
929 3922 1034 3986 neque
1056 3924 1091 3966 se
1113 3923 1218 3986 neque
1241 3923 1391 3985 generum
1412 3921 1520 3986 neque
1542 3901 1607 3965 col·

285 3995 387 4078 legam
417 4015 508 4057 snum
538 3995 664 4057 tribuno
694 3997 738 4077 pl.
760 3995 949 4057 defuturum.
994 3996 1052 4058 Hic
1080 4003 1129 4069 tu,
1157 3995 1257 4058 bostis
1285 4016 1322 4058 ac
1347 3994 1504 4078 proditor,
1535 3994 1606 4057 aliis

286 4110 336 4153 me
358 4088 564 4152 inimiciorem
588 4108 683 4171 quam
705 4089 762 4151 tibi
786 4089 901 4151 debers
923 4109 993 4151 esse
1016 4088 1120 4151 dicis?
1163 4091 1295 4151 xxxtt.
1322 4086 1372 4150 79.
1394 4091 1462 4170 Ego
1479 4089 1511 4152 C.
1529 4088 1642 4151 Cae-ao

285 4202 386 4246 saram
416 4201 481 4243 nou
511 4183 620 4245 eadem
650 4183 689 4244 de
718 4202 752 4244 re
780 4183 907 4265 publica
937 4184 1075 4244 sensisse
1104 4201 1186 4266 quae
1218 4203 1268 4245 me
1290 4184 1371 4246 scio:
1404 4182 1459 4244 sed
1489 4189 1605 4254 tamen,

285 4274 458 4361 quodiam
481 4275 520 4338 de
543 4296 580 4338 eo
603 4276 652 4338 his
675 4276 875 4339 audientibus
898 4295 993 4359 saepe
1015 4276 1101 4350 dixi,
1130 4296 1179 4339 me
1209 4276 1264 4339 ille
1292 4276 1341 4338 sui
1371 4276 1468 4338 totius
1490 4294 1606 4338 consu·

284 4369 365 4433 latus
395 4389 568 4452 eorumque
598 4370 770 4444 bonorum,
803 4390 882 4454 quos
910 4390 981 4432 cum
1010 4370 1165 4451 proximis
1194 4369 1450 4441 communicavit,
1483 4369 1603 4430 socium

285 4482 354 4524 esse
376 4462 490 4536 voluit,
522 4463 652 4538 detulit,
684 4464 844 4536 invitavit,
876 4463 1005 4545 rogavit.
1050 4466 1118 4526 Non
1148 4484 1216 4526 sum
1238 4472 1365 4548 propter
1394 4461 1519 4524 nimiam
1540 4460 1605 4522 for-

286 4565 367 4618 tasse
388 4558 584 4621 constantiae
607 4557 810 4643 cupiditatem
832 4555 986 4619 adductus
1008 4556 1047 4618 ad
1070 4576 1214 4631 causam3
1244 4576 1308 4619 non
1330 4554 1543 4638 postulabam,
1570 4563 1640 4618 3133

351 4846 583 4895 t.mscnmiiss:
603 4847 679 4895 31313
697 4848 727 4903 1“;
746 4845 936 4895 3333331331]
956 4871 981 4879 -
1002 4845 1124 4907 despicere
1140 4845 1156 4892 S
1175 4870 1202 4878 κ
1221 4843 1246 4892 3.
1265 4854 1476 4905 3331133--333
1493 4840 1603 4892 033311

283 4919 366 4969 habet
387 4920 407 4969 T
425 4945 451 4955 -
476 4919 499 4969 1.
518 4933 597 4968 causo
612 4934 663 4968 333
679 4922 712 4971 T:
740 4935 791 4968 333
813 4933 891 4968 cuasa
907 4919 958 4968 CO
977 4947 1004 4955 -
1029 4922 1054 4969 5.
1072 4932 1134 4982 erpo
1150 4931 1189 4968 me
1205 4919 1257 4968 cius
1272 4917 1292 4966 T
1310 4943 1336 4952 -
1356 4915 1381 4965 8.
1399 4915 1472 4964 incid.
1490 4928 1605 4964 mennam

283 5008 336 5046 orn.
351 4996 407 5055 TS;
426 4998 615 5059 postmortem
631 4994 749 5044 additum
768 4998 808 5045 est
825 4997 850 5044 in
869 4995 1005 5044 ETGMS
1024 4997 1083 5056 (non
1102 4997 1165 5044 itent
1182 4995 1208 5042 in
1219 4993 1264 5054 Tl:
1282 4997 1378 5042 3331333
1388 4991 1534 5053 cupiditates
1545 5004 1605 5052 pro-

282 5070 424 5119 vinciarum
438 5071 570 5132 3113331331
589 5098 613 5106 -
634 5073 674 5120 11.
693 5072 837 5120 3313333331
855 5072 895 5132 (en
911 5065 1404 5132 3ὄ13333331111313331,[3313133313
1423 5065 1604 5115 collocaverunt

284 5146 319 5204 C,
341 5145 506 5203 collocarent,
527 5150 623 5194 vestros
643 5146 790 5206 cupiditates
808 5147 998 5207 prouinciarum
1020 5148 1151 5209 effecerant
1167 5142 1229 5192 edd.
1257 5143 1389 5191 incertum
1406 5144 1448 5191 est
1464 5153 1527 5190 num
1544 5143 1605 5204 posi

281 5221 433 5270 collocarunt
448 5218 563 5268 verbum
585 5218 758 5279 interciderit,
784 5232 818 5268 an
836 5221 869 5269 311
886 5218 1058 5271 33333131333
1075 5220 1158 5269 333113
1176 5220 1214 5269 313
1231 5216 1365 5267 instituta:
1386 5221 1482 5266 oestrus
1501 5215 1604 5277 [3333133

279 5295 446 5356 perfecerunt,
470 5298 498 5342 31
519 5294 555 5342 itii
574 5299 641 5344 stare
661 5307 706 5343 333
727 5295 818 5344 iudicio
834 5308 885 5343 333
900 5296 990 5344 liceret.
1012 5322 1038 5331 -
1058 5295 1101 5355 qai
1117 5307 1213 5343 mecum
1229 5292 1295 5340 111133
1310 5290 1418 5354 pierium
1436 5291 1504 5339 cont.
1522 5291 1600 5340 Bake.

286 5367 366 5419 -11,
384 5368 553 5419 3131313333
570 5371 602 5426 T:
620 5383 664 5419 suo
681 5374 747 5419 stare
764 5371 813 5419 CO
832 5397 852 5406 -
876 5371 916 5420 18.
934 5376 961 5418 ut
977 5383 1008 5418 33
1024 5371 1055 5419 T:
1074 5381 1104 5418 ne
1121 5369 1140 5417 C
1155 5395 1182 5404 -
1203 5365 1359 5416 19.33131331
1376 5363 1435 5413 E-
1454 5364 1496 5414 20.
1509 5366 1603 5414 remisit

284 5443 369 5493 om.E
388 5443 477 5504 (habet
489 5447 518 5505 G)
530 5470 556 5479 -
575 5446 616 5495 ssd
631 5449 719 5494 contro
736 5444 755 5494 t:
770 5470 796 5479 -·
815 5445 855 5494 at.
871 5445 979 5508 313133]
997 5445 1042 5493 Ρ1.
1056 5444 1112 5493 lst'C
1127 5443 1146 5492 T
1163 5468 1189 5478 -
1205 5438 1387 5502 3311333313
1403 5438 1436 5486 T:
1454 5451 1521 5486 cons.
1531 5439 1598 5500 publ.

284 5520 331 5569 CO
344 5543 370 5553 -
389 5520 431 5568 sed
443 5518 569 5569 Klotzius:
587 5533 612 5569 se
622 5520 655 5578 t:
675 5519 780 5569 om.C0
795 5543 822 5555 -
841 5520 882 5568 13.
895 5524 1065 5581 suscepturum
1082 5516 1182 5579 aliquot
1197 5513 1258 5564 edd.
1272 5515 1335 5564 vett.
1350 5539 1378 5549 -
1396 5512 1517 5574 busequld
1528 5513 1561 5567 ls':
1580 5519 1602 5563 el

283 5592 344 5657 quid
360 5594 425 5643 TGS
440 5620 466 5629 -
479 5596 540 5656 qaid
554 5596 591 5642 lis
601 5594 756 5656 responderis
772 5595 791 5644 E
806 5620 830 5628 -
850 5594 890 5644 sd.
904 5599 964 5644 33331
980 5594 1059 5643 annis
1074 5592 1135 5640 31111
1150 5590 1292 5640 33311333Τ
1305 5615 1326 5623 -
1351 5587 1392 5638 at.
1405 5601 1459 5637 rem
1472 5601 1499 5649 p.
1512 5588 1602 5637 113333

284 5668 316 5720 T:
335 5671 425 5718 1133333
439 5683 493 5720 rem
505 5683 534 5732 p.
547 5671 592 5720 CO
607 5697 633 5706 -
650 5669 814 5732 [3333331331
826 5666 969 5719 1133133-
988 5667 1029 5717 28.
1042 5677 1120 5728 33333
1135 5669 1158 5715 13
1169 5690 1183 5701 -
1193 5676 1294 5727 -rssque
1309 5662 1429 5726 collepum
1445 5667 1515 5711 tuum
1525 5675 1598 5728 susp.

285 5743 420 5804 Garatoni,
439 5757 600 5809 quamquam
620 5746 676 5808 ipse
694 5743 825 5807 vulgatam
842 5742 968 5794 defendit.
990 5769 1016 5778 α
1040 5741 1080 5791 29.
1099 5739 1226 5790 tribunum
1239 5740 1275 5803 pl.
1294 5740 1314 5789 T
1333 5765 1360 5775 —
1384 5751 1434 5787 333
1450 5737 1601 5799 defecturam

286 5820 329 5868 t's
347 5818 412 5881 (trib.
430 5834 479 5870 333
493 5820 529 5882 pt.
547 5820 688 5881 1311333333
705 5821 733 5881 G)
757 5846 784 5857 -
808 5819 848 5869 33.
867 5819 1058 5868 3333333331.
1077 5816 1138 5864 1·-
1157 5813 1198 5865 at.
1218 5816 1282 5866 ..ott
1301 5817 1504 5865 333--3133133
1518 5816 1597 5864 ress..

285 5907 311 5959 p.
332 5892 408 5956 tout,
425 5895 457 5946 3⁰
473 5893 555 5945 habet
570 5893 599 5956 T,
618 5893 688 5961 quod
707 5894 748 5944 est
763 5895 913 5946 extremuni
930 5893 987 5945 3133
1003 5891 1188 5955 fragmentum.
1208 5915 1235 5928 ·-
1253 5902 1309 5942 3331
1324 5888 1356 5938 T:
1374 5898 1430 5939 333
1445 5899 1490 5953 spo
1506 5887 1566 5938 CO.
