3800 7350
306 1163 387 1232 titt
646 1172 796 1240 ORATIO
817 1172 894 1236 PRO
916 1175 952 1236 T.
972 1172 1097 1237 aurito
1117 1173 1271 1239 MILONE

302 1347 335 1404 at
357 1340 576 1404 coniventibus
597 1350 680 1405 certe
701 1348 842 1425 speraret
862 1361 896 1405 se
918 1361 1012 1424 posse
1034 1342 1160 1405 eludere
1181 1342 1215 1404 in
1236 1341 1299 1405 illis
1320 1343 1385 1405 suis
1399 1341 1545 1424 cogitatis
1568 1337 1620 1401 in·

303 1433 441 1497 roribus:
468 1435 557 1498 cuius
578 1433 626 1496 illi
648 1443 796 1509 conatus,
824 1443 860 1498 ut
887 1437 956 1517 ipsc
977 1435 1233 1510 ratiocinabatur,
1263 1455 1322 1499 nec
1343 1442 1495 1518 cuperent
1515 1433 1621 1516 repri-

303 1545 403 1600 mere,
426 1527 452 1590 si
474 1536 619 1610 possent,
640 1548 712 1592 cum
733 1537 851 1591 tantum
872 1527 1058 1593 beneficium
1081 1530 1110 1591 ei
1132 1549 1166 1591 se
1186 1529 1300 1592 debere
1315 1529 1553 1603 arbitrarentur,
1577 1534 1620 1601 et,

303 1618 330 1681 si
351 1618 488 1694 vellent,
516 1621 648 1687 tortasse
669 1624 723 1687 rix
748 1631 878 1705 possent
897 1622 1041 1705 frangere
1061 1622 1197 1685 bominis
1218 1623 1448 1686 sceleratissimi
1468 1622 1621 1687 corrobo-

280 1720 401 1776 oratam
423 1715 484 1778 iarn
507 1723 660 1780 vetustate
682 1716 854 1780 audaciam.
897 1713 947 1778 33.
970 1720 1126 1789 bavero,
1148 1717 1277 1791 iudices,
1299 1737 1355 1779 ros
1370 1716 1430 1781 soli
1452 1714 1620 1799 ignoratis,

304 1826 361 1870 vos
381 1807 523 1889 hospites
544 1810 577 1871 in
606 1809 664 1873 bac
685 1810 762 1873 urbe
784 1810 969 1884 versamini,
997 1816 1117 1874 vestrae
1138 1811 1377 1893 peregrinantur
1397 1830 1489 1873 aures
1511 1828 1620 1891 neque

224 1971 226 1975 .
302 1901 336 1963 in
366 1900 427 1964 boc
453 1910 622 1985 pervagato
645 1904 779 1966 civitatis
806 1924 949 1967 sermone
971 1913 1151 1977 versantur,
1179 1924 1258 1987 quas
1279 1904 1332 1966 ille
1353 1904 1454 1986 leges,
1481 1906 1507 1966 si
1528 1904 1620 1985 legas

237 2032 239 2035 >
303 1995 513 2059 nominandae
534 2006 607 2059 sunt
629 2017 665 2059 ac
687 1994 752 2059 ndn
774 1997 855 2061 iaces
877 1998 979 2072 urbis,
1003 2005 1108 2081 pestes
1130 1999 1176 2060 rei
1198 1997 1349 2080 publicae,
1371 1997 1467 2060 luerit
1486 1996 1620 2081 imposi-

303 2094 391 2150 turus
414 2088 504 2152 nobis
526 2090 671 2153 omnibns
693 2099 788 2174 atque
810 2090 995 2154 inusturus‘i
1015 2090 1155 2164 Exbibe,
1178 2110 1306 2172 quaeso,
1326 2092 1422 2154 Sexto
1438 2090 1540 2165 Clodi,
1561 2109 1620 2153 ex-

267 2179 374 2245 tobibe
403 2181 563 2247 librarium
590 2184 669 2248 illud
691 2185 796 2267 legum
817 2193 1004 2260 vestrarum,
1035 2185 1119 2268 quod
1141 2193 1172 2247 te
1193 2186 1283 2247 aiunt
1303 2185 1458 2267 eripuisse
1480 2205 1498 2247 e
1519 2184 1618 2247 domo

302 2281 334 2335 et
355 2294 395 2336 ex
416 2275 528 2339 mediis
548 2279 643 2341 armis
665 2279 819 2361 turbaque
840 2287 994 2341 nocturna
1015 2287 1173 2361 umquam
1194 2278 1366 2343 Palladium
1384 2280 1561 2354 sustulisse,
1582 2284 1621 2341 ut

302 2368 496 2450 praeclarum
518 2370 666 2435 videlicet
686 2392 799 2435 munus
821 2380 916 2456 atque
945 2372 1187 2435 instrumentum
1208 2374 1383 2436 tribunatus
1403 2372 1443 2435 ad
1465 2372 1619 2455 aliquem,

302 2460 329 2522 si
351 2469 460 2524 nactus
482 2482 582 2538 esses,
605 2465 661 2547 qui
683 2474 741 2528 tuo·
759 2465 888 2528 arbitrio
911 2465 1104 2529 tribunatum
1117 2474 1253 2548 gereret,
1275 2465 1397 2530 daierre
1418 2485 1540 2548 posses.
1562 2465 1621 2527 At·

302 2573 365 2636 que
386 2573 443 2637 per
464 2556 480 2589 ¹
495 2555 513 2590 s
527 2557 546 2593 s
567 2559 616 2620 An
636 2559 730 2622 buius
751 2559 806 2622 ille
828 2559 920 2641 legis,
944 2580 1039 2642 quam
1055 2559 1212 2622 Clodiusa
1227 2581 1261 2623 se
1277 2560 1435 2623 inventam
1456 2559 1620 2641 gloriatur,

266 2648 493 2712 remeationem
513 2649 618 2714 iacere
639 2671 734 2714 ausus
756 2661 840 2715 esset
860 2653 932 2716 viro
948 2651 1088 2726 Milone,
1110 2672 1174 2714 non
1197 2652 1298 2716 dicam
1318 2654 1468 2717 consulet
1489 2654 1536 2715 De
1560 2671 1621 2714 no·

303 2751 399 2805 strum
423 2745 507 2807 enim
528 2746 667 2808 omnium
689 2782 731 2793 -
752 2766 817 2808 uon
839 2747 942 2810 audeo
964 2753 1062 2808 toturn
1085 2746 1199 2809 dicere.
1233 2748 1361 2820 Videte,
1389 2747 1465 2829 quid
1489 2744 1620 2809 euritii

301 2835 356 2899 lex
375 2836 520 2901 habitura
539 2836 649 2913 luerit,
678 2839 769 2902 cuius
793 2839 970 2924 periculosa
991 2841 1083 2903 etiam
1105 2841 1310 2922 reprehensio
1340 2848 1396 2903 cst.
1439 2842 1479 2902 Et
1504 2840 1620 2921 adspe-

302 2930 349 2993 xit
376 2950 426 2994 me
455 2931 519 2994 illis
548 2932 673 3014 quidem
705 2934 824 3008 oculis,
853 2933 969 3017 quibus
990 2939 1056 2995 tum
1079 2934 1214 3007 solebat,
1245 2955 1317 2998 cum
1339 2933 1485 2996 omnibus
1512 2934 1621 2995 omnia

301 3025 487 3088 minabatur.
531 3028 637 3090 bloret
657 3047 706 3090 me
729 3027 848 3111 quippe
875 3027 983 3091 lumen
1013 3028 1129 3091 curiae.
1172 3027 1257 3090 xlii.
1280 3026 1389 3103 Quid‘i
1416 3033 1450 3089 tu
1478 3046 1527 3089 me
1558 3026 1617 3089 tibi

266 3116 428 3190 miratum,
458 3119 569 3195 Sexte,
599 3128 704 3204 putas,
730 3122 818 3185 cuius
839 3121 1091 3184 inimicissimum
1115 3121 1213 3184 multo
1240 3120 1397 3184 crudelius
1421 3121 1513 3185 etiam
1539 3141 1619 3204 poe-

301 3209 387 3273 nitus
410 3231 460 3285 es,
483 3233 578 3295 quem
599 3223 665 3278 crat
685 3215 889 3279 humanitatis
911 3234 999 3278 meae
1021 3214 1201 3298 postularet
1223 3217 1270 3277 Tu
1286 3216 1319 3276 P.
1335 3213 1438 3277 Clodii
1451 3222 1618 3277 cruentum

302 3303 433 3368 cadaver
454 3307 573 3371 eiecisti
595 3310 707 3384 domo,
729 3319 764 3372 tu
778 3311 812 3372 in
826 3309 987 3392 publicum
1001 3309 1157 3379 abiecisti,
1181 3316 1214 3370 tu
1229 3308 1399 3390 spoliatum
1415 3309 1617 3390 imaginibus,

303 3400 478 3482 exsequiis,
500 3422 630 3486 pompa,
651 3404 848 3476 laudatione,
870 3402 1094 3466 infelicissimis
1115 3402 1209 3484 lignis
1224 3402 1476 3465 semiustulatum
1490 3412 1618 3465 noctur·

302 3493 350 3555 nis
378 3493 508 3557 canibus
536 3496 751 3560 dilaniandum
773 3497 937 3580 reliquisti.
981 3496 1103 3570 Quare,
1132 3496 1189 3558 etsi
1212 3495 1331 3558 nefarie
1352 3494 1471 3569 iecisti,
1500 3504 1617 3571 tamen,

264 3588 450 3671 aequoniam
478 3590 510 3651 in
540 3609 609 3653 meo
637 3592 764 3654 inimico
793 3589 1008 3654 crudelitatem
1029 3589 1251 3672 exprompsisti
1273 3597 1376 3664 tuam,
1401 3589 1529 3653 laudare
1552 3610 1617 3654 non

302 3691 447 3754 possum,
469 3673 565 3738 irasci
588 3684 671 3740 corto
693 3697 756 3739 non
779 3675 889 3744 debeo.

366 3897 390 3946 t.
408 3898 445 3961 nt]
461 3903 506 3948 out
523 3898 542 3948 Ε
560 3923 588 3934 -
606 3897 773 3948 contuentibus
788 3899 821 3948 Tr
839 3897 1021 3948 mulcentibus
1036 3897 1070 3952 Er
1088 3896 1269 3946 conniventibus
1285 3898 1305 3947 0
1324 3923 1352 3934 -
1369 3911 1439 3961 posse
1454 3911 1479 3948 se
1492 3898 1512 3948 Τ
1524 3896 1619 3960 (solus)

302 3970 336 4031 0,
354 3975 384 4020 ut
400 3976 441 4023 est
457 3987 482 4037 p.
496 3972 568 4034 4443,
579 3974 621 4022 st.
636 3999 663 4008 —
681 3974 706 4023 2.
724 3974 776 4035 ipsc
791 3974 855 4024 TE:
874 3974 914 4023 iiie
931 3973 974 4023 SO
993 3999 1021 4010 -
1039 3986 1084 4022 nee
1099 3977 1214 4033 monent
1230 3974 1379 4034 reprimere,
1396 3975 1528 4034 siporsent
1545 3972 1620 4024 blad-

301 4048 384 4111 vigius
396 4049 492 4111 (Opurc.
505 4050 578 4099 ucud.
591 4049 635 4099 cit.
649 4062 675 4113 p.
688 4050 758 4110 844)
776 4062 821 4099 nec
835 4049 857 4097 si
872 4053 988 4110 cuperent
1003 4049 1138 4109 reprimere
1150 4052 1248 4109 possent
1263 4048 1345 4104 TES;
1363 4061 1407 4097 nec
1421 4049 1443 4096 si
1455 4053 1562 4110 persenit,
1574 4061 1619 4098 rs·

260 4119 261 4123 ’
299 4123 407 4186 primere
416 4129 531 4185 cuperent
542 4136 604 4173 cunr
615 4124 729 4174 Manutio
741 4126 769 4180 03
783 4123 833 4172 Sal.
844 4121 1000 4185 Voegelinns
1009 4121 1091 4172 verba
1102 4123 1228 4184 sipossent
1239 4120 1351 4171 delenda
1363 4125 1492 4172 censet-
1507 4123 1531 4172 l.
1544 4123 1619 4185 pueri

301 4198 358 4247 ilice
374 4198 434 4248 E-
453 4199 477 4247 9.
490 4198 592 4248 Enbibe.
611 4197 696 4248 ecbibc
713 4211 785 4260 queso
802 4199 875 4246 &cte
889 4198 922 4248 cl.
936 4198 1068 4246 librarium
1084 4197 1143 4246 E—
1163 4195 1273 4246 clodis:
1290 4196 1369 4245 riceii
1385 4197 1431 4245 TE
1450 4223 1477 4232 -
1497 4197 1537 4246 40.
1555 4196 1618 4246 iibe-

300 4273 399 4322 rorium
415 4274 475 4323 'l-
494 4273 534 4323 44.
550 4273 666 4324 muliere
683 4272 702 4323 E
721 4295 748 4307 -
769 4271 865 4322 43-44,
877 4272 956 4334 Atque
968 4271 1226 4335 per··reprsiiensio
1241 4273 1320 4330 estlv.
1334 4271 1383 4330 44),
1396 4283 1464 4334 quae
1476 4270 1557 4320 verba
1570 4271 1617 4321 de·

301 4348 362 4396 sunt
379 4347 405 4396 in
422 4347 544 4398 omnibus
556 4347 690 4398 Ciceronis
707 4344 857 4405 codicibus,
875 4345 1006 4412 supplevit
1018 4350 1152 4409 Peyronus
1164 4359 1179 4395 e
1191 4344 1334 4395 Scholiasta
1345 4343 1518 4394 ambrosiano
1529 4344 1563 4395 ad
1575 4358 1615 4395 or.

301 4421 331 4470 de
347 4433 405 4470 cere
414 4421 495 4472 alieno
505 4422 604 4473 ltiiunis
620 4434 645 4486 p.
659 4420 707 4472 346
724 4423 751 4471 et
767 4434 800 4470 cx
812 4420 967 4481 Quintiliano
979 4421 1023 4480 tx,
1036 4421 1061 4480 t,
1074 4420 1114 4472 at.
1133 4419 1208 4484 Apud
1220 4418 1391 4469 Scholiastam
1403 4419 1470 4469 haec
1481 4418 1615 4482 leguntur:

302 4496 393 4559 abegis
415 4498 515 4546 mentio
537 4496 567 4546 lit
583 4496 609 4545 in
626 4496 743 4545 oratione
761 4506 830 4558 quae
847 4493 936 4545 babila
954 4496 995 4545 est
1010 4508 1060 4558 pro
1076 4493 1187 4545 Milone:
1213 4499 1289 4554 utque
1302 4507 1348 4555 per
1364 4494 1486 4557 (spatium
1502 4505 1618 4544 vacuum

300 4572 379 4620 unius
395 4569 524 4633 versiculi)
543 4572 572 4621 de
588 4575 729 4622 nostrorum
741 4569 796 4633 (sio)
814 4570 924 4619 munium
937 4595 964 4605 -
983 4583 1032 4618 non
1048 4570 1127 4618 undw
1142 4574 1221 4618 tetum
1236 4569 1324 4617 dicere.
1346 4568 1435 4628 Videte,
1453 4569 1512 4630 quid
1527 4582 1558 4618 sn
1572 4570 1619 4620 uiti

300 4645 342 4695 ise
357 4645 474 4696 habiturn
488 4646 577 4708 tuerit,
594 4646 665 4695 cuius
677 4645 818 4708 periculoso
834 4644 910 4692 etium
924 4644 1078 4704 reprehensio
1094 4649 1137 4693 est.
1159 4643 1251 4707 Opinio
1269 4643 1327 4691 erat
1342 4639 1444 4704 legem·
1462 4644 1512 4693 cet.
1540 4644 1620 4702 Quin·

301 4719 405 4772 lilianus
421 4723 511 4771 autem
528 4720 634 4771 exhibet
650 4719 731 4770 verba
747 4720 785 4769 An
800 4719 919 4768 nuinsu
930 4722 1010 4767 totrnn
1025 4718 1113 4768 dicen
1132 4719 1169 4768 Ne
1187 4730 1248 4767 cum
1266 4716 1313 4766 Tb.
1327 4718 1500 4767 Mommsenio
1517 4719 1556 4778 (de
1568 4720 1620 4768 col·

300 4796 370 4860 iepiis
390 4786 422 4860 ps
436 4796 466 4845 68
484 4811 509 4846 n.
528 4796 551 4858 l)
570 4799 596 4845 et
613 4794 714 4846 Halmio
730 4793 812 4845 verba
830 4799 903 4856 utque
921 4805 969 4853 per
984 4791 1145 4843 scholiastae
1162 4792 1308 4842 tribuerem
1325 4789 1444 4856 suppleta
1461 4805 1527 4842 voce
1544 4787 1619 4843 ἀπο-

301 4868 457 4936 σιώπησιν,
479 4871 530 4921 hoc
550 4870 717 4934 potissimum
735 4867 868 4934 probibuit
885 4866 957 4930 quod
974 4865 1117 4917 Scholiasta
1133 4865 1222 4917 locum
1240 4867 1373 4917 Ciceronis
1391 4880 1451 4927 non,
1470 4869 1499 4916 nt
1516 4868 1619 4928 Quinti·

301 4946 397 5007 lienus,
416 4949 524 5011 propter
540 4946 737 5009 grammaticam
755 4942 797 4993 rel
813 4942 973 4993 rhetoricam
991 4943 1133 5001 rationem,
1151 4941 1199 4992 sed
1216 4942 1292 4992 unice
1310 4943 1418 5006 propter
1428 4939 1492 5004 legis
1504 4942 1619 4992 mentio-

302 5034 364 5072 nem
380 5020 472 5073 attulit.
498 5023 570 5072 lnter
585 5022 664 5084 Atque
676 5033 724 5084 per
740 5021 767 5070 et
781 5020 819 5069 An
835 5019 908 5068 buires
919 5031 981 5068 curn
992 5017 1086 5067 Beiero
1097 5015 1165 5066 haec
1183 5018 1292 5066 inseruit
1302 5017 1337 5066 0:
1356 5028 1438 5065 onera
1448 5015 1526 5065 tribus
1535 5017 1621 5065 dicius

302 5096 421 5146 libertinis
436 5109 518 5146 uruca
533 5095 574 5145 iile
589 5107 684 5155 omnes,
708 5094 751 5156 qni
771 5095 799 5142 in
819 5092 930 5143 libertate
948 5095 1121 5150 morarentur,
1144 5091 1195 5153 iepe
1211 5104 1277 5139 noos
1293 5091 1423 5140 additiones
1438 5095 1505 5150 erat,
1527 5096 1555 5139 ut
1570 5091 1620 5152 ipsi

300 5183 357 5221 cnm
372 5171 485 5234 inpensis
500 5169 636 5232 mouuiiter
652 5168 776 5231 suffragiu
791 5168 892 5230 sereni.
908 5195 936 5206 ·-
955 5165 996 5217 44.
1009 5165 1107 5216 Clodiis
1121 5163 1307 5225 Quintilianus:
1326 5164 1386 5214 See.
1405 5163 1502 5214 Clodius
1517 5164 1551 5214 de
1568 5178 1617 5216 sus

301 5245 451 5297 coniectura
464 5245 493 5294 0.
512 5243 550 5295 cl.
563 5257 590 5309 p.
600 5242 657 5303 ati,
669 5242 707 5293 43.
718 5269 745 5279 -
765 5243 804 5292 45.
818 5256 869 5292 non
879 5240 1064 5303 Quintilianus:
1082 5254 1113 5291 ne
1129 5253 1191 5291 oum
1202 5240 1377 5291 deterioribus
1389 5237 1535 5300 Quintiliani
1546 5241 1618 5292 codi-

302 5321 377 5372 cibus
392 5322 411 5371 O
424 5347 450 5356 -
466 5321 505 5370 46.
517 5321 583 5370 enim
593 5331 646 5370 om.
659 5316 746 5368 Schol.
756 5316 945 5368 Ambrosianus
956 5316 1011 5378 (qui
1028 5315 1110 5366 habet
1119 5322 1261 5366 nostrorum
1272 5327 1319 5379 pro
1329 5315 1460 5376 nostrum),
1474 5327 1525 5364 non
1538 5317 1617 5376 Quin·

301 5394 381 5447 tiliani
398 5395 474 5446 codd.
488 5396 591 5461 optimi,
603 5393 680 5458 -quod
695 5406 786 5443 errore
801 5393 915 5456 quodam
927 5391 1032 5441 tradidit
1043 5390 1196 5453 Madvigius.
1211 5416 1238 5425 -
1253 5388 1292 5437 il.
1304 5388 1337 5436 Et
1347 5391 1445 5450 aspecit
1455 5414 1492 5426 ·-
1502 5389 1617 5439 minabo·

300 5477 343 5521 tur
358 5471 456 5521 habent
467 5475 502 5530 tt;
522 5468 692 5531 Quintilianus
708 5469 751 5530 lli,
764 5468 788 5527 2.
800 5468 847 5523 446ς
865 5468 1012 5517 Priscianus
1029 5467 1115 5527 livill,
1129 5466 1170 5525 94,
1182 5464 1239 5515 899.
1250 5490 1283 5500 -
1300 5462 1340 5513 48.
1358 5464 1457 5524 quidem
1472 5464 1521 5513 iilis
1533 5464 1575 5514 ts
1587 5490 1614 5500 -

300 5545 361 5609 trun]
378 5550 435 5594 tunc
451 5548 516 5596 Α-
531 5544 623 5607 sokbut
638 5556 691 5594 orn.
705 5544 861 5594 Priscianus.
878 5570 903 5578 -
922 5542 963 5592 49.
979 5540 1122 5591 nunciatur
1138 5541 1196 5589 Τ-
1215 5539 1441 5589 Mouetncnriue
1457 5537 1537 5588 babet
1552 5540 1573 5589 Α
1589 5567 1615 5575 -

301 5619 367 5682 Quid
381 5618 429 5668 lu?
445 5631 484 5668 nse
499 5620 595 5669 liavius
615 5620 672 5669 Ver.
691 5620 765 5669 lectt.
778 5620 813 5676 lt,
832 5632 858 5682 p.
872 5617 928 5667 489.
936 5644 971 5658 --
990 5616 1033 5666 tibi
1049 5617 1144 5665 iratren
1159 5619 1229 5667 seete
1241 5618 1317 5675 putas
1327 5613 1392 5663 TE:
1413 5614 1515 5674 mum,
1532 5614 1616 5674 Secu.

300 5698 376 5757 putas
386 5692 429 5743 tibi
440 5694 483 5743 SO
496 5719 523 5730 -
541 5695 583 5744 20.
595 5695 666 5743 cuius
676 5693 708 5743 T:
727 5694 797 5743 cuius
807 5697 835 5742 tu
844 5692 914 5743 Eso
927 5718 954 5727 —
969 5692 1084 5754 poenitus
1096 5693 1245 5754 Peyronus:
1261 5688 1360 5749 uenires
1370 5689 1403 5745 Τ)
1418 5689 1520 5749 punitus
1530 5689 1576 5739 EO
1589 5714 1616 5723 -

302 5769 344 5819 88.
356 5769 465 5830 moniis
480 5769 527 5818 ΤΕ
547 5796 574 5806 -
591 5769 787 5819 reninstuiutum
803 5768 835 5818 T:
860 5767 1049 5816 enniustiintren
1065 5767 1098 5822 li;
1120 5764 1306 5815 mmuunictnnr
1323 5764 1360 5824 lut
1375 5762 1498 5814 scribitur
1516 5765 1541 5813 in
1558 5762 1618 5814 cod.

303 5843 428 5894 vaticano
440 5843 542 5911 Philipp.
556 5844 587 5906 ll,
600 5842 615 5913 3
627 5843 669 5908 94)
679 5843 699 5893 0
711 5842 884 5905 (εωηωιϋαιω
898 5840 982 5895 babet
992 5839 1180 5907 Palimpsestus
1190 5837 1381 5890 Ambrosianus
1392 5852 1442 5902 pro
1454 5836 1555 5902 ludios
1568 5836 1618 5900 48).
