3800 7350
332 1182 397 1249 834
616 1181 769 1249 ORATIO
791 1180 876 1246 Cllbl
897 1179 1070 1246 snusrul
1091 1177 1265 1250 GRATIAS
1287 1178 1383 1245 EGl'l'

332 1355 436 1419 blicae
458 1359 542 1418 esset
563 1360 701 1437 ereptus.
743 1352 784 1416 Ut
804 1371 879 1416 vero
901 1350 975 1415 iniit
996 1350 1229 1433 magistratum,
1257 1368 1323 1413 non
1344 1348 1464 1426 dicem,
1494 1347 1574 1433 quid
1595 1348 1662 1432 egit

332 1450 438 1532 prius,
471 1448 527 1512 sed
557 1447 634 1532 quid
664 1447 792 1510 omnino
822 1445 888 1527 egit
915 1444 1001 1509 eliud
1029 1444 1091 1507 nisi
1120 1449 1158 1508 ut
1186 1464 1237 1507 me
1259 1452 1445 1508 conservato
1467 1451 1606 1509 vestram
1626 1443 1661 1506 in

333 1551 495 1626 posterum
517 1541 702 1625 dignitatem
716 1538 1004 1621 auctoritatemque
1018 1539 1177 1602 sanciret?
1221 1534 1253 1602 9.
1272 1536 1312 1599 Di
1334 1537 1538 1613 immortales,
1561 1556 1663 1620 quen-

334 1643 401 1699 tum
423 1635 501 1699 mibi
522 1630 711 1698 beneficium
733 1633 860 1696 dedisse
882 1632 1051 1707 videmini,
1073 1631 1160 1715 quod
1182 1632 1244 1696 boc
1266 1649 1349 1694 anno
1369 1632 1404 1695 P.
1418 1632 1574 1697 Lentulus
1590 1651 1665 1697 con·

310 1730 385 1792 seul
407 1730 470 1793 estl
499 1735 619 1813 quanto
642 1728 743 1791 maius
765 1726 952 1800 dedissetis,
982 1726 1010 1788 si
1040 1726 1205 1808 superiore
1231 1744 1316 1788 anno
1338 1723 1465 1790 fuissetl
1496 1746 1557 1791 nec
1579 1726 1665 1789 enim

220 1823 223 1829 '
334 1823 494 1905 eguissem
515 1822 672 1886 medicine
693 1820 871 1894 consulari,
894 1820 957 1882 nisi
978 1819 1139 1882 consulari
1154 1819 1285 1883 vulnere
1300 1820 1521 1884 concidissem.
1543 1819 1665 1884 Audie-

333 1936 402 1980 ram
423 1938 465 1980 04
486 1915 720 2000 sapientissimo
742 1914 873 1978 bomine
895 1922 992 1997 atque
1015 1914 1137 1995 optimo
1157 1912 1219 1974 civi
1242 1919 1275 1975 et
1296 1913 1374 1987 viro,
1399 1913 1437 1989 Q.
1455 1913 1579 1991 Catulo,
1600 1934 1667 1977 non

334 2029 429 2095 saepe
450 2031 549 2074 unum
571 2009 736 2073 consulem
758 2007 954 2091 improbum,
978 2006 1041 2069 duo
1063 2025 1138 2070 vero
1163 2025 1338 2088 numquam
1359 2014 1491 2092 excepto
1512 2006 1569 2071 illo
1593 2006 1668 2071 Cin·

334 2124 418 2168 nano
441 2113 586 2187 tempore
608 2102 727 2167 inisse:
754 2121 852 2185 quare
873 2120 977 2163 meam
998 2118 1127 2162 causam
1147 2118 1273 2183 semper
1292 2098 1361 2165 fore
1382 2100 1596 2166 firmissimnm
1617 2101 1668 2164 di·

297 2215 407 2262 cecere
429 2196 568 2272 solebat,
591 2196 667 2260 dum
690 2196 740 2259 vel
761 2215 843 2258 unus
865 2195 899 2257 in
921 2214 956 2257 re
977 2193 1103 2278 publica
1117 2193 1227 2256 consul
1244 2200 1338 2258 esset.
1375 2194 1470 2270 Quod
1484 2216 1559 2260 rere
1575 2194 1667 2259 dixe·

333 2299 399 2366 rat,
422 2290 450 2354 si
470 2290 551 2353 illud
573 2289 761 2355 de·duobus
784 2287 986 2362 consulibus,
1009 2287 1096 2371 quod
1118 2294 1192 2351 ante
1214 2287 1248 2350 iu
1270 2306 1304 2350 re
1326 2287 1455 2371 publica
1474 2310 1539 2354 non
1553 2288 1667 2366 iuerat,

333 2403 474 2468 perenne
503 2403 541 2446 ac
567 2383 730 2468 proprium
758 2401 886 2446 manere
915 2381 1083 2464 potuisset.
1117 2380 1211 2456 Quod
1233 2382 1260 2443 si
1283 2381 1322 2457 Q.
1337 2382 1485 2447 Metellus
1506 2383 1564 2447 illo
1586 2391 1667 2448 tem

333 2500 413 2563 pore
435 2480 546 2544 consul
567 2478 680 2543 inisset
703 2471 894 2562 [inimicus],
917 2476 1070 2539 dubitatis
1085 2495 1149 2559 quo
1171 2475 1278 2539 animo
1300 2473 1450 2540 fueritin
1471 2497 1524 2540 me
1538 2497 1668 2542 conser-

333 2572 439 2637 vando
461 2571 603 2647 iuturus,
633 2594 705 2636 cum
727 2573 762 2636 in
782 2572 980 2635 restituendo
1002 2578 1163 2633 auctorem
1184 2568 1284 2632 fuisse
1305 2570 1600 2656 adscriptoremque
1621 2571 1669 2635 vi-

296 2686 325 2732 44
335 2668 475 2733 deatist.
494 2663 545 2729 40.
568 2667 630 2729 Sed
652 2665 781 2729 iuemnt
801 2665 824 2729 ii
848 2665 1015 2739 consules,
1037 2683 1173 2748 quorum
1191 2669 1315 2726 mentes
1328 2671 1498 2747 angustae,
1519 2664 1669 2740 humiles,

333 2781 466 2844 pravae,
489 2760 636 2844 oppletae
658 2757 799 2823 tenebris
822 2778 859 2822 ac
880 2757 1042 2831 sordibus,
1068 2776 1186 2820 nomen
1207 2757 1314 2840 ipsum
1336 2757 1538 2834 consulatus,
1560 2759 1671 2842 splen·

334 2854 444 2920 dorem
465 2854 552 2918 illius
574 2853 723 2928 honoris,
747 2853 998 2935 magnitudinem
1020 2852 1100 2915 tanti
1121 2851 1246 2934 imperii
1268 2871 1329 2915 nec
1350 2851 1467 2916 intueri
1488 2872 1549 2917 nee
1571 2854 1669 2917 susti-

333 2966 410 3012 nere
431 2967 491 3011 nec
513 2966 626 3031 capere
648 2952 839 3029 potuerunt,
861 2966 927 3009 non
949 2946 1115 3020 consules,
1138 2945 1194 3009 sed
1217 2951 1410 3009 mercatores
1432 2947 1670 3028 provinciarum

334 3060 372 3105 nc
392 3042 575 3106 venditores
597 3049 721 3105 restrae
743 3040 923 3122 dignitatis:
953 3060 1089 3123 quorum
1111 3038 1190 3103 alter
1211 3058 1262 3101 me
1285 3039 1465 3115 Catilinam,
1494 3048 1670 3106 amatorem

296 3155 447 3210 seruum,
468 3134 578 3199 multis
600 3134 822 3207 audientibus,
844 3133 925 3196 alter
940 3132 1114 3215 Cethegum
1135 3133 1363 3198 consobrinum
1382 3134 1589 3217 reposcebatz
1611 3137 1691 3221 qui*

335 3248 387 3292 me
417 3228 481 3292 duo
510 3227 746 3292 sceleratissimi
776 3233 849 3309 post
869 3226 1035 3292 bominum
1056 3228 1241 3291 memoriam
1261 3248 1328 3291 non
1350 3227 1515 3305 consules,
1544 3228 1603 3292 sed
1624 3229 1670 3292 la-

335 3330 442 3385 trones
464 3342 531 3385 non
558 3322 653 3385 modo
677 3320 902 3395 deseruerunt,
923 3322 958 3384 in
981 3340 1075 3385 causa
1096 3322 1281 3404 praesertim
1301 3322 1428 3405 publica
1446 3330 1480 3386 et
1499 3324 1669 3399 consulari,

336 3415 392 3480 sed
415 3414 643 3498 prodiderunt,
665 3423 907 3497 oppugnarunt,
930 3416 1017 3478 omni
1039 3414 1161 3478 auxilio
1183 3435 1248 3478 non
1270 3416 1372 3480 solum
1394 3435 1472 3491 suo,
1493 3416 1552 3480 sed
1574 3418 1670 3481 etiam

336 3518 443 3575 vestro
466 3517 708 3592 ceterorumque
730 3508 878 3571 ordinum
899 3508 1070 3593 spoliatum
1093 3529 1163 3573 esse
1178 3510 1355 3574 voluerunt.
1398 3510 1436 3574 V.
1458 3505 1509 3573 ll.
1524 3510 1671 3586 Quonim

297 3606 417 3675 stalter
438 3613 545 3669 temen
567 3622 673 3687 neque
695 3622 744 3666 me
766 3623 870 3685 neque
886 3622 1080 3688 quemquam
1100 3602 1231 3667 fefellit:
1255 3605 1327 3688 quis
1349 3604 1435 3670 enim
1455 3603 1554 3668 ullam
1572 3604 1670 3669 ullius

336 3701 411 3764 boni
433 3719 523 3784 spem
544 3697 677 3762 haberet
697 3697 731 3760 in
754 3716 811 3773 eo,
836 3698 925 3761 cuius
945 3698 1084 3781 primum
1107 3707 1231 3781 tempus
1251 3700 1362 3763 aetatis
1380 3699 1486 3782 palum
1499 3698 1616 3764 fuisset
1628 3699 1671 3764 ad

338 3794 480 3858 omnium
505 3791 654 3856 libidines
686 3791 897 3873 divulgatum,
927 3793 983 3874 qui
1014 3812 1054 3856 ne
1077 3812 1096 3855 a
1117 3793 1315 3856 sanctissima
1338 3794 1467 3877 quidem
1488 3799 1579 3876 perte
1602 3812 1672 3857 cor·

336 3887 424 3969 poris
446 3886 605 3970 potuisset
624 3884 791 3950 bominum
813 3885 971 3968 impuram
992 3886 1266 3969 intemperantiam
1289 3888 1500 3969 propulsaret
1523 3887 1581 3971 qui
1599 3907 1673 3950 cum

338 3999 428 4046 suam
449 4001 517 4046 rem
537 3999 604 4045 non
625 3980 730 4044 minus
753 3988 880 4045 suenus
903 3999 1000 4064 quem
1021 3988 1135 4063 postea
1151 3981 1313 4064 publicam
1327 3981 1526 4059 confecisset,
1547 3985 1673 4066 egesta-

405 4312 429 4361 4.
447 4309 512 4374 iniit]
528 4308 583 4358 4444
599 4308 619 4357 P
637 4333 664 4343 -
685 4306 745 4369 quid
761 4307 838 4370 operis
851 4307 925 4370 pso
940 4310 972 4368 S;
999 4310 1059 4372 quid
1072 4309 1147 4373 prius
1163 4310 1225 4372 (om.
1245 4308 1301 4373 egit)
1319 4308 1372 4358 Eri.
1393 4336 1420 4346 -
1439 4310 1464 4361 4.
1480 4308 1561 4374 prius]
1576 4311 1635 4377 plus
1651 4313 1672 4362 G

341 4414 368 4422 —
387 4388 411 4437 3.
431 4387 457 4436 dt
472 4388 509 4436 P:
532 4386 567 4434 dit
584 4385 604 4434 0
623 4411 649 4420 -
669 4383 695 4435 4.
713 4397 798 4433 annuo
814 4385 835 4434 E
862 4410 888 4419 —
913 4385 999 4434 consul
1015 4391 1049 4435 est
1066 4390 1160 4448 quanto
1177 4386 1208 4435 E:
1233 4397 1283 4434 cos.
1301 4389 1396 4446 quanto
1412 4386 1475 4446 PG;
1498 4388 1603 4452 prefuit
1623 4401 1672 4451 quc

339 4460 1215 4526 quento530mmdtutttquoquootoo-b.meius]msqlsli
1235 4459 1672 4514 -scomutonomE-soo

338 4539 388 4586 PG
406 4540 434 4586 et
449 4537 464 4585 4
481 4537 576 4598 Lagg:
595 4537 657 4584 duos
673 4535 763 4596 ESO,
782 4532 839 4584 rell.
854 4536 932 4599 Lagg.
948 4563 976 4572 -
994 4549 1133 4599 numquam
1144 4536 1233 4595 PGS,
1251 4546 1346 4585 omnes
1358 4535 1452 4598 legg:
1469 4544 1674 4602 mmqumrrpoet

337 4612 444 4661 Romam
459 4611 586 4660 conditum
601 4610 679 4660 Ero
696 4635 726 4646 —
746 4609 859 4659 0444040
877 4611 910 4659 E:
928 4624 1050 4674 pentano
1067 4614 1095 4674 P,
1114 4610 1163 4660 sed
1181 4610 1287 4673 antique
1304 4621 1386 4660 manu
1402 4623 1462 4662 voc.
1481 4611 1601 4666 deletum
1618 4617 1672 4675 est;
1706 4650 1707 4654 ,

338 4699 431 4749 margo
452 4684 534 4735 babet
554 4685 681 4746 00404440,
704 4686 734 4734 04
755 4684 797 4733 est
817 4685 841 4733 in
861 4686 896 4743 ῦς
922 4687 1031 4736 00004444
1053 4688 1079 4737 S.
1107 4684 1191 4736 codd.
1212 4697 1319 4748 quoque
1340 4686 1418 4750 Lngg.
1438 4699 1533 4740 omnes
1550 4689 1674 4742 mendosi

337 4765 408 4811 sunt.
429 4786 454 4798 -
477 4761 516 4810 40.
535 4764 595 4809 esset
610 4759 696 4810 consul
712 4760 746 4818 S;
765 4764 825 4808 esset
841 4772 895 4809 om.
915 4762 936 4810 G
954 4787 981 4796 —
1001 4763 1075 4827 quod]
1093 4775 1170 4824 quum
1186 4761 1274 4811 EF-
1293 4773 1353 4810 0440
1369 4761 1429 4810 F-
1448 4754 1515 4813 didit
1530 4762 1552 4812 si
1568 4763 1596 4814 id
1612 4767 1672 4818 E-

337 4837 379 4887 44.
397 4836 425 4885 44
440 4849 493 4898 rep.
510 4836 596 4899 400404
612 4836 632 4884 E
650 4834 722 4884 solus
739 4847 773 4884 ex
789 4835 870 4896 notis,
890 4837 1120 4899 quemadmodum
1137 4838 1163 4887 F.
1176 4837 1207 4887 Α.
1220 4834 1332 4887 Woifius
1349 4835 1485 4899 flagitavit.
1511 4839 1568 4889 Nec
1582 4841 1675 4892 temen

337 4909 415 4961 lectio
438 4911 560 4975 speciose
582 4911 735 4960 neccssaria
756 4909 875 4971 videtur;
902 4911 981 4962 codd.
1005 4913 1170 4978 reliquorum
1195 4912 1264 4961 hene
1281 4910 1364 4962 behet
1378 4910 1480 4962 bonam
1496 4913 1673 4967 sententiam:

336 4985 410 5049 quod
427 4988 489 5036 ente
507 4986 533 5034 in
549 4997 579 5033 re
596 4998 623 5048 p.
637 4998 691 5034 non
707 4984 807 5045 iuerat,
826 4988 856 5033 ut
867 4998 996 5050 umquem
1014 4989 1094 5040 ambo
1112 4986 1227 5051 improbi
1240 4988 1338 5038 essent.
1352 5012 1379 5021 -
1399 4986 1440 5036 43.
1452 4987 1569 5040 inbutus
1585 4991 1673 5051 Poe,

337 5060 458 5123 ibegg.:
475 5071 527 5108 404
542 5060 657 5108 inimicias
674 5060 704 5120 S,
723 5057 779 5109 rell.
792 5061 871 5123 Lagg.
885 5064 912 5110 et
928 5063 1072 5124 toxonn.;
1090 5064 1179 5113 044004
1195 5065 1215 5114 0
1233 5075 1295 5113 cum
1313 5060 1355 5112 ed.
1373 5064 1453 5125 lunt,
1472 5063 1545 5128 quod
1561 5065 1675 5117 Beckius

336 5133 454 5194 inclusit;
471 5134 544 5183 tomo
561 5135 676 5183 44444004
693 5136 761 5183 0004.
776 5136 912 5197 Garatoni,
931 5151 997 5187 eous
1008 5140 1120 5190 Ernesti.
1145 5139 1206 5190 Mihi
1222 5139 1338 5188 inimicus
1353 5137 1524 5191 manifestum
1540 5137 1675 5204 glossema

335 5208 450 5259 videtur.
470 5235 499 5246 -
519 5210 547 5259 44
562 5222 603 5260 me
624 5211 792 5260 commando
813 5210 889 5273 suerit
912 5213 932 5260 G
960 5239 987 5248 —
1012 5212 1053 5264 tl.
1076 5215 1298 5276 assotptoremeue
1318 5213 1365 5263 ES
1390 5240 1418 5251 -
1444 5215 1485 5265 tt.
1504 5215 1524 5265 tt
1545 5216 1626 5268 PGE
1648 5217 1676 5267 et

335 5285 398 5346 Lag.
418 5285 449 5334 40
467 5283 524 5347 (sed
541 5287 591 5336 PG
606 5299 641 5345 o,
665 5284 737 5348 quod
760 5286 839 5335 etiam
861 5287 886 5335 11
909 5285 998 5351 legere
1016 5290 1117 5353 possis;
1140 5290 1168 5339 in
1184 5291 1204 5339 P
1221 5292 1282 5340 ante
1299 5301 1422 5339 resurem
1438 5289 1474 5339 tu
1490 5289 1596 5356 iuerat:
1625 5291 1675 5344 duo

335 5357 392 5409 reli.
411 5360 501 5422 legg„
520 5360 566 5409 so
585 5385 612 5395 —
633 5365 765 5425 04000044
781 5362 801 5412 Ε
820 5387 848 5398 -
868 5362 909 5412 46.
925 5377 1024 5426 procus
1041 5366 1086 5415 PS
1105 5366 1132 5414 et
1148 5365 1226 5427 Lngg.
1246 5361 1413 5429 complures:
1429 5377 1529 5427 004000
1545 5366 1626 5418 GEO
1644 5391 1672 5403 -

336 5436 377 5485 47.
394 5436 487 5486 intueri
502 5436 574 5486 mei:
592 5437 657 5488 tucri
674 5437 734 5487 Oet
750 5439 855 5502 tLagg.
869 5437 934 5488 dett.
949 5462 978 5475 -
997 5439 1112 5488 sustineri
1129 5442 1148 5490 P
1163 5466 1198 5477 ·—
1214 5440 1254 5491 48.
1272 5440 1315 5490 sed
1331 5451 1385 5490 om.
1398 5441 1420 5489 G
1435 5463 1463 5474 -
1487 5440 1528 5489 49.
1545 5452 1586 5491 mc
1602 5442 1635 5492 P:
1657 5453 1676 5490 a

333 5515 374 5560 444
390 5522 450 5574 sup.
467 5507 523 5571 lin,
543 5511 621 5562 codd.
644 5510 701 5562 rell.
720 5515 747 5563 et
764 5514 799 5575 03
819 5515 852 5565 04,
870 5515 897 5564 40
914 5515 990 5565 verr.
1008 5514 1051 5578 lv,
1070 5514 1085 5578 5
1104 5513 1160 5564 443.
1174 5540 1204 5552 -
1222 5516 1262 5566 40.
1276 5514 1451 5565 rousteinus
1465 5517 1567 5567 444448
1580 5540 1608 5552 -
1625 5528 1675 5580 po-

333 5584 416 5635 scebat
429 5585 466 5646 E;
488 5587 648 5649 reposcebant
665 5589 698 5646 G;
718 5589 752 5638 04.
770 5602 797 5654 p.
816 5590 874 5651 ets,
893 5591 917 5640 9.
938 5615 968 5629 —-
985 5591 1026 5642 43.
1041 5603 1091 5639 404
1107 5590 1187 5640 soleam
1203 5604 1248 5641 suo
1264 5591 1282 5641 S
1301 5618 1328 5629 -
1346 5592 1388 5642 sed
1403 5592 1430 5640 44
1447 5595 1528 5641 vestm
1544 5590 1566 5642 E
1584 5615 1612 5627 -
1630 5588 1673 5642 44.

333 5659 474 5712 sotem.
489 5663 602 5724 Quonen
613 5664 641 5725 Ρ,
654 5668 684 5713 04
695 5661 911 5728 distinguendum
928 5678 990 5717 esse
1008 5664 1126 5717 Sevelius
1138 5666 1175 5729 (in
1192 5667 1235 5717 ed.
1249 5680 1296 5718 sue
1313 5666 1393 5717 buius
1410 5669 1477 5718 oret.
1492 5665 1584 5718 colon.
1599 5664 1673 5718 4800.

335 5733 371 5795 8.)
382 5734 461 5785 vidit:
479 5736 626 5788 0040444444·
644 5752 752 5801 quonam
766 5742 794 5790 et
805 5739 902 5791 deinde
914 5742 1007 5805 fefellit.
1026 5742 1087 5804 Quo
1103 5742 1168 5791 04444
1185 5744 1205 5793 0
1221 5768 1248 5779 -
1267 5743 1309 5795 it.
1328 5743 1393 5794 44444
1410 5755 1464 5793 om.
1483 5741 1500 5792 S
1519 5767 1546 5778 -
1565 5741 1634 5793 lllitss
1644 5741 1674 5792 E.

337 5807 377 5857 ct.
395 5810 457 5860 Tac.
475 5811 543 5862 Ann.
562 5814 598 5877 44,
618 5815 663 5864 ts:
690 5814 761 5864 40440
782 5815 839 5866 boni
856 5829 907 5880 ape.
934 5842 962 5854 -
985 5816 1027 5867 46.
1045 5815 1135 5866 babeat
1155 5816 1208 5867 Eri.
1232 5843 1259 5853 —
1283 5817 1325 5870 44.
1343 5817 1492 5868 comitanti
1509 5815 1608 5872 etPsl.
1627 5817 1676 5869 IX:

337 5887 586 5940 0444444040-
603 5901 635 5941 44
651 5889 875 5952 014400434-
894 5891 1357 5958 ssdopmtenpsrmums»
1376 5892 1418 5946 40.
1435 5893 1626 5950 4444444448.
