3800 7350
613 1209 687 1274 cu.
708 1208 960 1273 rau-xuni.
988 1206 1034 1293 §s
1057 1203 1245 1271 ios-iu.
1519 1205 1600 1273 rara

369 1375 440 1441 l08.
463 1378 526 1453 Qui
547 1399 622 1442 vero
642 1379 716 1442 inde
737 1378 857 1442 reditus
879 1378 1027 1442 Romami
1057 1397 1138 1461 quae
1160 1378 1354 1460 perturbatio
1377 1379 1474 1443 totius
1495 1378 1601 1443 urbisl

284 1474 526 1537 ldemineramus
542 1472 672 1536 Cinnam
694 1472 787 1535 nimis
805 1479 980 1555 potentem,
1003 1471 1121 1535 Sullam
1136 1479 1248 1554 postea
1262 1471 1485 1546 dominantem,
1506 1471 1602 1536 modo

283 1574 464 1650 regnantem
489 1565 651 1629 Caesarem
666 1566 852 1628 videramus.
884 1565 983 1627 Erant
1002 1564 1133 1629 fortasse
1149 1565 1259 1648 gladii,
1281 1566 1337 1630 sed
1351 1565 1528 1629 absconditi
1543 1585 1603 1629 nec

283 1662 326 1724 ita
350 1659 448 1722 multi.
480 1660 542 1721 lsta
562 1679 638 1723 vero
661 1679 741 1742 quae
764 1667 795 1722 et
817 1667 934 1744 quanta
957 1660 1099 1722 barbaria
1121 1659 1186 1723 estl
1208 1659 1341 1742 Agmine
1364 1659 1517 1743 quadrato
1531 1678 1600 1722 cum

282 1752 394 1836 gladiis
418 1759 608 1836 sequuntur:
631 1761 788 1817 scutorum
812 1753 937 1817 lecticas
961 1752 1076 1836 portari
1092 1753 1243 1817 videmus.
1274 1756 1377 1837 Atque
1398 1753 1450 1817 his
1471 1751 1625 1837 quidemo

282 1848 344 1910 iam
366 1846 563 1919 inveteratis,
592 1854 696 1930 patres
725 1847 910 1930 conscripti,
943 1847 1170 1910 consuetudine
1193 1846 1408 1910 obdurnimns.
1451 1846 1602 1911 Kalendis

281 1939 380 2003 Iuniis
402 1959 472 2002 cum
495 1939 528 2001 in
550 1948 711 2013 senatum,
733 1947 768 2002 ut
789 1949 855 2003 erat
869 1940 1091 2015 constitutum,
1114 1940 1221 2003 venire
1236 1939 1403 2022 vellemus,
1426 1948 1511 2004 metu
1531 1960 1602 2024 per·

282 2033 381 2096 territi
403 2041 533 2115 repente
555 2033 745 2113 diffugimus.
790 2028 860 2096 l09.
882 2035 923 2096 At
943 2035 1019 2108 iste,
1054 2035 1110 2118 qui
1132 2041 1244 2097 senatu
1265 2053 1330 2095 non
1352 2044 1475 2117 egeret,
1496 2056 1601 2118 neque

281 2127 471 2190 desideravit
486 2145 686 2210 quemquam,
709 2128 765 2190 sed
786 2128 890 2210 potius
910 2127 1050 2190 discessu
1073 2135 1181 2191 nostro
1202 2127 1332 2190 laetatus
1352 2136 1409 2203 est,
1431 2132 1601 2213 statimque

280 2220 335 2284 illa
356 2221 509 2284 mirabilia
529 2219 670 2283 iacinora
692 2221 804 2285 effecit.
840 2221 902 2297 Qui
925 2221 1134 2305 chirographa
1150 2221 1295 2285 Caesaris
1314 2221 1507 2286 defendisset
1522 2222 1639 2286 luorito

280 2314 329 2376 sui
351 2333 462 2389 causa,
483 2316 510 2377 is
531 2315 616 2396 leges
640 2315 780 2378 Caesaris
804 2333 921 2398 easque
943 2315 1137 2397 praeclaras,
1158 2323 1280 2378 utrem
1303 2315 1459 2396 publicam
1488 2334 1603 2379 coucu-

280 2417 346 2471 tere
376 2416 498 2490 posset,
527 2409 649 2472 evertit
689 2410 861 2472 Numerum
888 2428 1043 2471 annorum
1075 2409 1242 2493 provinciis
1274 2409 1472 2491 prorogavit,
1502 2409 1602 2473 idem·

280 2520 358 2585 que,
390 2521 459 2565 cum
490 2509 629 2565 actorum
660 2502 802 2566 Caesaris
836 2502 983 2566 defensor
1013 2523 1083 2566 esse
1116 2501 1269 2577 deberet,
1293 2512 1326 2566 et
1350 2503 1383 2566 in
1409 2503 1545 2586 publicis
1571 2509 1603 2567 et

279 2601 311 2662 in
334 2596 463 2680 privatis
485 2596 578 2659 rebus
599 2604 669 2659 acta
692 2596 832 2659 Caesaris
861 2596 999 2660 rescidit.
1045 2598 1081 2661 ln
1111 2596 1351 2680 publicis-nibil
1372 2604 1420 2660 est
1442 2595 1510 2680 lege
1531 2616 1602 2681 gra·

278 2692 367 2763 vius,
390 2690 422 2751 in
445 2690 572 2772 privatis
594 2686 807 2753 firmissimum
829 2699 877 2753 est
899 2697 1130 2754 testamentum.
1163 2691 1263 2772 Leges
1284 2690 1362 2754 alias
1376 2691 1445 2754 sine
1462 2690 1638 2773 promul-so

278 2785 404 2867 gatione
431 2782 585 2857 sustulit,
605 2784 685 2847 alias
714 2791 748 2847 ut
777 2783 916 2858 tolleret,
946 2784 1167 2867 promulgavit.
1210 2786 1443 2848 Testamentum
1478 2785 1601 2847 irritum

277 2879 371 2952 iecit,
404 2878 489 2961 quod
512 2877 605 2940 etiam
628 2874 743 2941 intimis
766 2878 883 2940 civibus
905 2897 1029 2961 semper
1052 2878 1213 2941 obtentum
1235 2886 1292 2941 est
1338 2879 1449 2961 Signa,
1469 2878 1600 2953 tabulas,

277 2992 356 3055 quas
384 2972 502 3054 populo
532 2970 646 3034 Caesar
672 2992 735 3033 una
764 2991 834 3034 cum
857 2971 957 3033 bortis
986 2972 1118 3054 legavit,
1147 2991 1200 3035 eas
1230 2971 1280 3034 bic
1302 2972 1416 3055 partim
1438 2972 1470 3034 in
1491 2971 1600 3035 bortos

277 3065 406 3148 Pompei
429 3063 622 3147 deportavit,
645 3066 757 3148 partim
780 3066 814 3127 in
838 3064 943 3127 villam
966 3065 1134 3148 Scipionis.

361 3160 470 3225 XLlll.
493 3154 564 3221 tio.
585 3160 626 3222 Et
647 3166 681 3222 tu
703 3161 736 3221 in
754 3159 896 3222 Caesaris
919 3159 1070 3224 memoria
1084 3159 1241 3241 diligenst
1264 3166 1298 3222 tu
1312 3159 1402 3221 illum
1417 3179 1503 3223 amas
1518 3174 1637 3223 mor-ao

277 3255 387 3316 tuumt
420 3253 521 3329 Quem
551 3254 578 3315 is
605 3253 757 3316 bonorem
788 3253 938 3316 maiorem
961 3261 1150 3315 consecutus
1173 3262 1255 3327 erat,
1286 3271 1382 3336 quam
1410 3260 1446 3315 ut
1470 3254 1601 3317 haberet

224 3419 227 3427 Ι
276 3346 438 3428 pulvinar,
467 3347 686 3420 simulacrum,
715 3346 890 3429 fastigium,
921 3347 1102 3410 flaminem?
1132 3347 1190 3411 Est
1211 3367 1287 3430 ergo
1309 3350 1439 3422 flamen,
1466 3347 1600 3423 utlovi,

276 3447 310 3504 ut
331 3442 439 3516 Marti,
467 3448 502 3503 ut
524 3440 675 3515 Quirino,
703 3442 749 3504 sic
776 3440 849 3505 divo
879 3440 960 3504 lulio
982 3441 1024 3504 ni.
1045 3443 1211 3504 Antonius.
1251 3441 1336 3517 Quid
1357 3441 1452 3523 igitur
1472 3443 1601 3505 cessas?

275 3555 331 3597 cur
352 3556 416 3598 non
438 3535 656 3618 inauguraris?
680 3534 775 3597 Sume
790 3534 883 3608 diem,
906 3534 979 3597 vide
994 3536 1049 3618 qui
1069 3542 1100 3598 te
1115 3535 1297 3618 inauguret:
1320 3535 1459 3618 collegae
1474 3554 1600 3610 sumus3

276 3649 369 3693 nemo
392 3628 527 3712 negabit.
561 3628 588 3692 0
611 3628 828 3692 detestabilem
850 3627 1028 3703 hominem,
1049 3629 1116 3692 sive
1131 3630 1216 3712 quod
1233 3629 1374 3693 Caesaris
1395 3630 1540 3694 sacerdos
1555 3644 1637 3705 esso

274 3725 341 3787 sive
363 3724 448 3808 quod
472 3723 602 3787 mortuil
626 3722 752 3798 Quaero
768 3723 933 3805 deinceps,
956 3743 1030 3785 num
1055 3722 1226 3787 bodiernus
1242 3723 1309 3786 dies
1325 3725 1380 3807 qui
1399 3723 1440 3786 sit
1453 3723 1600 3805 ignores?

273 3818 382 3880 Nescis
410 3817 477 3881 beri
502 3825 648 3899 quartum
679 3818 713 3879 in
736 3818 817 3880 circo
842 3816 924 3880 diem
948 3815 1095 3878 ludorum
1118 3819 1331 3881 Romanorum
1353 3817 1471 3880 luisset
1493 3825 1523 3880 te
1544 3837 1600 3881 au·

274 3918 336 3972 tem
358 3911 461 3992 ipsum
487 3910 526 3973 ad
548 3911 701 3993 populum
723 3912 833 3973 tulisse
855 3917 891 3972 ut
913 3911 1045 3993 quintus
1067 3918 1230 3993 praeterea
1252 3911 1319 3975 dies
1335 3910 1460 3975 Caesari
1481 3911 1601 3974 tribue·

273 4008 380 4066 retur?
404 4003 467 4065 Cur
487 4024 552 4066 non
575 4024 684 4067 sumus
708 4004 919 4089 praetextati?
942 4024 997 4067 cur
1014 4003 1167 4067 honorem
1183 4005 1325 4068 Caesaris
1341 4013 1392 4067 tua
1407 4005 1477 4088 lege
1491 4006 1600 4070 datum

274 4099 377 4160 deseri
399 4099 558 4180 patimurt
587 4116 628 4159 an
649 4086 1064 4183 supplicationsfadocndo
1087 4096 1170 4161 diem
1193 4098 1396 4162 contaminari
1420 4119 1533 4183 passus
1554 4115 1637 4176 es,eo

274 4190 450 4274 pulvinaria
473 4191 678 4255 contaminari
702 4192 853 4255 noluisti?
875 4195 939 4254 Aut
960 4191 1101 4275 undique
1123 4192 1308 4275 religionem
1331 4193 1407 4257 tolle
1425 4201 1482 4258 aut
1495 4214 1599 4279 usque

273 4303 400 4369 quaque
423 4303 581 4348 conserva.
601 4281 697 4396 Vm·
713 4285 849 4361 Quaeris
870 4285 1034 4370 placeatne
1056 4284 1134 4348 mihi
1156 4285 1304 4368 pulvinar
1326 4286 1598 4370 esse,1'astigium'.

337 4641 361 4690 4.
379 4640 436 4690 luds
451 4640 545 4688 reditus
560 4638 596 4688 V:
619 4638 713 4688 44444444
728 4639 785 4688 iudo
801 4640 822 4688 ii
840 4663 867 4673 -
891 4638 917 4688 4.
935 4638 952 4687 t.
970 4638 1055 4688 444444
1070 4637 1093 4687 V
1113 4664 1139 4674 -
1159 4637 1251 4699 spitum
1270 4637 1307 4699 (V)
1326 4634 1368 4687 vel
1384 4638 1470 4688 4444444
1486 4639 1547 4688 mel.
1567 4664 1595 4675 -

271 4716 294 4766 3.
314 4728 440 4765 caesaram
455 4719 600 4778 ragnarius
616 4726 630 4763 a
640 4726 657 4776 g
675 4741 703 4750 -
721 4719 776 4764 erat
791 4713 896 4776 sortasse
911 4715 1004 4777 gladiis
1020 4715 1041 4763 V
1059 4740 1087 4750 -
1110 4715 1153 4763 sed
1170 4713 1204 4762 V:
1229 4713 1271 4762 scd
1288 4717 1370 4763 444444
1387 4715 1422 4772 ὓς
1440 4713 1482 4764 sed
1497 4713 1516 4761 ii
1533 4712 1595 4763 cod.

271 4789 354 4841 Colot.
365 4817 392 4825 -
411 4789 532 4839 mcoudiii
548 4791 559 4838 t
577 4814 604 4824 -
623 4787 647 4838 i.
666 4787 807 4838 barbariast
823 4788 845 4836 V
859 4815 885 4823 -
904 4790 929 4838 5.
946 4786 1167 4840 secunturVabt
1182 4815 1216 4826 -
1230 4789 1321 4839 4444444
1335 4789 1425 4838 44444444
1440 4787 1539 4838 44444444
1554 4799 1597 4851 ag

273 4892 300 4902 -
320 4865 345 4914 6.
364 4863 507 4914 obducimus
523 4863 544 4912 V
562 4889 589 4898 -
610 4863 635 4913 7.
653 4867 709 4913 uter
729 4863 763 4911 ad
779 4863 938 4913 coustitutum
963 4865 985 4911 V
1007 4891 1034 4900 -
1057 4865 1082 4916 8.
1100 4869 1181 4927 repete
1200 4864 1237 4921 V:
1265 4876 1317 4914 om.
1337 4864 1348 4912 4
1371 4889 1398 4899 -
1422 4863 1446 4913 0.
1464 4862 1506 4912 sod
1529 4863 1596 4912 scri-

271 4938 324 5003 psi:
344 4943 379 4988 444
395 4938 429 4995 V;
447 4943 471 4988 44
487 4938 547 4988 00.
566 4938 594 4987 ln
611 4937 749 5000 partitione
766 4934 816 4987 sibi
834 4937 996 5002 respondent
1012 4951 1111 5000 44444
1126 4939 1273 4989 maturauit
1290 4950 1439 5001 quemquam
1456 4940 1482 4988 et
1498 4937 1598 4988 4444444-

270 5027 329 5076 pus
345 5015 436 5077 effecit3
456 5013 490 5064 ct.
509 5012 602 5063 ttondit
619 5013 693 5062 Turs.
712 5011 755 5074 tV,
772 5025 799 5077 p.
818 5013 874 5064 434.
896 5041 923 5049 -
942 5014 1028 5063 statim
1045 5028 1109 5077 quac
1125 5017 1136 5064 t
1154 5041 1182 5051 -
1201 5014 1241 5064 40.
1258 5012 1395 5077 4444444444
1410 5012 1434 5063 V
1452 5039 1478 5050 -
1499 5013 1539 5062 44.
1557 5026 1600 5065 aas

274 5103 338 5151 quas
355 5089 376 5137 V
392 5114 426 5126 -
443 5089 482 5138 44.
499 5088 629 5151 prouincia
644 5088 667 5136 V
685 5112 712 5122 -
731 5087 772 5139 43.
791 5089 928 5152 defensores
943 5091 987 5140 scd
1002 5090 1067 5141 beret
1083 5090 1106 5139 V
1119 5116 1146 5126 —
1165 5089 1261 5139 deberet
1276 5101 1333 5138 44444
1346 5088 1452 5151 publicis
1468 5094 1491 5139 44
1503 5089 1600 5152 444444

271 5191 299 5201 -
319 5164 360 5215 44.
378 5164 494 5214 4444444444
509 5163 571 5211 V-
590 5165 617 5212 44
630 5162 735 5225 publicis
750 5164 787 5213 V:
806 5165 833 5214 44
846 5165 952 5228 publicis
972 5167 1034 5216 actis
1051 5167 1072 5216 D
1086 5190 1113 5201 -
1133 5166 1172 5214 45.
1184 5164 1374 5227 fimitisatustuu
1389 5167 1401 5213 t
1418 5190 1445 5201 -
1464 5169 1499 5214 444
1516 5177 1597 5214 om.a

256 5266 298 5292 .—
312 5239 377 5288 alias
392 5240 427 5288 D:
445 5252 492 5287 uas
503 5239 533 5298 V;
554 5238 612 5288 lori.
631 5238 729 5299 aliquas
739 5263 767 5276 -
786 5240 827 5290 46.
838 5240 932 5290 tollerat
945 5239 1121 5303 proasutpatas
1134 5239 1305 5302 promulgautt
1320 5252 1401 5303 ag-
1416 5239 1457 5289 47.
1473 5244 1599 5302 optentum

271 5314 333 5362 v-
354 5313 393 5363 48.
412 5314 472 5363 ortis
488 5315 509 5363 V
526 5339 552 5352 -
570 5314 665 5376 partim
681 5313 750 5363 bico
770 5341 797 5352 -
816 5316 857 5366 40.
876 5312 903 5365 tia
917 5320 978 5367 ante
996 5316 1098 5365 4444444
1121 5341 1147 5351 -
1173 5314 1321 5363 4444444441
1345 5342 1372 5351 -
1400 5314 1441 5364 44.
1460 5327 1560 5364 4444444
1576 5314 1598 5364 V

272 5391 399 5448 (maiorem
415 5389 472 5438 444.
490 5389 539 5450 ag]
560 5415 586 5423 —
614 5388 655 5438 44.
673 5388 741 5452 ergo]
759 5389 825 5438 euim
841 5392 852 5439 t
870 5414 897 5427 —
917 5391 958 5440 43,
976 5391 1012 5439 stc
1022 5391 1045 5438 V
1061 5403 1130 5440 corr.
1150 5402 1182 5440 ax
1199 5395 1246 5449 444;
1264 5389 1327 5441 sicut
1342 5389 1361 5439 b
1376 5418 1402 5427 -
1421 5401 1508 5439 444444
1523 5390 1555 5439 V¹
1570 5418 1597 5428 -

270 5464 310 5515 44.
329 5463 493 5526 inauguraris
509 5475 571 5512 nos:
590 5464 763 5526 inauguraras
779 5463 815 5520 νς
833 5465 990 5527 inaugurare
1006 5464 1056 5514 iio
1071 5490 1097 5499 -
1116 5463 1173 5515 uide
1188 5465 1211 5513 V
1227 5477 1297 5514 corr.
1311 5477 1343 5514 ex
1359 5464 1387 5514 ui
1402 5493 1436 5502 -
1451 5466 1549 5530 4444444
1559 5466 1596 5522 44;

270 5540 348 5590 cottae
365 5541 375 5588 t
393 5563 419 5574 -
439 5540 480 5589 444.
498 5538 601 5601 negauit
617 5537 681 5587 Vat
697 5563 724 5573 -
745 5537 1038 5601 destabitcmv-quod
1055 5540 1093 5589 D:
1112 5552 1140 5590 44
1157 5540 1299 5602 quodv-
1316 5540 1476 5591 04444444444
1495 5542 1598 5602 4444444

270 5615 365 5663 lio-
381 5609 395 5664 i
412 5612 552 5664 Vmiiu
569 5624 633 5668 ros.;
651 5618 686 5662 esi
702 5614 723 5662 l)
740 5639 773 5649 -
790 5613 831 5663 40.
848 5614 989 5677 4444444444
1005 5613 1067 5662 V·
1087 5615 1138 5665 diss
1153 5616 1230 5666 om.t
1247 5642 1280 5652 —
1296 5615 1336 5666 44.
1353 5620 1473 5682 guastum
1488 5614 1597 5665 iddcirco

270 5687 459 5737 b-romauo
480 5690 540 5738 t-
564 5686 1238 5740 28.aicesv-ae.simusi-Cauaiisv1iiz
1262 5689 1364 5740 Caesari
1386 5688 1597 5741 0-adtumV

269 5789 302 5798 —
319 5762 359 5811 30.
377 5762 564 5825 supplicationis
580 5762 618 5813 bt
634 5791 667 5800 -
683 5777 709 5813 es
725 5775 779 5813 om.
797 5776 840 5826 ag
858 5790 884 5799 -
905 5764 944 5814 34.
964 5764 1132 5815 444444444444
1148 5765 1249 5815 44444444
1264 5766 1300 5815 V:
1318 5765 1418 5816 uoluisti
1435 5763 1536 5815 140-
1552 5767 1598 5814 aut

269 5837 303 5885 ad
319 5849 396 5898 44444
412 5849 512 5900 quaque
527 5837 564 5898 V;
583 5843 628 5888 out
643 5850 771 5902 uusquequo
787 5851 804 5904 g
820 5863 854 5875 -
870 5836 910 5888 34.
929 5839 1029 5902 guarus
1046 5839 1081 5890 V:
1100 5852 1206 5904 4444444
1222 5839 1283 5894 440.
