3800 7350
746 1195 819 1260 en.
841 1196 896 1259 xr.
924 1191 970 1278 §s
993 1190 1142 1258 ss-so.
1235 1189 1246 1202 ⁴
1523 1190 1606 1259 rasa

283 1388 346 1453 qus
367 1386 386 1431 s
408 1367 523 1451 quibus
550 1365 695 1429 rideatur
722 1363 762 1428 ad
790 1384 856 1427 rem
885 1364 1052 1427 militarem
1081 1371 1204 1427 mutuas
1226 1373 1330 1428 sumat
1349 1363 1606 1450 frumentumque

282 1463 416 1545 imperet
445 1479 640 1544 operamque
670 1459 724 1521 det
751 1464 788 1521 ut
808 1478 879 1521 cum
907 1459 973 1521 suis
995 1458 1095 1541 copiis
1117 1477 1210 1542 quam
1233 1459 1379 1542 proxima
1399 1461 1522 1524 ltaliam
1544 1460 1606 1524 sit:

282 1575 419 1639 eumque
447 1574 488 1617 ex
515 1554 628 1617 titteris
659 1553 697 1628 Q.
722 1553 889 1636 Caepionis
919 1552 1007 1616 Bruti
1035 1552 1245 1635 proconsule
1267 1553 1461 1617 intellectum
1483 1555 1538 1630 sit,
1567 1555 1606 1631 Q.

282 1649 444 1714 Hortensii
476 1668 534 1732 pro
561 1647 692 1712 consula
716 1666 813 1729 opera
834 1654 865 1710 et
886 1648 1002 1710 virtute
1023 1647 1226 1710 vehementer
1246 1667 1313 1710 rem
1339 1648 1497 1730 publicam
1518 1650 1608 1713 adiu-

282 1752 346 1808 tsm
378 1742 550 1826 omniaque
578 1744 646 1805 eius
679 1740 810 1805 consilia
834 1762 903 1805 oum
926 1740 1068 1804 consiliis
1091 1740 1129 1816 Q.
1153 1740 1321 1824 Caepionis
1342 1742 1429 1805 Bruti
1450 1762 1510 1826 pro
1532 1757 1630 1807 oon-a

282 1838 351 1902 suls
383 1838 553 1901 coniuncta
574 1836 688 1911 fuisse,
719 1854 853 1919 eamque
874 1855 939 1898 rem
962 1854 1076 1918 magno
1098 1835 1168 1898 usui
1189 1835 1235 1899 rei
1256 1835 1402 1919 publicae
1422 1834 1539 1899 fuisse:
1566 1837 1606 1913 Q.

280 1931 484 1996 Hortensium
507 1950 565 2013 pro
588 1930 718 1995 consula
740 1937 825 1992 reete
847 1936 878 1991 et
899 1928 1010 1992 ordine
1031 1949 1136 2013 exque
1156 1949 1191 1992 re
1215 1929 1342 2012 publica
1362 1929 1492 2006 fecisse,
1514 1952 1607 1995 sena·

281 2028 392 2110 tuique
418 2026 545 2109 placere
574 2025 612 2101 Q.
634 2025 837 2087 Hortensium
866 2042 922 2106 pro
952 2024 1084 2087 consulo
1107 2043 1177 2086 cum
1201 2033 1369 2106 quaestore
1390 2044 1486 2108 prove
1509 2046 1607 2110 quae·

280 2126 367 2184 storo
390 2126 422 2183 et
448 2120 559 2203 legatis
581 2120 648 2184 suis
670 2120 863 2202 provinciam
885 2118 1102 2181 Macedoniam
1124 2118 1286 2193 obtinere,
1314 2120 1419 2203 quoad
1442 2121 1472 2183 ei
1494 2139 1535 2183 ox
1556 2141 1606 2184 se-

281 2220 374 2276 natus
395 2213 539 2277 consulto
561 2232 743 2277 successum
764 2212 814 2275 sis.
1615 2230 1643 2277 so

347 2483 371 2531 t.
388 2481 489 2532 uidetur
505 2494 546 2544 ag
564 2493 592 2518 ‘-
610 2482 675 2531 ostiti
691 2486 833 2531 mmsis
853 2509 879 2519 -
898 2483 1001 2544 imperat
1015 2483 1192 2545 qummsumq.
1211 2482 1249 2539 V;
1268 2484 1420 2545 [nmmos
1436 2484 1539 2546 tsnpmt
1554 2486 1606 2535 ΒΟ

284 2584 311 2595 -
329 2557 354 2606 2.
372 2558 483 2607 datom.
503 2560 514 2605 t
533 2584 559 2593 -
577 2556 775 2613 usitatiorum
793 2556 1035 2620 saeuusog-
1055 2556 1079 2605 ³.
1098 2569 1230 2607 noma
1250 2582 1275 2594 -
1298 2556 1337 2621 0.]
1355 2558 1497 2619 qaaav-
1515 2558 1606 2614 sest.

281 2631 404 2694 cospiouts
420 2630 442 2680 V
460 2655 487 2666 -
506 2631 635 2692 Meti.
652 2633 786 2694 procosv
805 2658 831 2668 -
851 2632 875 2683 i.
893 2632 1001 2681 hortensi
1017 2630 1100 2682 sb·-
1120 2632 1282 2695 opsrstv-
1300 2634 1325 2683 5.
1343 2633 1604 2700 wmeonsatisw-

256 2757 261 2762 ,
282 2709 306 2759 6.
323 2707 432 2769 Μυσίᾳ.
451 2719 555 2767 eamque
570 2707 592 2755 V
611 2734 638 2743 -
656 2710 804 2772 moqnosuir
816 2721 844 2770 ρ.
856 2708 931 2771 saissa
946 2707 1008 2756 V-
1029 2709 1058 2769 0.
1071 2721 1126 2757 orn.
1140 2708 1161 2757 V
1174 2734 1201 2743 -
1220 2708 1245 2757 i.
1263 2721 1297 2758 aa
1313 2722 1341 2758 rs
1358 2712 1368 2758 t
1385 2734 1412 2745 -
1432 2709 1457 2759 8.
1471 2710 1606 2771 proconsul

281 2783 343 2832 V·
362 2795 419 2831 eum
436 2787 566 2843 quaestore
578 2796 656 2846 provo
673 2790 803 2845 quaestore
819 2784 1022 2835 Mommsenius:
1040 2797 1097 2833 essm
1108 2782 1260 2844 quaestoribus
1272 2796 1352 2845 prosse
1362 2789 1486 2846 questurus
1495 2783 1530 2841 νς
1549 2797 1606 2832 mam

281 2871 306 2920 q.
323 2870 406 2920 prosas
424 2870 449 2919 q.
470 2859 495 2915 ις
518 2870 575 2907 cum
594 2872 619 2919 q.
638 2859 739 2919 eopiosa
756 2871 854 2920 procos.
876 2857 958 2921 οδω
983 2871 1040 2908 eam
1063 2859 1233 2921 quaestoribus
1251 2872 1329 2922 provo
1350 2858 1556 2921 quocoomouso
1576 2885 1603 2895 -

281 2952 306 3002 9.
318 2952 429 3014 msam
439 2965 496 3044 αἱ
509 2956 585 3035 qaoqt
597 2952 618 2999 v
630 2979 655 2987 -
676 2953 720 3045 ⁴st
729 2952 913 3017 mustuosis
925 2952 946 3001 V
961 2978 988 2990 -
1006 2953 1043 3003 it.
1056 2953 1128 3004 tosus
1144 2953 1278 3006 cressonis
1294 2964 1494 3006 asnrrrrcssus
1510 2936 1565 3003 ni.
1576 2961 1603 2999 r.

280 3056 396 3096 muers
410 3045 504 3097 lucrer.
522 3045 577 3095 trs.
589 3057 625 3095 rr.
642 3056 725 3097 rssrc.
744 3045 775 3097 V.
